3316 5474
666 392 953 449 uuruoeuarffla
1420 389 1463 452 99

157 513 180 548 p.
195 500 255 538 esse.
268 499 295 538 ss
310 499 334 536 P.

249 584 352 661 Terga
373 582 500 641 bominis
528 589 655 659 lanium,
684 579 873 657 singulariter
902 585 1017 656 tergum
1043 577 1119 635 lacit.
1161 573 1386 654 quadrupedum
1413 573 1470 632 erit

161 700 271 771 tergus,
295 688 449 770 pluraliter
472 697 600 767 tergora,
624 686 652 746 id
677 693 723 745 esi
746 688 834 745 coria.
872 693 958 762 legus
983 702 1100 762 quoque
1125 684 1242 743 invenio
1265 682 1324 741 dici
1348 691 1378 741 et
1401 699 1466 740 esse
1493 712 1498 732 ι

160 801 226 858 eius
250 797 363 877 plurale
387 805 497 875 tegora.

251 902 345 964 Noctu
375 905 517 982 temporis
546 910 590 961 est
620 900 806 980 adverbium3
839 907 926 959 nocto
955 915 1063 957 nomon
1096 905 1150 957 esi.
1192 890 1315 955 ‘noctu'
1344 894 1469 955 dicimus

132 1006 306 1073 s‘eeuari':
331 1006 402 1069 ‘bac
426 1002 531 1069 uoctc’
556 1007 681 1067 dicimus
706 1002 795 1066 ‘nihil
819 1000 964 1066 brerius'.

251 1116 409 1177 Commoda
425 1113 562 1196 χρῆσον,
585 1115 614 1175 id
635 1122 680 1174 est
698 1120 829 1193 praesta3
853 1111 1041 1173 accommoda
1061 1118 1127 1189 apta
1146 1101 1211 1170 ἀπὸ
1226 1108 1287 1171 τοῦ
1301 1100 1470 1188 ἁρμόζειν,

163 1225 193 1285 id
218 1235 265 1284 est
289 1235 434 1304 coaptare.

252 1331 322 1391 Olea
347 1330 435 1390 arbor
460 1339 514 1410 est,
537 1329 611 1389 oliva
635 1331 724 1408 letus,
747 1327 846 1388 oleum
871 1326 977 1405 liquor.
1003 1320 1007 1408 l

254 1439 384 1498 Flemina
408 1446 487 1519 suut,
512 1437 564 1497 ubi
582 1436 733 1509 abundant
751 1452 840 1495 crura
859 1435 1015 1513 sanguiue5
1039 1433 1175 1515 plemiua,
1199 1437 1315 1495 cumin
1336 1433 1471 1495 manibus

121 1569 149 1607 ιο
164 1545 210 1605 vel
234 1545 360 1625 pedibus
383 1545 483 1605 callosi
507 1543 582 1604 sulci
606 1551 684 1602 sunt.

255 1652 362 1714 Vorlex
386 1653 516 1712 lluminis
539 1658 594 1730 esi,
617 1659 719 1711 vertex
743 1651 857 1728 eapitis.

254 1759 336 1821 Licet
359 1752 446 1838 ἐξόν,
469 1760 563 1837 liquet
585 1755 691 1837 δῆλον
713 1750 885 1835 προφανές
908 1754 1057 1834 [apertum
1081 1754 1126 1815 vel
1149 1755 1360 1832 manifestum}

326 1875 487 1954 Pauperies
511 1874 651 1935 damnum
675 1882 735 1954 est,
759 1881 917 1952 paupertas
942 1872 1076 1932 condicio
1101 1874 1172 1952 ipsa.

255 1989 372 2050 Foedus
396 1994 528 2052 sancitur
552 1991 704 2070 religione,
727 1998 757 2049 al
782 1990 902 2067 sponsio
926 2005 1020 2067 poena
1044 1996 1098 2047 est.

125 2119 152 2158 ιε
256 2098 396 2158 Mammas
419 2117 485 2158 esse
510 2096 637 2156 hominis
661 2099 745 2177 scito,
769 2104 800 2156 at
822 2094 946 2175 pecudis
969 2093 1069 2155 ubera.

255 2205 365 2266 Brrcina
398 2207 455 2264 erit
488 2202 571 2285 tuba,
604 2222 661 2282 qua
699 2205 817 2282 siguum
850 2201 900 2262 dat
932 2200 1102 2280 bucinator5
1134 2199 1263 2263 bucinus
1291 2205 1354 2282 ipse
1384 2221 1474 2263 canor

166 2313 264 2372 editus
288 2331 324 2372 ex
347 2311 410 2372 bac.

327 2421 349 2478 l
373 2421 467 2498 patria
490 2421 619 2498 patrium
643 2418 741 2498 diem,
764 2436 780 2477 a
804 2425 887 2495 patre
912 2426 1079 2496 palernum.

256 2526 367 2587 Precor
389 2544 546 2605 prospera,
570 2528 708 2605 inprecor
733 2532 833 2584 taetra.

126 2652 154 2690 so
258 2633 332 2694 Dum
357 2641 468 2712 manat,
492 2634 612 2710 sanguis
636 2640 695 2711 est;
719 2632 831 2692 ellusus
855 2650 926 2692 vero
950 2650 1041 2692 cruor
1064 2634 1129 2692 orii.

258 2741 408 2802 Sumimus
423 2742 488 2820 ipsi,
507 2740 669 2817 accipimus
689 2736 724 2798 ab
743 2737 808 2798 alio.
841 2741 884 2799 sic
904 2757 971 2800 cum
991 2737 1135 2818 dabimus
1154 2737 1312 2799 dicendum
1332 2734 1475 2820 ‘aecipc';

169 2866 237 2908 cum
261 2848 459 2927 permittimus
483 2849 539 2925 ipsi
565 2846 678 2922 tollere,
701 2844 860 2905 dicendum
884 2855 930 2906 esi
954 2840 1081 2906 ‘sume'.

258 2955 338 3014 Pone
362 2953 419 3012 loci
443 2952 614 3012 adverbium
638 2960 700 3033 est,
724 2961 790 3031 post
815 2954 973 3033 temporis,
996 2959 1152 3031 postsecus
1176 2954 1296 3012 omuino
1321 2952 1393 3012 nibil
1423 2960 1475 3012 est.

258 3059 384 3120 Barbam
407 3060 578 3140 homiuum,
602 3058 708 3119 barbas
731 3057 880 3138 pecudum
905 3057 1039 3118 dicimus.

243 3313 255 3359 1
276 3303 397 3359 hominis
416 3305 526 3357 tentum
546 3301 725 3373 singulariter
743 3302 855 3355 tantum
873 3303 984 3370 tergum
1005 3301 1043 3354 M
1095 3302 1218 3373 tuntum]
1238 3305 1319 3358 tenta
1332 3318 1401 3359 corr.
1416 3305 1477 3357 lan·

170 3389 230 3440 tum
244 3385 272 3437 Β
322 3391 338 3438 2
353 3387 434 3451 tegus
449 3399 560 3452 quoqne
577 3383 614 3436 M
626 3385 721 3450 tergus
737 3383 848 3449 quoque
861 3378 920 3432 ΒΟ
967 3387 982 3433 3
997 3383 1096 3452 tegora
1111 3383 1148 3435 M
1161 3385 1273 3452 tergora
1286 3385 1314 3438 Β
1327 3384 1480 3455 tergan

224 3473 240 3519 6
259 3463 411 3518 Commoda
424 3461 454 3515 id
468 3464 511 3516 est
526 3463 693 3516 ΚΟΟΝΙΚΟΝ
708 3459 738 3514 id
753 3463 796 3515 est
814 3463 908 3530 presta
923 3463 1102 3518 accommoda
1122 3466 1190 3533 spis
1203 3461 1476 3524 uuorooruozm

170 3545 199 3599 id
218 3547 261 3599 est
281 3545 413 3612 coaptare
440 3543 478 3596 M
499 3542 652 3597 Commoda
671 3542 838 3596 ΧΡΟΝΙΚΟΝ
864 3542 1001 3597 acomoda
1021 3545 1089 3611 spis
1109 3545 1183 3599 ΛΠΟ
1203 3546 1274 3600 ΤΟΥ
1295 3547 1477 3600 ΛΘΛΛΟΖΕΝ
1530 3532 1533 3535 ’

170 3688 198 3741 Β
221 3686 368 3741 commoda
394 3685 488 3740 idest
516 3686 619 3754 χρῆσον
643 3686 825 3741 accommoda
847 3643 1032 3755 (aeqiaomods
1056 3685 1092 3753 0)
1121 3690 1190 3757 spts
1214 3705 1275 3742 cum
1301 3689 1430 3744 Patrobio
1456 3687 1480 3742 0

224 3774 240 3822 8
265 3767 334 3821 Olea
357 3766 440 3819 arbor
457 3766 501 3818 est
524 3764 600 3819 olins
624 3765 714 3821 foetus
738 3767 786 3821 Be
813 3765 876 3820 oles
894 3762 977 3819 arbor
996 3768 1040 3820 est
1063 3767 1126 3822 olea
1149 3768 1240 3825 foetus
1260 3770 1284 3823 0
1301 3771 1377 3824 olins
1396 3770 1479 3823 arbor

171 3849 214 3902 est
233 3847 295 3901 oles
313 3846 385 3899 fetus
405 3845 442 3897 M
503 3851 519 3898 9
539 3847 604 3898 sunt
620 3851 682 3912 posi
700 3847 813 3901 flemina
831 3863 881 3902 oni.
902 3845 924 3899 G
989 3853 1021 3900 12
1041 3846 1123 3902 Licet
1136 3849 1226 3904 ΕΖΟΝ
1246 3850 1337 3919 liquet
1351 3851 1476 3908 Atilium

170 3927 316 3981 ΤΥΡΥΜΗ
336 3926 463 3993 apertum
477 3923 525 3976 uel
540 3923 720 3979 manifestum
736 3927 773 3980 M
789 3927 856 3980 licet
871 3943 947 3981 ozon
962 3928 1031 3992 (uno
1050 3925 1142 3982 littera
1155 3934 1221 3997 post
1238 3945 1254 3983 o
1272 3931 1369 3997 ridete)
1388 3929 1477 3999 liquet

171 4007 290 4061 ΛΝΔΟΝ
309 4001 489 4062 oportue(
509 4003 617 4058 Clieet
636 4001 704 4058 ἔστω
723 4005 815 4074 liquet
833 4005 920 4074 δῆλον
939 4005 1205 4077 cooperuimuste.
1224 4010 1251 4062 Β
1258 4025 1274 4067 ς
1364 4016 1396 4064 13
1416 4025 1480 4063 con-

171 4088 245 4143 dicio
263 4088 337 4157 ipsa]
357 4086 419 4155 ipsa
438 4084 561 4140 conditio
583 4085 619 4138 M
622 4084 683 4138 BG
754 4092 787 4139 14
805 4086 915 4140 Foedus
931 4118 963 4127 —
978 4104 1069 4156 poena
1083 4091 1127 4143 est
1144 4105 1194 4144 om.
1213 4090 1241 4143 Β
1314 4096 1346 4143 15
1365 4090 1481 4156 sortasse

171 4185 306 4224 mammas
331 4183 390 4221 esse
414 4162 549 4232 hominis,
572 4164 687 4234 pecudis
713 4165 784 4220 scito
808 4165 895 4221 ubera
918 4169 1029 4221 tantum
1123 4168 1238 4238 pecudis
1262 4169 1300 4221 M
1320 4167 1428 4236 pecoris
1449 4168 1478 4220 Β

170 4247 296 4318 peccoris
317 4246 340 4300 O
403 4251 434 4298 17
456 4244 768 4299 editusexhncMex
788 4245 951 4302 beneditus
971 4246 1030 4301 Bu
1091 4253 1124 4301 18
1142 4247 1265 4316 petrium
1279 4246 1380 4301 diuisa
1398 4248 1478 4315 patre

172 4331 320 4398 paternum
339 4345 356 4381 a
376 4322 513 4395 patriai)
596 4330 629 4377 19
650 4324 804 4380 Precor-
824 4328 916 4381 tsetru
936 4344 986 4381 om.
1005 4327 1032 4379 Β
1119 4332 1154 4378 20
1181 4326 1248 4380 dum
1265 4328 1362 4379 manat
1380 4342 1395 4380 c
1413 4324 1480 4379 dnm

172 4411 268 4462 manet
282 4406 341 4460 Get
355 4408 457 4460 codices
471 4405 603 4473 Bedaep.
618 4410 704 4471 2801,
718 4405 784 4459 dum
794 4411 908 4462 emanat
922 4408 960 4461 M
974 4407 1060 4462 Cruor
1074 4406 1141 4460 dum
1155 4405 1284 4475 mnnet'B
1335 4422 1415 4460 cruor
1428 4406 1482 4462 erit

173 4488 211 4541 M
219 4486 405 4542 crnorfitBC
458 4493 491 4541 21
509 4485 610 4555 Accipe
624 4501 688 4538 eum
702 4484 847 4555 tradimus,
858 4504 920 4541 cnm
935 4485 1122 4556 permittimus
1136 4500 1214 4539 sume
1231 4491 1357 4554 exempta
1372 4487 1481 4541 Monic-

169 4569 319 4637 pesulano
397 4584 460 4621 cnm
479 4567 578 4621 damus
596 4564 624 4618 Β
643 4570 668 4618 et
685 4565 809 4634 Bedop.
828 4573 908 4623 2802
988 4564 1137 4620 dicendum
1156 4566 1200 4620 est
1218 4564 1366 4636 aecipe-
1333 4567 1480 4623 -dicen—

174 4706 240 4762 dum
258 4725 335 4763 sume
353 4708 412 4763 BG
500 4714 533 4763 23
553 4710 697 4778 postsecus
715 4707 827 4763 omnino
846 4707 919 4761 nihil
937 4709 980 4761 est
999 4708 1037 4761 M
1063 4723 1193 4777 possocns
1212 4708 1289 4764 omni
1284 4667 1379 4762 nihil
1397 4711 1441 4764 est
1460 4708 1484 4764 0

173 4804 302 4856 posseeus
324 4787 396 4842 nihil
414 4791 459 4843 est
476 4788 590 4844 omnino
608 4788 644 4842 Β.
669 4790 813 4858 postsecus
833 4783 954 4843 ὄπισθεν
978 4791 1082 4859 ploaaae
1101 4791 1249 4847 Philoxeni
1355 4795 1391 4844 24
1413 4789 1481 4844 dici·

174 4867 246 4938 mus]
266 4868 386 4924 dicssG

1233 4960 1270 5017 ’μ
