<?xml version="1.0" encoding="UTF-8"?>
<!DOCTYPE html PUBLIC "-//W3C//DTD XHTML 1.0 Transitional//EN"
    "http://www.w3.org/TR/xhtml1/DTD/xhtml1-transitional.dtd">
<html xmlns="http://www.w3.org/1999/xhtml" xml:lang="en" lang="en">
 <head>
  <title>
</title>
<meta http-equiv="Content-Type" content="text/html;charset=utf-8" />
  <meta name='ocr-system' content='tesseract 3.04.00' />
  <meta name='ocr-capabilities' content='ocr_page ocr_carea ocr_par ocr_line ocrx_word'/>
</head>
<body>
  <div class='ocr_page' id='page_1' title='image "./grammaticilatin00keilgoog/grammaticilatin00keilgoog_0242.png"; bbox 0 0 3316 5474; ppageno 0'>
   <div class='ocr_carea' id='block_1_1' title="bbox 498 357 1466 426">
    <p class='ocr_par' dir='ltr' id='par_1_1' title="bbox 498 357 1466 426">
     <span class='ocr_line' id='line_1_1' title="bbox 498 357 1466 426; baseline 0.013 -13"><span class='ocrx_word' id='word_1_1' title='bbox 498 357 547 413; x_wconf 84' lang='lat' dir='ltr'>DE</span> <span class='ocrx_word' id='word_1_2' title='bbox 567 357 662 413; x_wconf 80' lang='lat' dir='ltr'>ARTE</span> <span class='ocrx_word' id='word_1_3' title='bbox 681 358 791 415; x_wconf 84' lang='lat' dir='ltr'>MDTR.</span> <span class='ocrx_word' id='word_1_4' title='bbox 811 361 859 416; x_wconf 82' lang='grc' dir='ltr'>ΕΤ</span> <span class='ocrx_word' id='word_1_5' title='bbox 878 361 926 415; x_wconf 82' lang='grc' dir='ltr'>ΒΕ</span> <span class='ocrx_word' id='word_1_6' title='bbox 946 361 1129 417; x_wconf 76' lang='lat' dir='ltr'>ournoutt.</span> <span class='ocrx_word' id='word_1_7' title='bbox 1400 363 1466 426; x_wconf 83' lang='grc'>223</span> 
     </span>
    </p>
   </div>
   <div class='ocr_carea' id='block_1_2' title="bbox 152 540 1506 4895">
    <p class='ocr_par' dir='ltr' id='par_1_2' title="bbox 158 540 1466 2116">
     <span class='ocr_line' id='line_1_2' title="bbox 160 540 1466 626; baseline 0.007 -27"><span class='ocrx_word' id='word_1_8' title='bbox 160 549 219 621; x_wconf 89' lang='lat' dir='ltr'>est,</span> <span class='ocrx_word' id='word_1_9' title='bbox 244 540 426 620; x_wconf 79' lang='lat' dir='ltr'>eandemque</span> <span class='ocrx_word' id='word_1_10' title='bbox 446 542 575 602; x_wconf 65' lang='lat' dir='ltr'>‹lormam</span> <span class='ocrx_word' id='word_1_11' title='bbox 603 546 741 623; x_wconf 74' lang='lat' dir='ltr'><strong>repolivit</strong></span> <span class='ocrx_word' id='word_1_12' title='bbox 765 544 893 607; x_wconf 89' lang='lat' dir='ltr'>Gilesius</span> <span class='ocrx_word' id='word_1_13' title='bbox 917 545 1012 606; x_wconf 89' lang='lat' dir='ltr'>Bedae</span> <span class='ocrx_word' id='word_1_14' title='bbox 1036 565 1082 625; x_wconf 96' lang='lat' dir='ltr'>op.</span> <span class='ocrx_word' id='word_1_15' title='bbox 1106 566 1132 607; x_wconf 88' lang='lat' dir='ltr'>v.</span> <span class='ocrx_word' id='word_1_16' title='bbox 1155 546 1192 607; x_wconf 82' lang='lat' dir='ltr'>vt</span> <span class='ocrx_word' id='word_1_17' title='bbox 1214 566 1242 626; x_wconf 88' lang='lat' dir='ltr'>p.</span> <span class='ocrx_word' id='word_1_18' title='bbox 1269 545 1365 626; x_wconf 90' lang='lat' dir='ltr'>isqq.</span> <span class='ocrx_word' id='word_1_19' title='bbox 1398 566 1466 608; x_wconf 92' lang='lat' dir='ltr'>nam</span> 
     </span>
     <span class='ocr_line' id='line_1_3' title="bbox 161 648 1466 734; baseline 0.005 -27"><span class='ocrx_word' id='word_1_20' title='bbox 161 665 339 726; x_wconf 89' lang='lat' dir='ltr'>quamquam</span> <span class='ocrx_word' id='word_1_21' title='bbox 363 648 496 708; x_wconf 83' lang='lat' dir='ltr'>codicem</span> <span class='ocrx_word' id='word_1_22' title='bbox 520 648 709 711; x_wconf 90' lang='lat' dir='ltr'>llarleianum</span> <span class='ocrx_word' id='word_1_23' title='bbox 733 648 819 713; x_wconf 87' lang='grc'>3826</span> <span class='ocrx_word' id='word_1_24' title='bbox 844 671 922 712; x_wconf 90' lang='lat' dir='ltr'>nono</span> <span class='ocrx_word' id='word_1_25' title='bbox 946 652 1079 733; x_wconf 90' lang='lat' dir='ltr'>saeculo,</span> <span class='ocrx_word' id='word_1_26' title='bbox 1107 658 1140 713; x_wconf 92' lang='lat' dir='ltr'>ut</span> <span class='ocrx_word' id='word_1_27' title='bbox 1168 655 1221 734; x_wconf 88' lang='lat' dir='ltr'>ait,</span> <span class='ocrx_word' id='word_1_28' title='bbox 1249 656 1393 733; x_wconf 91' lang='lat' dir='ltr'>scriptum</span> <span class='ocrx_word' id='word_1_29' title='bbox 1417 655 1466 713; x_wconf 93' lang='lat' dir='ltr'>ad·</span> 
     </span>
     <span class='ocr_line' id='line_1_4' title="bbox 161 752 1465 839; baseline 0.005 -27"><span class='ocrx_word' id='word_1_30' title='bbox 161 752 311 836; x_wconf 91' lang='lat' dir='ltr'>hibuerat,</span> <span class='ocrx_word' id='word_1_31' title='bbox 340 763 438 815; x_wconf 89' lang='lat' dir='ltr'>tamen</span> <span class='ocrx_word' id='word_1_32' title='bbox 461 773 555 834; x_wconf 89' lang='lat' dir='ltr'>pauca</span> <span class='ocrx_word' id='word_1_33' title='bbox 579 773 614 816; x_wconf 88' lang='lat' dir='ltr'>ex</span> <span class='ocrx_word' id='word_1_34' title='bbox 638 776 673 816; x_wconf 89' lang='lat' dir='ltr'>eo</span> <span class='ocrx_word' id='word_1_35' title='bbox 698 757 799 819; x_wconf 88' lang='lat' dir='ltr'>codiee</span> <span class='ocrx_word' id='word_1_36' title='bbox 824 758 1003 839; x_wconf 82' lang='lat' dir='ltr'>emendavit,</span> <span class='ocrx_word' id='word_1_37' title='bbox 1031 759 1145 837; x_wconf 89' lang='lat' dir='ltr'>reliqua</span> <span class='ocrx_word' id='word_1_38' title='bbox 1169 779 1204 819; x_wconf 86' lang='lat' dir='ltr'>ex</span> <span class='ocrx_word' id='word_1_39' title='bbox 1234 759 1362 820; x_wconf 74' lang='lat' dir='ltr'>editione</span> <span class='ocrx_word' id='word_1_40' title='bbox 1386 758 1465 820; x_wconf 86' lang='lat' dir='ltr'>Basi-</span> 
     </span>
     <span class='ocr_line' id='line_1_5' title="bbox 159 858 1466 944; baseline 0.005 -25"><span class='ocrx_word' id='word_1_41' title='bbox 159 859 253 921; x_wconf 90' lang='lat' dir='ltr'>leensi</span> <span class='ocrx_word' id='word_1_42' title='bbox 281 880 305 921; x_wconf 93' lang='lat' dir='ltr'>a.</span> <span class='ocrx_word' id='word_1_43' title='bbox 332 858 416 923; x_wconf 83' lang='lat'>1563</span> <span class='ocrx_word' id='word_1_44' title='bbox 445 865 604 943; x_wconf 80' lang='lat' dir='ltr'>expressit3</span> <span class='ocrx_word' id='word_1_45' title='bbox 637 865 748 925; x_wconf 88' lang='lat' dir='ltr'>codicis</span> <span class='ocrx_word' id='word_1_46' title='bbox 776 874 875 925; x_wconf 87' lang='lat' dir='ltr'>autem</span> <span class='ocrx_word' id='word_1_47' title='bbox 904 867 1082 944; x_wconf 79' lang='lat' dir='ltr'>scripturam</span> <span class='ocrx_word' id='word_1_48' title='bbox 1119 866 1222 944; x_wconf 81' lang='lat' dir='ltr'>paucis</span> <span class='ocrx_word' id='word_1_49' title='bbox 1249 864 1322 925; x_wconf 89' lang='lat' dir='ltr'>locis</span> <span class='ocrx_word' id='word_1_50' title='bbox 1350 868 1380 925; x_wconf 92' lang='lat' dir='ltr'>in</span> <span class='ocrx_word' id='word_1_51' title='bbox 1407 866 1466 926; x_wconf 86' lang='lat' dir='ltr'>bne</span> 
     </span>
     <span class='ocr_line' id='line_1_6' title="bbox 160 966 1466 1049; baseline 0.005 -23"><span class='ocrx_word' id='word_1_52' title='bbox 160 966 299 1028; x_wconf 79' lang='lat' dir='ltr'>editionis</span> <span class='ocrx_word' id='word_1_53' title='bbox 317 969 474 1030; x_wconf 78' lang='lat' dir='ltr'>adnotavit.</span> <span class='ocrx_word' id='word_1_54' title='bbox 503 972 582 1031; x_wconf 90' lang='lat' dir='ltr'>inter</span> <span class='ocrx_word' id='word_1_55' title='bbox 601 973 808 1049; x_wconf 90' lang='lat' dir='ltr'>grammaticos</span> <span class='ocrx_word' id='word_1_56' title='bbox 828 980 926 1032; x_wconf 90' lang='lat' dir='ltr'>autem</span> <span class='ocrx_word' id='word_1_57' title='bbox 946 971 1025 1031; x_wconf 92' lang='lat' dir='ltr'>hunc</span> <span class='ocrx_word' id='word_1_58' title='bbox 1044 970 1140 1030; x_wconf 85' lang='lat' dir='ltr'>Redae</span> <span class='ocrx_word' id='word_1_59' title='bbox 1160 969 1268 1030; x_wconf 91' lang='lat' dir='ltr'>librum</span> <span class='ocrx_word' id='word_1_60' title='bbox 1288 989 1347 1031; x_wconf 88' lang='lat' dir='ltr'>non</span> <span class='ocrx_word' id='word_1_61' title='bbox 1367 974 1466 1032; x_wconf 88' lang='lat' dir='ltr'>iuveni</span> 
     </span>
     <span class='ocr_line' id='line_1_7' title="bbox 160 1077 1464 1159; baseline 0.005 -26"><span class='ocrx_word' id='word_1_62' title='bbox 160 1083 314 1154; x_wconf 89' lang='lat' dir='ltr'>receptum</span> <span class='ocrx_word' id='word_1_63' title='bbox 333 1087 400 1137; x_wconf 89' lang='lat' dir='ltr'>aute</span> <span class='ocrx_word' id='word_1_64' title='bbox 419 1077 608 1159; x_wconf 89' lang='lat' dir='ltr'>Putschium,</span> <span class='ocrx_word' id='word_1_65' title='bbox 632 1079 682 1157; x_wconf 92' lang='lat' dir='ltr'>qui</span> <span class='ocrx_word' id='word_1_66' title='bbox 702 1097 770 1139; x_wconf 89' lang='lat' dir='ltr'>eum</span> <span class='ocrx_word' id='word_1_67' title='bbox 791 1087 939 1158; x_wconf 88' lang='lat' dir='ltr'>tamquam</span> <span class='ocrx_word' id='word_1_68' title='bbox 963 1080 1071 1138; x_wconf 82' lang='lat' dir='ltr'>incerti</span> <span class='ocrx_word' id='word_1_69' title='bbox 1090 1079 1244 1156; x_wconf 90' lang='lat' dir='ltr'>scriptoris</span> <span class='ocrx_word' id='word_1_70' title='bbox 1267 1077 1389 1153; x_wconf 90' lang='lat' dir='ltr'>librum,</span> <span class='ocrx_word' id='word_1_71' title='bbox 1413 1079 1464 1139; x_wconf 89' lang='lat' dir='ltr'>sed</span> 
     </span>
     <span class='ocr_line' id='line_1_8' title="bbox 159 1179 1465 1265; baseline 0.005 -27"><span class='ocrx_word' id='word_1_72' title='bbox 159 1179 255 1242; x_wconf 89' lang='lat' dir='ltr'>Bedae</span> <span class='ocrx_word' id='word_1_73' title='bbox 285 1182 371 1261; x_wconf 88' lang='lat' dir='ltr'>vulgo</span> <span class='ocrx_word' id='word_1_74' title='bbox 399 1183 543 1244; x_wconf 89' lang='lat' dir='ltr'>tributum</span> <span class='ocrx_word' id='word_1_75' title='bbox 572 1186 603 1243; x_wconf 90' lang='lat' dir='ltr'>iu</span> <span class='ocrx_word' id='word_1_76' title='bbox 630 1185 689 1245; x_wconf 88' lang='lat' dir='ltr'>tine</span> <span class='ocrx_word' id='word_1_77' title='bbox 717 1187 817 1265; x_wconf 91' lang='lat' dir='ltr'>operis</span> <span class='ocrx_word' id='word_1_78' title='bbox 845 1204 873 1264; x_wconf 88' lang='lat' dir='ltr'>p.</span> <span class='ocrx_word' id='word_1_79' title='bbox 898 1180 985 1245; x_wconf 81' lang='grc'>2775</span> <span class='ocrx_word' id='word_1_80' title='bbox 1000 1202 1062 1263; x_wconf 92' lang='lat' dir='ltr'>sqq.</span> <span class='ocrx_word' id='word_1_81' title='bbox 1092 1184 1253 1245; x_wconf 85' lang='lat' dir='ltr'>collocarit.</span> <span class='ocrx_word' id='word_1_82' title='bbox 1296 1185 1367 1245; x_wconf 93' lang='lat' dir='ltr'>mihi</span> <span class='ocrx_word' id='word_1_83' title='bbox 1394 1204 1465 1246; x_wconf 84' lang='lat' dir='ltr'>vero</span> 
     </span>
     <span class='ocr_line' id='line_1_9' title="bbox 160 1289 1466 1371; baseline 0.005 -26"><span class='ocrx_word' id='word_1_84' title='bbox 160 1291 344 1367; x_wconf 90' lang='lat' dir='ltr'>propositum</span> <span class='ocrx_word' id='word_1_85' title='bbox 368 1289 424 1349; x_wconf 86' lang='lat' dir='ltr'>tuit</span> <span class='ocrx_word' id='word_1_86' title='bbox 446 1297 480 1349; x_wconf 88' lang='lat' dir='ltr'>ut</span> <span class='ocrx_word' id='word_1_87' title='bbox 498 1297 611 1350; x_wconf 90' lang='lat' dir='ltr'>remota</span> <span class='ocrx_word' id='word_1_88' title='bbox 634 1308 723 1370; x_wconf 87' lang='lat' dir='ltr'>prava</span> <span class='ocrx_word' id='word_1_89' title='bbox 743 1299 773 1351; x_wconf 90' lang='lat' dir='ltr'>et</span> <span class='ocrx_word' id='word_1_90' title='bbox 796 1309 883 1371; x_wconf 91' lang='lat' dir='ltr'>saepe</span> <span class='ocrx_word' id='word_1_91' title='bbox 904 1309 1005 1351; x_wconf 84' lang='lat' dir='ltr'>manca</span> <span class='ocrx_word' id='word_1_92' title='bbox 1025 1293 1172 1371; x_wconf 89' lang='lat' dir='ltr'>scriptura</span> <span class='ocrx_word' id='word_1_93' title='bbox 1197 1292 1344 1353; x_wconf 90' lang='lat' dir='ltr'>editorum</span> <span class='ocrx_word' id='word_1_94' title='bbox 1368 1311 1466 1352; x_wconf 89' lang='lat' dir='ltr'>exem·</span> 
     </span>
     <span class='ocr_line' id='line_1_10' title="bbox 159 1392 1465 1477; baseline 0.003 -24"><span class='ocrx_word' id='word_1_95' title='bbox 159 1392 285 1472; x_wconf 92' lang='lat' dir='ltr'>plarium</span> <span class='ocrx_word' id='word_1_96' title='bbox 309 1396 344 1455; x_wconf 92' lang='lat' dir='ltr'>ad</span> <span class='ocrx_word' id='word_1_97' title='bbox 368 1395 455 1455; x_wconf 83' lang='lat' dir='ltr'>sidem</span> <span class='ocrx_word' id='word_1_98' title='bbox 480 1400 771 1476; x_wconf 91' lang='lat' dir='ltr'>manuscriptorum</span> <span class='ocrx_word' id='word_1_99' title='bbox 795 1396 939 1457; x_wconf 90' lang='lat' dir='ltr'>librorum</span> <span class='ocrx_word' id='word_1_100' title='bbox 964 1396 1120 1457; x_wconf 87' lang='lat' dir='ltr'>lectionem</span> <span class='ocrx_word' id='word_1_101' title='bbox 1140 1415 1318 1457; x_wconf 80' lang='lat' dir='ltr'>revocarem.</span> <span class='ocrx_word' id='word_1_102' title='bbox 1351 1400 1382 1457; x_wconf 90' lang='lat' dir='ltr'>in</span> <span class='ocrx_word' id='word_1_103' title='bbox 1406 1417 1465 1477; x_wconf 91' lang='lat' dir='ltr'>quo</span> 
     </span>
     <span class='ocr_line' id='line_1_11' title="bbox 159 1501 1464 1583; baseline 0.005 -24"><span class='ocrx_word' id='word_1_104' title='bbox 159 1503 283 1561; x_wconf 89' lang='lat' dir='ltr'>maxime</span> <span class='ocrx_word' id='word_1_105' title='bbox 302 1501 470 1562; x_wconf 76' lang='lat' dir='ltr'>Parisiorum</span> <span class='ocrx_word' id='word_1_106' title='bbox 490 1510 520 1562; x_wconf 92' lang='lat' dir='ltr'>et</span> <span class='ocrx_word' id='word_1_107' title='bbox 534 1503 825 1582; x_wconf 88' lang='lat' dir='ltr'>lloutepessnlauum</span> <span class='ocrx_word' id='word_1_108' title='bbox 845 1504 977 1564; x_wconf 89' lang='lat' dir='ltr'>codicem</span> <span class='ocrx_word' id='word_1_109' title='bbox 996 1512 1117 1563; x_wconf 87' lang='lat' dir='ltr'>secutus</span> <span class='ocrx_word' id='word_1_110' title='bbox 1132 1522 1211 1583; x_wconf 75' lang='lat' dir='ltr'>sum,</span> <span class='ocrx_word' id='word_1_111' title='bbox 1230 1506 1327 1564; x_wconf 88' lang='lat' dir='ltr'>rarius</span> <span class='ocrx_word' id='word_1_112' title='bbox 1342 1503 1464 1565; x_wconf 90' lang='lat' dir='ltr'>Leiden-</span> 
     </span>
     <span class='ocr_line' id='line_1_12' title="bbox 159 1607 1465 1688; baseline 0.004 -22"><span class='ocrx_word' id='word_1_113' title='bbox 159 1609 209 1669; x_wconf 40' lang='lat' dir='ltr'>sis.</span> <span class='ocrx_word' id='word_1_114' title='bbox 229 1608 339 1668; x_wconf 88' lang='lat' dir='ltr'>codicis</span> <span class='ocrx_word' id='word_1_115' title='bbox 367 1611 514 1688; x_wconf 91' lang='lat' dir='ltr'>scriptura</span> <span class='ocrx_word' id='word_1_116' title='bbox 543 1627 612 1670; x_wconf 89' lang='lat' dir='ltr'>cum</span> <span class='ocrx_word' id='word_1_117' title='bbox 640 1607 756 1688; x_wconf 85' lang='lat' dir='ltr'>vulgata</span> <span class='ocrx_word' id='word_1_118' title='bbox 784 1612 974 1670; x_wconf 89' lang='lat' dir='ltr'>consentiens</span> <span class='ocrx_word' id='word_1_119' title='bbox 1002 1609 1172 1687; x_wconf 89' lang='lat' dir='ltr'>recipienda</span> <span class='ocrx_word' id='word_1_120' title='bbox 1208 1610 1271 1671; x_wconf 89' lang='lat' dir='ltr'>luit.</span> <span class='ocrx_word' id='word_1_121' title='bbox 1322 1610 1465 1671; x_wconf 87' lang='lat' dir='ltr'>lectiones</span> 
     </span>
     <span class='ocr_line' id='line_1_13' title="bbox 158 1714 1465 1798; baseline 0.004 -25"><span class='ocrx_word' id='word_1_122' title='bbox 158 1722 257 1774; x_wconf 90' lang='lat' dir='ltr'>autem</span> <span class='ocrx_word' id='word_1_123' title='bbox 285 1714 420 1774; x_wconf 88' lang='lat' dir='ltr'>codicum</span> <span class='ocrx_word' id='word_1_124' title='bbox 448 1716 629 1794; x_wconf 83' lang='lat' dir='ltr'>accuratius,</span> <span class='ocrx_word' id='word_1_125' title='bbox 658 1732 746 1792; x_wconf 88' lang='lat' dir='ltr'>quam</span> <span class='ocrx_word' id='word_1_126' title='bbox 775 1732 829 1794; x_wconf 88' lang='lat' dir='ltr'>per</span> <span class='ocrx_word' id='word_1_127' title='bbox 852 1733 884 1774; x_wconf 89' lang='lat' dir='ltr'>se</span> <span class='ocrx_word' id='word_1_128' title='bbox 912 1717 943 1774; x_wconf 92' lang='lat' dir='ltr'>in</span> <span class='ocrx_word' id='word_1_129' title='bbox 974 1714 1029 1774; x_wconf 92' lang='lat' dir='ltr'>hoc</span> <span class='ocrx_word' id='word_1_130' title='bbox 1058 1718 1203 1795; x_wconf 90' lang='lat' dir='ltr'>scriptore</span> <span class='ocrx_word' id='word_1_131' title='bbox 1232 1716 1465 1798; x_wconf 82' lang='lat' dir='ltr'>desiderabatur,</span> 
     </span>
     <span class='ocr_line' id='line_1_14' title="bbox 158 1821 1463 1901; baseline 0.001 -21"><span class='ocrx_word' id='word_1_132' title='bbox 158 1821 330 1881; x_wconf 88' lang='lat' dir='ltr'>iudicandae</span> <span class='ocrx_word' id='word_1_133' title='bbox 354 1830 452 1895; x_wconf 84' lang='lat' dir='ltr'>eraut,</span> <span class='ocrx_word' id='word_1_134' title='bbox 475 1830 632 1900; x_wconf 89' lang='lat' dir='ltr'>propterea</span> <span class='ocrx_word' id='word_1_135' title='bbox 657 1822 736 1900; x_wconf 92' lang='lat' dir='ltr'>quod</span> <span class='ocrx_word' id='word_1_136' title='bbox 756 1821 847 1882; x_wconf 90' lang='lat' dir='ltr'>multa</span> <span class='ocrx_word' id='word_1_137' title='bbox 865 1840 881 1880; x_wconf 94' lang='lat' dir='ltr'>a</span> <span class='ocrx_word' id='word_1_138' title='bbox 901 1821 979 1882; x_wconf 88' lang='lat' dir='ltr'>Beda</span> <span class='ocrx_word' id='word_1_139' title='bbox 998 1840 1032 1881; x_wconf 89' lang='lat' dir='ltr'>ex</span> <span class='ocrx_word' id='word_1_140' title='bbox 1053 1821 1272 1901; x_wconf 88' lang='lat' dir='ltr'>antiquioribus</span> <span class='ocrx_word' id='word_1_141' title='bbox 1291 1822 1463 1884; x_wconf 88' lang='lat' dir='ltr'>auctoribus</span> 
     </span>
     <span class='ocr_line' id='line_1_15' title="bbox 158 1926 1462 2009; baseline 0.003 -24"><span class='ocrx_word' id='word_1_142' title='bbox 158 1926 330 2007; x_wconf 89' lang='lat' dir='ltr'>deprompta</span> <span class='ocrx_word' id='word_1_143' title='bbox 355 1939 438 2009; x_wconf 89' lang='lat' dir='ltr'>suut,</span> <span class='ocrx_word' id='word_1_144' title='bbox 462 1946 537 2006; x_wconf 91' lang='lat' dir='ltr'>quae</span> <span class='ocrx_word' id='word_1_145' title='bbox 560 1931 655 2006; x_wconf 88' lang='lat' dir='ltr'>siquis</span> <span class='ocrx_word' id='word_1_146' title='bbox 678 1947 746 1988; x_wconf 89' lang='lat' dir='ltr'>cnm</span> <span class='ocrx_word' id='word_1_147' title='bbox 769 1930 806 1988; x_wconf 92' lang='lat' dir='ltr'>iis</span> <span class='ocrx_word' id='word_1_148' title='bbox 829 1946 904 2006; x_wconf 90' lang='lat' dir='ltr'>qnae</span> <span class='ocrx_word' id='word_1_149' title='bbox 928 1946 1008 1988; x_wconf 87' lang='lat' dir='ltr'>nunc</span> <span class='ocrx_word' id='word_1_150' title='bbox 1032 1928 1109 2006; x_wconf 92' lang='lat' dir='ltr'>apud</span> <span class='ocrx_word' id='word_1_151' title='bbox 1133 1927 1198 1988; x_wconf 92' lang='lat' dir='ltr'>illos</span> <span class='ocrx_word' id='word_1_152' title='bbox 1222 1930 1360 1990; x_wconf 83' lang='lat' dir='ltr'>feruntur</span> <span class='ocrx_word' id='word_1_153' title='bbox 1384 1948 1462 1989; x_wconf 88' lang='lat' dir='ltr'>eom-</span> 
     </span>
     <span class='ocr_line' id='line_1_16' title="bbox 158 2034 1281 2116; baseline 0.004 -25"><span class='ocrx_word' id='word_1_154' title='bbox 158 2051 262 2111; x_wconf 92' lang='lat' dir='ltr'>parare</span> <span class='ocrx_word' id='word_1_155' title='bbox 286 2034 360 2115; x_wconf 90' lang='lat' dir='ltr'>vult,</span> <span class='ocrx_word' id='word_1_156' title='bbox 384 2035 538 2095; x_wconf 89' lang='lat' dir='ltr'>sciendum</span> <span class='ocrx_word' id='word_1_157' title='bbox 562 2043 621 2116; x_wconf 92' lang='lat' dir='ltr'>est,</span> <span class='ocrx_word' id='word_1_158' title='bbox 645 2035 715 2114; x_wconf 90' lang='lat' dir='ltr'>quid</span> <span class='ocrx_word' id='word_1_159' title='bbox 739 2034 877 2095; x_wconf 90' lang='lat' dir='ltr'>inlibris</span> <span class='ocrx_word' id='word_1_160' title='bbox 902 2053 989 2095; x_wconf 90' lang='lat' dir='ltr'>manu</span> <span class='ocrx_word' id='word_1_161' title='bbox 1013 2036 1134 2113; x_wconf 90' lang='lat' dir='ltr'>scriptis</span> <span class='ocrx_word' id='word_1_162' title='bbox 1156 2034 1281 2115; x_wconf 89' lang='lat' dir='ltr'>legatur.</span> 
     </span>
    </p>

    <p class='ocr_par' dir='ltr' id='par_1_3' title="bbox 152 2140 1506 4895">
     <span class='ocr_line' id='line_1_17' title="bbox 246 2140 1462 2223; baseline 0.003 -23"><span class='ocrx_word' id='word_1_163' title='bbox 246 2140 391 2220; x_wconf 81' lang='lat' dir='ltr'>Antiquae</span> <span class='ocrx_word' id='word_1_164' title='bbox 420 2150 519 2201; x_wconf 91' lang='lat' dir='ltr'>autem</span> <span class='ocrx_word' id='word_1_165' title='bbox 543 2142 719 2203; x_wconf 90' lang='lat' dir='ltr'>eruditionis</span> <span class='ocrx_word' id='word_1_166' title='bbox 747 2140 888 2220; x_wconf 89' lang='lat' dir='ltr'>reliquias</span> <span class='ocrx_word' id='word_1_167' title='bbox 911 2142 988 2221; x_wconf 93' lang='lat' dir='ltr'>apud</span> <span class='ocrx_word' id='word_1_168' title='bbox 1011 2141 1121 2201; x_wconf 87' lang='lat' dir='ltr'>Bedam</span> <span class='ocrx_word' id='word_1_169' title='bbox 1145 2144 1279 2203; x_wconf 88' lang='lat' dir='ltr'>inventas</span> <span class='ocrx_word' id='word_1_170' title='bbox 1302 2145 1332 2203; x_wconf 89' lang='lat' dir='ltr'>in</span> <span class='ocrx_word' id='word_1_171' title='bbox 1358 2145 1462 2223; x_wconf 90' lang='lat' dir='ltr'>primis</span> 
     </span>
     <span class='ocr_line' id='line_1_18' title="bbox 158 2244 1462 2330; baseline 0.005 -26"><span class='ocrx_word' id='word_1_172' title='bbox 158 2244 290 2306; x_wconf 89' lang='lat' dir='ltr'>Charisio</span> <span class='ocrx_word' id='word_1_173' title='bbox 310 2256 340 2307; x_wconf 90' lang='lat' dir='ltr'>et</span> <span class='ocrx_word' id='word_1_174' title='bbox 358 2246 491 2307; x_wconf 87' lang='lat' dir='ltr'>Diomedi</span> <span class='ocrx_word' id='word_1_175' title='bbox 514 2247 616 2311; x_wconf 91' lang='lat' dir='ltr'>deberi</span> <span class='ocrx_word' id='word_1_176' title='bbox 643 2249 702 2310; x_wconf 90' lang='lat' dir='ltr'>dixi</span> <span class='ocrx_word' id='word_1_177' title='bbox 725 2267 847 2330; x_wconf 90' lang='lat' dir='ltr'>gramm.</span> <span class='ocrx_word' id='word_1_178' title='bbox 866 2249 915 2310; x_wconf 93' lang='lat' dir='ltr'>lat.</span> <span class='ocrx_word' id='word_1_179' title='bbox 934 2268 959 2309; x_wconf 86' lang='lat' dir='ltr'>r.</span> <span class='ocrx_word' id='word_1_180' title='bbox 979 2249 991 2309; x_wconf 95' lang='lat' dir='ltr'>l</span> <span class='ocrx_word' id='word_1_181' title='bbox 1010 2268 1037 2328; x_wconf 93' lang='lat' dir='ltr'>p.</span> <span class='ocrx_word' id='word_1_182' title='bbox 1056 2247 1160 2309; x_wconf 87' lang='lat' dir='ltr'>lllllll.</span> <span class='ocrx_word' id='word_1_183' title='bbox 1193 2268 1208 2309; x_wconf 93' lang='lat' dir='ltr'>a</span> <span class='ocrx_word' id='word_1_184' title='bbox 1228 2250 1360 2310; x_wconf 89' lang='lat' dir='ltr'>Charisio</span> <span class='ocrx_word' id='word_1_185' title='bbox 1384 2251 1462 2310; x_wconf 90' lang='lat' dir='ltr'>enim</span> 
     </span>
     <span class='ocr_line' id='line_1_19' title="bbox 157 2354 1461 2438; baseline 0.005 -28"><span class='ocrx_word' id='word_1_186' title='bbox 157 2361 187 2411; x_wconf 88' lang='lat' dir='ltr'>et</span> <span class='ocrx_word' id='word_1_187' title='bbox 210 2354 329 2412; x_wconf 89' lang='lat' dir='ltr'>nomina</span> <span class='ocrx_word' id='word_1_188' title='bbox 351 2357 624 2437; x_wconf 87' lang='lat' dir='ltr'>grammaticorum,</span> <span class='ocrx_word' id='word_1_189' title='bbox 648 2374 853 2436; x_wconf 89' lang='lat' dir='ltr'>quaecumque</span> <span class='ocrx_word' id='word_1_190' title='bbox 877 2358 907 2415; x_wconf 88' lang='lat' dir='ltr'>in</span> <span class='ocrx_word' id='word_1_191' title='bbox 930 2354 987 2415; x_wconf 89' lang='lat' dir='ltr'>hoc</span> <span class='ocrx_word' id='word_1_192' title='bbox 1011 2355 1086 2416; x_wconf 92' lang='lat' dir='ltr'>libro</span> <span class='ocrx_word' id='word_1_193' title='bbox 1109 2354 1259 2438; x_wconf 89' lang='lat' dir='ltr'>leguntur,</span> <span class='ocrx_word' id='word_1_194' title='bbox 1282 2365 1312 2416; x_wconf 89' lang='lat' dir='ltr'>et</span> <span class='ocrx_word' id='word_1_195' title='bbox 1335 2357 1461 2436; x_wconf 85' lang='lat' dir='ltr'>piurima</span> 
     </span>
     <span class='ocr_line' id='line_1_20' title="bbox 157 2462 1461 2542; baseline 0.005 -26"><span class='ocrx_word' id='word_1_196' title='bbox 157 2468 291 2520; x_wconf 89' lang='lat' dir='ltr'>veterum</span> <span class='ocrx_word' id='word_1_197' title='bbox 316 2463 496 2540; x_wconf 89' lang='lat' dir='ltr'>scriptorum</span> <span class='ocrx_word' id='word_1_198' title='bbox 520 2462 652 2541; x_wconf 91' lang='lat' dir='ltr'>exempla</span> <span class='ocrx_word' id='word_1_199' title='bbox 675 2464 767 2542; x_wconf 89' lang='lat' dir='ltr'>petita</span> <span class='ocrx_word' id='word_1_200' title='bbox 791 2472 869 2522; x_wconf 87' lang='lat' dir='ltr'>suut.</span> <span class='ocrx_word' id='word_1_201' title='bbox 907 2479 1085 2541; x_wconf 90' lang='lat' dir='ltr'>quamquam</span> <span class='ocrx_word' id='word_1_202' title='bbox 1108 2465 1209 2541; x_wconf 88' lang='lat' dir='ltr'>copiae</span> <span class='ocrx_word' id='word_1_203' title='bbox 1234 2466 1343 2524; x_wconf 83' lang='lat' dir='ltr'>veteris</span> <span class='ocrx_word' id='word_1_204' title='bbox 1365 2482 1461 2542; x_wconf 88' lang='lat' dir='ltr'>gram-</span> 
     </span>
     <span class='ocr_line' id='line_1_21' title="bbox 156 2566 1463 2650; baseline 0.003 -25"><span class='ocrx_word' id='word_1_205' title='bbox 156 2569 256 2626; x_wconf 90' lang='lat' dir='ltr'>matici</span> <span class='ocrx_word' id='word_1_206' title='bbox 280 2586 295 2626; x_wconf 92' lang='lat' dir='ltr'>a</span> <span class='ocrx_word' id='word_1_207' title='bbox 315 2566 393 2627; x_wconf 85' lang='lat' dir='ltr'>Reda</span> <span class='ocrx_word' id='word_1_208' title='bbox 416 2570 456 2628; x_wconf 89' lang='lat' dir='ltr'>ita</span> <span class='ocrx_word' id='word_1_209' title='bbox 476 2570 670 2629; x_wconf 90' lang='lat' dir='ltr'>circumcisae</span> <span class='ocrx_word' id='word_1_210' title='bbox 694 2577 778 2650; x_wconf 90' lang='lat' dir='ltr'>sunt,</span> <span class='ocrx_word' id='word_1_211' title='bbox 801 2576 836 2628; x_wconf 92' lang='lat' dir='ltr'>ut</span> <span class='ocrx_word' id='word_1_212' title='bbox 857 2586 951 2647; x_wconf 86' lang='lat' dir='ltr'>pauca</span> <span class='ocrx_word' id='word_1_213' title='bbox 975 2570 1004 2628; x_wconf 91' lang='lat' dir='ltr'>iu</span> <span class='ocrx_word' id='word_1_214' title='bbox 1028 2567 1074 2628; x_wconf 92' lang='lat' dir='ltr'>his</span> <span class='ocrx_word' id='word_1_215' title='bbox 1098 2571 1246 2648; x_wconf 80' lang='lat' dir='ltr'>excerptis</span> <span class='ocrx_word' id='word_1_216' title='bbox 1269 2569 1371 2630; x_wconf 89' lang='lat' dir='ltr'>relicta</span> <span class='ocrx_word' id='word_1_217' title='bbox 1395 2572 1463 2649; x_wconf 85' lang='lat' dir='ltr'>siut,</span> 
     </span>
     <span class='ocr_line' id='line_1_22' title="bbox 157 2673 1461 2755; baseline 0.001 -22"><span class='ocrx_word' id='word_1_218' title='bbox 157 2689 231 2749; x_wconf 90' lang='lat' dir='ltr'>quae</span> <span class='ocrx_word' id='word_1_219' title='bbox 262 2674 297 2733; x_wconf 92' lang='lat' dir='ltr'>ad</span> <span class='ocrx_word' id='word_1_220' title='bbox 328 2683 498 2753; x_wconf 86' lang='lat' dir='ltr'>corruptam</span> <span class='ocrx_word' id='word_1_221' title='bbox 528 2676 558 2734; x_wconf 92' lang='lat' dir='ltr'>in</span> <span class='ocrx_word' id='word_1_222' title='bbox 590 2675 691 2735; x_wconf 89' lang='lat' dir='ltr'>codice</span> <span class='ocrx_word' id='word_1_223' title='bbox 723 2673 848 2735; x_wconf 87' lang='lat' dir='ltr'>Charisii</span> <span class='ocrx_word' id='word_1_224' title='bbox 880 2677 1058 2753; x_wconf 90' lang='lat' dir='ltr'>scripturam</span> <span class='ocrx_word' id='word_1_225' title='bbox 1089 2675 1301 2736; x_wconf 89' lang='lat' dir='ltr'>emendandam</span> <span class='ocrx_word' id='word_1_226' title='bbox 1336 2676 1461 2755; x_wconf 88' lang='lat' dir='ltr'>aliquam</span> 
     </span>
     <span class='ocr_line' id='line_1_23' title="bbox 157 2778 1461 2860; baseline 0.002 -22"><span class='ocrx_word' id='word_1_227' title='bbox 157 2778 311 2840; x_wconf 83' lang='lat' dir='ltr'>utilitatem</span> <span class='ocrx_word' id='word_1_228' title='bbox 341 2780 476 2842; x_wconf 90' lang='lat' dir='ltr'>babeant.</span> <span class='ocrx_word' id='word_1_229' title='bbox 517 2781 568 2841; x_wconf 90' lang='lat' dir='ltr'>sed</span> <span class='ocrx_word' id='word_1_230' title='bbox 597 2789 716 2859; x_wconf 89' lang='lat' dir='ltr'>praeter</span> <span class='ocrx_word' id='word_1_231' title='bbox 744 2783 838 2860; x_wconf 90' lang='lat' dir='ltr'>ipsius</span> <span class='ocrx_word' id='word_1_232' title='bbox 862 2780 986 2841; x_wconf 78' lang='lat' dir='ltr'>Charisii</span> <span class='ocrx_word' id='word_1_233' title='bbox 1016 2779 1125 2841; x_wconf 89' lang='lat' dir='ltr'>librum</span> <span class='ocrx_word' id='word_1_234' title='bbox 1148 2781 1227 2841; x_wconf 90' lang='lat' dir='ltr'>Beda</span> <span class='ocrx_word' id='word_1_235' title='bbox 1250 2781 1384 2843; x_wconf 88' lang='lat' dir='ltr'>adhibuit</span> <span class='ocrx_word' id='word_1_236' title='bbox 1414 2801 1461 2841; x_wconf 89' lang='lat' dir='ltr'>ox·</span> 
     </span>
     <span class='ocr_line' id='line_1_24' title="bbox 156 2886 1461 2967; baseline 0.004 -23"><span class='ocrx_word' id='word_1_237' title='bbox 156 2894 256 2964; x_wconf 83' lang='lat' dir='ltr'>carpta</span> <span class='ocrx_word' id='word_1_238' title='bbox 281 2887 385 2947; x_wconf 86' lang='lat' dir='ltr'>similia</span> <span class='ocrx_word' id='word_1_239' title='bbox 408 2886 605 2947; x_wconf 79' lang='lat' dir='ltr'>bobiensibus</span> <span class='ocrx_word' id='word_1_240' title='bbox 634 2887 691 2948; x_wconf 91' lang='lat' dir='ltr'>illis</span> <span class='ocrx_word' id='word_1_241' title='bbox 720 2906 796 2967; x_wconf 92' lang='lat' dir='ltr'>quae</span> <span class='ocrx_word' id='word_1_242' title='bbox 823 2895 891 2967; x_wconf 93' lang='lat' dir='ltr'>post</span> <span class='ocrx_word' id='word_1_243' title='bbox 914 2887 1080 2947; x_wconf 88' lang='lat' dir='ltr'>Charisium</span> <span class='ocrx_word' id='word_1_244' title='bbox 1104 2887 1190 2948; x_wconf 92' lang='lat' dir='ltr'>edidi.</span> <span class='ocrx_word' id='word_1_245' title='bbox 1228 2906 1295 2948; x_wconf 92' lang='lat' dir='ltr'>nam</span> <span class='ocrx_word' id='word_1_246' title='bbox 1319 2897 1349 2949; x_wconf 87' lang='lat' dir='ltr'>et</span> <span class='ocrx_word' id='word_1_247' title='bbox 1378 2907 1461 2949; x_wconf 84' lang='lat' dir='ltr'>roca·</span> 
     </span>
     <span class='ocr_line' id='line_1_25' title="bbox 156 2991 1506 3075; baseline 0.004 -24"><span class='ocrx_word' id='word_1_248' title='bbox 156 2991 223 3052; x_wconf 90' lang='lat' dir='ltr'>bula</span> <span class='ocrx_word' id='word_1_249' title='bbox 243 2994 385 3072; x_wconf 90' lang='lat' dir='ltr'>quaedam</span> <span class='ocrx_word' id='word_1_250' title='bbox 406 3013 480 3073; x_wconf 89' lang='lat' dir='ltr'>quae</span> <span class='ocrx_word' id='word_1_251' title='bbox 500 2996 529 3053; x_wconf 90' lang='lat' dir='ltr'>iu</span> <span class='ocrx_word' id='word_1_252' title='bbox 550 2993 595 3053; x_wconf 91' lang='lat' dir='ltr'>his</span> <span class='ocrx_word' id='word_1_253' title='bbox 615 2994 686 3054; x_wconf 93' lang='lat' dir='ltr'>solis</span> <span class='ocrx_word' id='word_1_254' title='bbox 705 2994 845 3074; x_wconf 89' lang='lat' dir='ltr'>leguntur</span> <span class='ocrx_word' id='word_1_255' title='bbox 864 2996 991 3074; x_wconf 89' lang='lat' dir='ltr'>recepit,</span> <span class='ocrx_word' id='word_1_256' title='bbox 1015 3002 1048 3054; x_wconf 91' lang='lat' dir='ltr'>ut</span> <span class='ocrx_word' id='word_1_257' title='bbox 1069 3012 1097 3072; x_wconf 91' lang='lat' dir='ltr'>p.</span> <span class='ocrx_word' id='word_1_258' title='bbox 1112 2991 1306 3069; x_wconf 70' lang='lat' dir='ltr'>uteorum,</span> <span class='ocrx_word' id='word_1_259' title='bbox 1331 3015 1359 3075; x_wconf 93' lang='lat' dir='ltr'>p.</span> <span class='ocrx_word' id='word_1_260' title='bbox 1374 2993 1461 3056; x_wconf 77' lang='grc'>2795</span> <span class='ocrx_word' id='word_1_261' title='bbox 1503 3008 1506 3012; x_wconf 82' lang='grc'><em>“</em></span> 
     </span>
     <span class='ocr_line' id='line_1_26' title="bbox 152 3100 1463 3182; baseline 0.002 -24"><span class='ocrx_word' id='word_1_262' title='bbox 152 3102 360 3176; x_wconf 82' lang='lat' dir='ltr'>prorerbr&#39;um,</span> <span class='ocrx_word' id='word_1_263' title='bbox 385 3110 414 3161; x_wconf 93' lang='lat' dir='ltr'>et</span> <span class='ocrx_word' id='word_1_264' title='bbox 438 3100 571 3179; x_wconf 89' lang='lat' dir='ltr'>exempla</span> <span class='ocrx_word' id='word_1_265' title='bbox 595 3120 670 3180; x_wconf 89' lang='lat' dir='ltr'>quae</span> <span class='ocrx_word' id='word_1_266' title='bbox 694 3120 709 3161; x_wconf 96' lang='lat' dir='ltr'>a</span> <span class='ocrx_word' id='word_1_267' title='bbox 734 3101 868 3162; x_wconf 90' lang='lat' dir='ltr'>Charisio</span> <span class='ocrx_word' id='word_1_268' title='bbox 892 3103 1013 3182; x_wconf 92' lang='lat' dir='ltr'>omissa,</span> <span class='ocrx_word' id='word_1_269' title='bbox 1041 3102 1072 3160; x_wconf 94' lang='lat' dir='ltr'>iu</span> <span class='ocrx_word' id='word_1_270' title='bbox 1096 3105 1244 3180; x_wconf 82' lang='lat' dir='ltr'>excerptis</span> <span class='ocrx_word' id='word_1_271' title='bbox 1268 3102 1366 3162; x_wconf 86' lang='lat' dir='ltr'>addita</span> <span class='ocrx_word' id='word_1_272' title='bbox 1391 3110 1463 3162; x_wconf 90' lang='lat' dir='ltr'>suut</span> 
     </span>
     <span class='ocr_line' id='line_1_27' title="bbox 156 3203 1460 3287; baseline 0.003 -22"><span class='ocrx_word' id='word_1_273' title='bbox 156 3205 304 3287; x_wconf 88' lang='lat' dir='ltr'>exhibuit,</span> <span class='ocrx_word' id='word_1_274' title='bbox 326 3227 354 3286; x_wconf 94' lang='lat' dir='ltr'>p.</span> <span class='ocrx_word' id='word_1_275' title='bbox 373 3205 461 3268; x_wconf 93' lang='grc'>2788</span> <span class='ocrx_word' id='word_1_276' title='bbox 485 3210 558 3281; x_wconf 73' lang='lat' dir='ltr'>iuge</span> <span class='ocrx_word' id='word_1_277' title='bbox 583 3209 701 3267; x_wconf 81' lang='lat' dir='ltr'>versum</span> <span class='ocrx_word' id='word_1_278' title='bbox 721 3206 854 3286; x_wconf 82' lang='lat' dir='ltr'>Vergilii,</span> <span class='ocrx_word' id='word_1_279' title='bbox 877 3227 905 3286; x_wconf 95' lang='lat' dir='ltr'>p.</span> <span class='ocrx_word' id='word_1_280' title='bbox 919 3203 1013 3279; x_wconf 78' lang='lat'>2794</span> <span class='ocrx_word' id='word_1_281' title='bbox 1032 3225 1100 3282; x_wconf 75' lang='lat' dir='ltr'>pue</span> <span class='ocrx_word' id='word_1_282' title='bbox 1123 3208 1290 3287; x_wconf 87' lang='lat' dir='ltr'>exemplum</span> <span class='ocrx_word' id='word_1_283' title='bbox 1315 3207 1460 3269; x_wconf 86' lang='lat' dir='ltr'>Sallustii:</span> 
     </span>
     <span class='ocr_line' id='line_1_28' title="bbox 156 3309 1460 3395; baseline 0.003 -24"><span class='ocrx_word' id='word_1_284' title='bbox 156 3313 192 3371; x_wconf 88' lang='lat' dir='ltr'>cl.</span> <span class='ocrx_word' id='word_1_285' title='bbox 217 3312 328 3373; x_wconf 88' lang='lat' dir='ltr'>Charis.</span> <span class='ocrx_word' id='word_1_286' title='bbox 352 3334 380 3392; x_wconf 92' lang='lat' dir='ltr'>p.</span> <span class='ocrx_word' id='word_1_287' title='bbox 404 3310 461 3394; x_wconf 83' lang='lat'>33,</span> <span class='ocrx_word' id='word_1_288' title='bbox 485 3310 535 3374; x_wconf 89' lang='lat'>30.</span> <span class='ocrx_word' id='word_1_289' title='bbox 560 3310 617 3395; x_wconf 81' lang='grc'>32,</span> <span class='ocrx_word' id='word_1_290' title='bbox 641 3312 661 3374; x_wconf 88' lang='grc'><strong>6</strong></span> <span class='ocrx_word' id='word_1_291' title='bbox 685 3323 716 3375; x_wconf 90' lang='lat' dir='ltr'>et</span> <span class='ocrx_word' id='word_1_292' title='bbox 739 3332 802 3374; x_wconf 89' lang='lat' dir='ltr'>exe.</span> <span class='ocrx_word' id='word_1_293' title='bbox 824 3334 852 3395; x_wconf 91' lang='lat' dir='ltr'>p.</span> <span class='ocrx_word' id='word_1_294' title='bbox 876 3311 956 3394; x_wconf 81' lang='lat'>550,</span> <span class='ocrx_word' id='word_1_295' title='bbox 979 3310 1008 3373; x_wconf 79' lang='grc' dir='ltr'>ὁ.</span> <span class='ocrx_word' id='word_1_296' title='bbox 1038 3309 1117 3393; x_wconf 82' lang='lat'>548,</span> <span class='ocrx_word' id='word_1_297' title='bbox 1141 3311 1170 3375; x_wconf 90' lang='lat'>8.</span> <span class='ocrx_word' id='word_1_298' title='bbox 1207 3314 1298 3375; x_wconf 90' lang='lat' dir='ltr'>semel</span> <span class='ocrx_word' id='word_1_299' title='bbox 1322 3334 1349 3394; x_wconf 90' lang='lat' dir='ltr'>p.</span> <span class='ocrx_word' id='word_1_300' title='bbox 1374 3311 1460 3375; x_wconf 91' lang='grc'>2799</span> 
     </span>
     <span class='ocr_line' id='line_1_29' title="bbox 155 3417 1460 3500; baseline 0.002 -23"><span class='ocrx_word' id='word_1_301' title='bbox 155 3420 185 3477; x_wconf 90' lang='lat' dir='ltr'>in</span> <span class='ocrx_word' id='word_1_302' title='bbox 209 3438 234 3477; x_wconf 84' lang='lat' dir='ltr'>r.</span> <span class='ocrx_word' id='word_1_303' title='bbox 257 3422 385 3495; x_wconf 81' lang='lat' dir='ltr'>sulphor</span> <span class='ocrx_word' id='word_1_304' title='bbox 408 3428 439 3480; x_wconf 89' lang='lat' dir='ltr'>et</span> <span class='ocrx_word' id='word_1_305' title='bbox 461 3423 624 3496; x_wconf 69' lang='lat' dir='ltr'>scripulus</span> <span class='ocrx_word' id='word_1_306' title='bbox 647 3422 710 3499; x_wconf 88' lang='lat' dir='ltr'>ipse</span> <span class='ocrx_word' id='word_1_307' title='bbox 733 3420 846 3481; x_wconf 92' lang='lat' dir='ltr'>addidit</span> <span class='ocrx_word' id='word_1_308' title='bbox 867 3418 1000 3498; x_wconf 89' lang='lat' dir='ltr'>exempla</span> <span class='ocrx_word' id='word_1_309' title='bbox 1019 3417 1138 3499; x_wconf 80' lang='lat' dir='ltr'>Vergilii</span> <span class='ocrx_word' id='word_1_310' title='bbox 1162 3429 1193 3481; x_wconf 89' lang='lat' dir='ltr'>et</span> <span class='ocrx_word' id='word_1_311' title='bbox 1215 3421 1362 3500; x_wconf 87' lang='lat' dir='ltr'>Terentii,</span> <span class='ocrx_word' id='word_1_312' title='bbox 1385 3439 1460 3499; x_wconf 87' lang='lat' dir='ltr'>quae</span> 
     </span>
     <span class='ocr_line' id='line_1_30' title="bbox 156 3525 1461 3607; baseline 0.003 -24"><span class='ocrx_word' id='word_1_313' title='bbox 156 3542 251 3602; x_wconf 89' lang='lat' dir='ltr'>neque</span> <span class='ocrx_word' id='word_1_314' title='bbox 280 3526 356 3604; x_wconf 90' lang='lat' dir='ltr'>apud</span> <span class='ocrx_word' id='word_1_315' title='bbox 381 3525 545 3587; x_wconf 85' lang='lat' dir='ltr'>Charisium</span> <span class='ocrx_word' id='word_1_316' title='bbox 576 3546 671 3606; x_wconf 88' lang='lat' dir='ltr'>neque</span> <span class='ocrx_word' id='word_1_317' title='bbox 700 3530 729 3588; x_wconf 93' lang='lat' dir='ltr'>iu</span> <span class='ocrx_word' id='word_1_318' title='bbox 754 3528 903 3606; x_wconf 81' lang='lat' dir='ltr'>excerptis</span> <span class='ocrx_word' id='word_1_319' title='bbox 931 3525 1084 3605; x_wconf 83' lang='lat' dir='ltr'>leguntur,</span> <span class='ocrx_word' id='word_1_320' title='bbox 1112 3526 1163 3586; x_wconf 92' lang='lat' dir='ltr'>sed</span> <span class='ocrx_word' id='word_1_321' title='bbox 1193 3529 1312 3607; x_wconf 82' lang='lat' dir='ltr'>saepius</span> <span class='ocrx_word' id='word_1_322' title='bbox 1335 3527 1371 3587; x_wconf 93' lang='lat' dir='ltr'>ab</span> <span class='ocrx_word' id='word_1_323' title='bbox 1395 3527 1461 3588; x_wconf 88' lang='lat' dir='ltr'>aliis</span> 
     </span>
     <span class='ocr_line' id='line_1_31' title="bbox 154 3632 1460 3711; baseline 0.002 -20"><span class='ocrx_word' id='word_1_324' title='bbox 154 3634 352 3710; x_wconf 80' lang='lat' dir='ltr'>grammaticis</span> <span class='ocrx_word' id='word_1_325' title='bbox 376 3633 504 3693; x_wconf 90' lang='lat' dir='ltr'>adhibita</span> <span class='ocrx_word' id='word_1_326' title='bbox 529 3643 607 3695; x_wconf 83' lang='lat' dir='ltr'>srmt.</span> <span class='ocrx_word' id='word_1_327' title='bbox 650 3652 718 3695; x_wconf 89' lang='lat' dir='ltr'>oum</span> <span class='ocrx_word' id='word_1_328' title='bbox 742 3632 881 3694; x_wconf 88' lang='lat' dir='ltr'>Diomede</span> <span class='ocrx_word' id='word_1_329' title='bbox 909 3641 1085 3710; x_wconf 89' lang='lat' dir='ltr'>praeterea</span> <span class='ocrx_word' id='word_1_330' title='bbox 1115 3651 1190 3711; x_wconf 90' lang='lat' dir='ltr'>quae</span> <span class='ocrx_word' id='word_1_331' title='bbox 1219 3635 1249 3693; x_wconf 90' lang='lat' dir='ltr'>iu</span> <span class='ocrx_word' id='word_1_332' title='bbox 1278 3635 1363 3695; x_wconf 89' lang='lat' dir='ltr'>initio</span> <span class='ocrx_word' id='word_1_333' title='bbox 1391 3633 1460 3694; x_wconf 92' lang='lat' dir='ltr'>libri</span> 
     </span>
     <span class='ocr_line' id='line_1_32' title="bbox 155 3737 1459 3820; baseline 0.003 -24"><span class='ocrx_word' id='word_1_334' title='bbox 155 3737 191 3796; x_wconf 90' lang='lat' dir='ltr'>de</span> <span class='ocrx_word' id='word_1_335' title='bbox 215 3740 293 3798; x_wconf 91' lang='lat' dir='ltr'>notis</span> <span class='ocrx_word' id='word_1_336' title='bbox 318 3738 482 3799; x_wconf 90' lang='lat' dir='ltr'>litterarum</span> <span class='ocrx_word' id='word_1_337' title='bbox 502 3742 611 3820; x_wconf 87' lang='lat' dir='ltr'>scripta</span> <span class='ocrx_word' id='word_1_338' title='bbox 631 3749 702 3801; x_wconf 90' lang='lat' dir='ltr'>suut</span> <span class='ocrx_word' id='word_1_339' title='bbox 725 3741 850 3800; x_wconf 86' lang='lat' dir='ltr'>maxime</span> <span class='ocrx_word' id='word_1_340' title='bbox 874 3739 1065 3799; x_wconf 88' lang='lat' dir='ltr'>consentiunt</span> <span class='ocrx_word' id='word_1_341' title='bbox 1088 3738 1293 3800; x_wconf 87' lang='lat' dir='ltr'>adnotationes</span> <span class='ocrx_word' id='word_1_342' title='bbox 1317 3740 1352 3799; x_wconf 91' lang='lat' dir='ltr'>de</span> <span class='ocrx_word' id='word_1_343' title='bbox 1376 3759 1459 3819; x_wconf 92' lang='lat' dir='ltr'>prae·</span> 
     </span>
     <span class='ocr_line' id='line_1_33' title="bbox 155 3840 1460 3927; baseline 0.004 -24"><span class='ocrx_word' id='word_1_344' title='bbox 155 3844 350 3922; x_wconf 87' lang='lat' dir='ltr'>positionibus</span> <span class='ocrx_word' id='word_1_345' title='bbox 374 3849 413 3906; x_wconf 82' lang='lat' dir='ltr'>nb</span> <span class='ocrx_word' id='word_1_346' title='bbox 436 3855 468 3908; x_wconf 91' lang='lat' dir='ltr'>et</span> <span class='ocrx_word' id='word_1_347' title='bbox 489 3867 529 3909; x_wconf 73' lang='lat' dir='ltr'>ea</span> <span class='ocrx_word' id='word_1_348' title='bbox 552 3866 579 3926; x_wconf 94' lang='lat' dir='ltr'>p.</span> <span class='ocrx_word' id='word_1_349' title='bbox 604 3843 701 3927; x_wconf 78' lang='lat'>2776,</span> <span class='ocrx_word' id='word_1_350' title='bbox 725 3850 756 3906; x_wconf 79' lang='lat' dir='ltr'>in</span> <span class='ocrx_word' id='word_1_351' title='bbox 780 3866 808 3926; x_wconf 91' lang='lat' dir='ltr'>p.</span> <span class='ocrx_word' id='word_1_352' title='bbox 832 3841 936 3926; x_wconf 79' lang='grc' dir='ltr'>2788,Ι</span> <span class='ocrx_word' id='word_1_353' title='bbox 948 3861 1008 3919; x_wconf 86' lang='lat' dir='ltr'>pro</span> <span class='ocrx_word' id='word_1_354' title='bbox 1031 3862 1059 3923; x_wconf 92' lang='lat' dir='ltr'>p.</span> <span class='ocrx_word' id='word_1_355' title='bbox 1079 3840 1176 3919; x_wconf 78' lang='lat'>2794,</span> <span class='ocrx_word' id='word_1_356' title='bbox 1198 3865 1292 3923; x_wconf 85' lang='lat' dir='ltr'>snper</span> <span class='ocrx_word' id='word_1_357' title='bbox 1314 3865 1342 3925; x_wconf 96' lang='lat' dir='ltr'>p.</span> <span class='ocrx_word' id='word_1_358' title='bbox 1361 3843 1460 3921; x_wconf 85' lang='grc'>2798,</span> 
     </span>
     <span class='ocr_line' id='line_1_34' title="bbox 153 3947 1460 4034; baseline 0.005 -25"><span class='ocrx_word' id='word_1_359' title='bbox 153 3954 208 4010; x_wconf 83' lang='lat' dir='ltr'>sub</span> <span class='ocrx_word' id='word_1_360' title='bbox 226 3971 256 4030; x_wconf 89' lang='lat' dir='ltr'>p.</span> <span class='ocrx_word' id='word_1_361' title='bbox 271 3950 356 4013; x_wconf 90' lang='grc'>2799</span> <span class='ocrx_word' id='word_1_362' title='bbox 377 3962 407 4013; x_wconf 95' lang='lat' dir='ltr'>et</span> <span class='ocrx_word' id='word_1_363' title='bbox 426 3953 461 4013; x_wconf 91' lang='lat' dir='ltr'>de</span> <span class='ocrx_word' id='word_1_364' title='bbox 481 3953 620 4015; x_wconf 86' lang='lat' dir='ltr'>adverbio</span> <span class='ocrx_word' id='word_1_365' title='bbox 641 3960 673 4014; x_wconf 86' lang='lat' dir='ltr'>ut</span> <span class='ocrx_word' id='word_1_366' title='bbox 691 3973 719 4034; x_wconf 91' lang='lat' dir='ltr'>p.</span> <span class='ocrx_word' id='word_1_367' title='bbox 734 3949 835 4014; x_wconf 80' lang='lat'>2803:</span> <span class='ocrx_word' id='word_1_368' title='bbox 859 3953 896 4012; x_wconf 86' lang='lat' dir='ltr'>ol.</span> <span class='ocrx_word' id='word_1_369' title='bbox 911 3951 1004 4012; x_wconf 88' lang='lat' dir='ltr'>Diem.</span> <span class='ocrx_word' id='word_1_370' title='bbox 1020 3970 1047 4030; x_wconf 94' lang='lat' dir='ltr'>p.</span> <span class='ocrx_word' id='word_1_371' title='bbox 1063 3947 1126 4011; x_wconf 87' lang='grc'>411</span> <span class='ocrx_word' id='word_1_372' title='bbox 1144 3970 1207 4030; x_wconf 86' lang='lat' dir='ltr'>sqq.</span> <span class='ocrx_word' id='word_1_373' title='bbox 1228 3963 1258 4012; x_wconf 92' lang='lat' dir='ltr'>et</span> <span class='ocrx_word' id='word_1_374' title='bbox 1276 3951 1394 4034; x_wconf 73' lang='lat' dir='ltr'>ptos,</span> <span class='ocrx_word' id='word_1_375' title='bbox 1411 3952 1460 4015; x_wconf 85' lang='lat'>10.</span> 
     </span>
     <span class='ocr_line' id='line_1_35' title="bbox 155 4058 1462 4140; baseline 0.003 -24"><span class='ocrx_word' id='word_1_376' title='bbox 155 4076 222 4119; x_wconf 90' lang='lat' dir='ltr'>nam</span> <span class='ocrx_word' id='word_1_377' title='bbox 246 4078 320 4138; x_wconf 88' lang='lat' dir='ltr'>quae</span> <span class='ocrx_word' id='word_1_378' title='bbox 344 4070 497 4140; x_wconf 89' lang='lat' dir='ltr'>praeterea</span> <span class='ocrx_word' id='word_1_379' title='bbox 517 4061 551 4120; x_wconf 92' lang='lat' dir='ltr'>ad</span> <span class='ocrx_word' id='word_1_380' title='bbox 577 4060 704 4121; x_wconf 88' lang='lat' dir='ltr'>eundem</span> <span class='ocrx_word' id='word_1_381' title='bbox 723 4068 876 4121; x_wconf 90' lang='lat' dir='ltr'>auctorem</span> <span class='ocrx_word' id='word_1_382' title='bbox 898 4058 1006 4117; x_wconf 85' lang='lat' dir='ltr'>reterri</span> <span class='ocrx_word' id='word_1_383' title='bbox 1029 4068 1154 4135; x_wconf 89' lang='lat' dir='ltr'>possunt</span> <span class='ocrx_word' id='word_1_384' title='bbox 1177 4059 1212 4118; x_wconf 92' lang='lat' dir='ltr'>de</span> <span class='ocrx_word' id='word_1_385' title='bbox 1238 4059 1408 4120; x_wconf 89' lang='lat' dir='ltr'>nominibus</span> <span class='ocrx_word' id='word_1_386' title='bbox 1431 4070 1462 4120; x_wconf 92' lang='lat' dir='ltr'>et</span> 
     </span>
     <span class='ocr_line' id='line_1_36' title="bbox 154 4164 1459 4243; baseline 0.002 -20"><span class='ocrx_word' id='word_1_387' title='bbox 154 4169 375 4226; x_wconf 87' lang='lat' dir='ltr'>constructione</span> <span class='ocrx_word' id='word_1_388' title='bbox 400 4167 557 4227; x_wconf 85' lang='lat' dir='ltr'>verborum</span> <span class='ocrx_word' id='word_1_389' title='bbox 586 4167 695 4227; x_wconf 91' lang='lat' dir='ltr'>leviora</span> <span class='ocrx_word' id='word_1_390' title='bbox 719 4177 790 4227; x_wconf 89' lang='lat' dir='ltr'>sunt</span> <span class='ocrx_word' id='word_1_391' title='bbox 818 4174 848 4226; x_wconf 91' lang='lat' dir='ltr'>et</span> <span class='ocrx_word' id='word_1_392' title='bbox 876 4164 913 4225; x_wconf 95' lang='lat' dir='ltr'>ab</span> <span class='ocrx_word' id='word_1_393' title='bbox 936 4164 1001 4225; x_wconf 90' lang='lat' dir='ltr'>aliis</span> <span class='ocrx_word' id='word_1_394' title='bbox 1025 4165 1113 4224; x_wconf 89' lang='lat' dir='ltr'>etiam</span> <span class='ocrx_word' id='word_1_395' title='bbox 1140 4167 1200 4243; x_wconf 89' lang='lat' dir='ltr'>peti</span> <span class='ocrx_word' id='word_1_396' title='bbox 1228 4173 1374 4243; x_wconf 89' lang='lat' dir='ltr'>poterant.</span> <span class='ocrx_word' id='word_1_397' title='bbox 1411 4164 1459 4225; x_wconf 94' lang='lat' dir='ltr'>illa</span> 
     </span>
     <span class='ocr_line' id='line_1_37' title="bbox 154 4269 1459 4353; baseline 0.004 -24"><span class='ocrx_word' id='word_1_398' title='bbox 154 4290 223 4331; x_wconf 86' lang='lat' dir='ltr'>vero</span> <span class='ocrx_word' id='word_1_399' title='bbox 247 4273 283 4332; x_wconf 90' lang='lat' dir='ltr'>de</span> <span class='ocrx_word' id='word_1_400' title='bbox 312 4273 418 4334; x_wconf 89' lang='lat' dir='ltr'>litteris</span> <span class='ocrx_word' id='word_1_401' title='bbox 442 4283 471 4333; x_wconf 92' lang='lat' dir='ltr'>et</span> <span class='ocrx_word' id='word_1_402' title='bbox 499 4274 534 4333; x_wconf 93' lang='lat' dir='ltr'>de</span> <span class='ocrx_word' id='word_1_403' title='bbox 562 4271 831 4352; x_wconf 89' lang='lat' dir='ltr'>praepositionibus</span> <span class='ocrx_word' id='word_1_404' title='bbox 861 4273 949 4332; x_wconf 90' lang='lat' dir='ltr'>etiam</span> <span class='ocrx_word' id='word_1_405' title='bbox 977 4272 1007 4330; x_wconf 91' lang='lat' dir='ltr'>in</span> <span class='ocrx_word' id='word_1_406' title='bbox 1037 4279 1100 4330; x_wconf 93' lang='lat' dir='ltr'>arte</span> <span class='ocrx_word' id='word_1_407' title='bbox 1125 4269 1258 4331; x_wconf 88' lang='lat' dir='ltr'>Dosithei</span> <span class='ocrx_word' id='word_1_408' title='bbox 1285 4292 1312 4351; x_wconf 88' lang='lat' dir='ltr'>p.</span> <span class='ocrx_word' id='word_1_409' title='bbox 1340 4269 1379 4333; x_wconf 85' lang='lat'>13</span> <span class='ocrx_word' id='word_1_410' title='bbox 1395 4292 1459 4353; x_wconf 90' lang='lat' dir='ltr'>sqq.</span> 
     </span>
     <span class='ocr_line' id='line_1_38' title="bbox 154 4376 1458 4460; baseline 0.002 -23"><span class='ocrx_word' id='word_1_411' title='bbox 154 4386 184 4438; x_wconf 90' lang='lat' dir='ltr'>et</span> <span class='ocrx_word' id='word_1_412' title='bbox 207 4398 233 4458; x_wconf 94' lang='lat' dir='ltr'>p.</span> <span class='ocrx_word' id='word_1_413' title='bbox 257 4377 301 4440; x_wconf 79' lang='grc'>42</span> <span class='ocrx_word' id='word_1_414' title='bbox 316 4399 378 4459; x_wconf 90' lang='lat' dir='ltr'>sqq.</span> <span class='ocrx_word' id='word_1_415' title='bbox 404 4383 513 4459; x_wconf 89' lang='lat' dir='ltr'>scripta</span> <span class='ocrx_word' id='word_1_416' title='bbox 537 4388 619 4460; x_wconf 87' lang='lat' dir='ltr'>sunt,</span> <span class='ocrx_word' id='word_1_417' title='bbox 647 4389 677 4439; x_wconf 88' lang='lat' dir='ltr'>et</span> <span class='ocrx_word' id='word_1_418' title='bbox 701 4378 862 4439; x_wconf 89' lang='lat' dir='ltr'>nonnulla</span> <span class='ocrx_word' id='word_1_419' title='bbox 886 4395 921 4437; x_wconf 93' lang='lat' dir='ltr'>ex</span> <span class='ocrx_word' id='word_1_420' title='bbox 953 4376 1000 4436; x_wconf 91' lang='lat' dir='ltr'>his</span> <span class='ocrx_word' id='word_1_421' title='bbox 1023 4378 1191 4437; x_wconf 87' lang='lat' dir='ltr'>accuratius</span> <span class='ocrx_word' id='word_1_422' title='bbox 1214 4396 1302 4455; x_wconf 88' lang='lat' dir='ltr'>quam</span> <span class='ocrx_word' id='word_1_423' title='bbox 1326 4397 1359 4439; x_wconf 91' lang='lat' dir='ltr'>ea</span> <span class='ocrx_word' id='word_1_424' title='bbox 1383 4398 1458 4458; x_wconf 90' lang='lat' dir='ltr'>quae</span> 
     </span>
     <span class='ocr_line' id='line_1_39' title="bbox 154 4483 1458 4564; baseline 0.003 -21"><span class='ocrx_word' id='word_1_425' title='bbox 154 4486 230 4564; x_wconf 90' lang='lat' dir='ltr'>apud</span> <span class='ocrx_word' id='word_1_426' title='bbox 260 4484 429 4546; x_wconf 88' lang='lat' dir='ltr'>Diomedem</span> <span class='ocrx_word' id='word_1_427' title='bbox 458 4485 598 4564; x_wconf 90' lang='lat' dir='ltr'>leguntur</span> <span class='ocrx_word' id='word_1_428' title='bbox 627 4504 694 4546; x_wconf 92' lang='lat' dir='ltr'>cum</span> <span class='ocrx_word' id='word_1_429' title='bbox 723 4486 871 4563; x_wconf 86' lang='lat' dir='ltr'>excerptis</span> <span class='ocrx_word' id='word_1_430' title='bbox 898 4483 995 4543; x_wconf 77' lang='lat' dir='ltr'>bedae</span> <span class='ocrx_word' id='word_1_431' title='bbox 1023 4485 1223 4545; x_wconf 90' lang='lat' dir='ltr'>consentiunt.</span> <span class='ocrx_word' id='word_1_432' title='bbox 1260 4502 1352 4562; x_wconf 90' lang='lat' dir='ltr'>quare</span> <span class='ocrx_word' id='word_1_433' title='bbox 1381 4485 1458 4547; x_wconf 91' lang='lat' dir='ltr'>haud</span> 
     </span>
     <span class='ocr_line' id='line_1_40' title="bbox 154 4589 1457 4672; baseline 0.002 -21"><span class='ocrx_word' id='word_1_434' title='bbox 154 4594 215 4652; x_wconf 93' lang='lat' dir='ltr'>scio</span> <span class='ocrx_word' id='word_1_435' title='bbox 239 4611 275 4653; x_wconf 90' lang='lat' dir='ltr'>an</span> <span class='ocrx_word' id='word_1_436' title='bbox 299 4592 371 4653; x_wconf 91' lang='lat' dir='ltr'>baec</span> <span class='ocrx_word' id='word_1_437' title='bbox 396 4593 440 4653; x_wconf 83' lang='lat' dir='ltr'>rel</span> <span class='ocrx_word' id='word_1_438' title='bbox 464 4611 498 4652; x_wconf 90' lang='lat' dir='ltr'>ex</span> <span class='ocrx_word' id='word_1_439' title='bbox 523 4595 587 4672; x_wconf 91' lang='lat' dir='ltr'>ipso</span> <span class='ocrx_word' id='word_1_440' title='bbox 611 4590 745 4653; x_wconf 88' lang='lat' dir='ltr'>Dositbei</span> <span class='ocrx_word' id='word_1_441' title='bbox 772 4590 817 4651; x_wconf 90' lang='lat' dir='ltr'>vel</span> <span class='ocrx_word' id='word_1_442' title='bbox 841 4610 877 4651; x_wconf 88' lang='lat' dir='ltr'>ex</span> <span class='ocrx_word' id='word_1_443' title='bbox 901 4591 989 4652; x_wconf 92' lang='lat' dir='ltr'>simili</span> <span class='ocrx_word' id='word_1_444' title='bbox 1011 4589 1088 4651; x_wconf 95' lang='lat' dir='ltr'>libro</span> <span class='ocrx_word' id='word_1_445' title='bbox 1111 4592 1212 4672; x_wconf 85' lang='lat' dir='ltr'>potius</span> <span class='ocrx_word' id='word_1_446' title='bbox 1235 4609 1322 4669; x_wconf 87' lang='lat' dir='ltr'>quam</span> <span class='ocrx_word' id='word_1_447' title='bbox 1346 4611 1362 4653; x_wconf 93' lang='lat' dir='ltr'>a</span> <span class='ocrx_word' id='word_1_448' title='bbox 1391 4592 1457 4654; x_wconf 89' lang='lat' dir='ltr'>Dio·</span> 
     </span>
     <span class='ocr_line' id='line_1_41' title="bbox 154 4696 1458 4780; baseline 0.001 -21"><span class='ocrx_word' id='word_1_449' title='bbox 154 4700 237 4759; x_wconf 91' lang='lat' dir='ltr'>mede</span> <span class='ocrx_word' id='word_1_450' title='bbox 261 4700 421 4780; x_wconf 86' lang='lat' dir='ltr'>repetenda</span> <span class='ocrx_word' id='word_1_451' title='bbox 445 4703 513 4760; x_wconf 90' lang='lat' dir='ltr'>sint.</span> <span class='ocrx_word' id='word_1_452' title='bbox 550 4699 656 4760; x_wconf 89' lang='lat' dir='ltr'>deiude</span> <span class='ocrx_word' id='word_1_453' title='bbox 680 4717 750 4759; x_wconf 79' lang='lat' dir='ltr'>vero</span> <span class='ocrx_word' id='word_1_454' title='bbox 775 4697 862 4777; x_wconf 82' lang='lat' dir='ltr'>Capri</span> <span class='ocrx_word' id='word_1_455' title='bbox 886 4704 917 4758; x_wconf 90' lang='lat' dir='ltr'>et</span> <span class='ocrx_word' id='word_1_456' title='bbox 935 4699 1073 4779; x_wconf 81' lang='lat' dir='ltr'>Agroecii</span> <span class='ocrx_word' id='word_1_457' title='bbox 1096 4696 1164 4756; x_wconf 92' lang='lat' dir='ltr'>libri</span> <span class='ocrx_word' id='word_1_458' title='bbox 1189 4697 1225 4758; x_wconf 90' lang='lat' dir='ltr'>de</span> <span class='ocrx_word' id='word_1_459' title='bbox 1249 4698 1458 4780; x_wconf 87' lang='lat' dir='ltr'>orthographia</span> 
     </span>
     <span class='ocr_line' id='line_1_42' title="bbox 153 4803 1458 4895; baseline 0.002 -31"><span class='ocrx_word' id='word_1_460' title='bbox 153 4808 324 4886; x_wconf 83' lang='lat' dir='ltr'>saepissime</span> <span class='ocrx_word' id='word_1_461' title='bbox 353 4826 369 4865; x_wconf 92' lang='lat' dir='ltr'>a</span> <span class='ocrx_word' id='word_1_462' title='bbox 393 4805 470 4866; x_wconf 89' lang='lat' dir='ltr'>Beda</span> <span class='ocrx_word' id='word_1_463' title='bbox 499 4809 634 4895; x_wconf 90' lang='lat' dir='ltr'>usurpati</span> <span class='ocrx_word' id='word_1_464' title='bbox 661 4815 738 4867; x_wconf 91' lang='lat' dir='ltr'>suut.</span> <span class='ocrx_word' id='word_1_465' title='bbox 783 4824 851 4867; x_wconf 88' lang='lat' dir='ltr'>uam</span> <span class='ocrx_word' id='word_1_466' title='bbox 879 4813 910 4866; x_wconf 91' lang='lat' dir='ltr'>et</span> <span class='ocrx_word' id='word_1_467' title='bbox 938 4825 973 4867; x_wconf 90' lang='lat' dir='ltr'>ex</span> <span class='ocrx_word' id='word_1_468' title='bbox 1001 4803 1210 4886; x_wconf 90' lang='lat' dir='ltr'>orthographia</span> <span class='ocrx_word' id='word_1_469' title='bbox 1239 4804 1341 4888; x_wconf 88' lang='lat' dir='ltr'>Capri,</span> <span class='ocrx_word' id='word_1_470' title='bbox 1369 4825 1458 4886; x_wconf 90' lang='lat' dir='ltr'>quem</span> 
     </span>
    </p>
   </div>
   <div class='ocr_carea' id='block_1_3' title="bbox 0 0 1662 5474">
    <p class='ocr_par' dir='ltr' id='par_1_4' title="bbox 0 0 1662 5474">
     <span class='ocr_line' id='line_1_43' title="bbox 0 0 1662 5474; baseline 0 1"><span class='ocrx_word' id='word_1_471' title='bbox 0 0 1662 5474; x_wconf 95' lang='lat' dir='ltr'> </span> 
     </span>
    </p>
   </div>
  </div>
 </body>
</html>
