3316 5474
223 353 287 417 192
762 353 991 409 CASSIODORII

220 463 241 499 p.
256 453 309 493 asoa
324 453 349 492 P.

220 537 288 597 liter
316 537 526 616 paenultimam
560 540 668 619 tenuit,
701 547 732 599 et
764 538 918 600 sciendum
945 539 1038 618 quod,
1071 541 1132 599 sive
1162 549 1252 600 eruant
1281 539 1434 620 disyllaba,
1466 541 1528 600 sive

220 643 300 704 hunc
327 644 531 723 ampliaverint
559 664 732 726 numerum,
766 648 827 706 sive
857 648 945 706 unius
974 664 1026 707 seu
1056 648 1146 706 trium
1174 664 1318 726 generum
1346 647 1471 726 luerint,
1504 649 1529 706 si

221 751 381 811 secundam
401 750 437 811 ab
457 750 558 812 ultima
582 751 698 831 longam
722 751 863 832 babeant,
886 754 982 812 omnia
1006 770 1096 831 perv
1120 753 1250 813 vocalem
1273 772 1328 833 pro
1347 762 1528 814 consonante

221 856 406 940 scribentur,
428 868 463 919 ut
485 861 566 919 rivus
591 859 684 920 clivus
707 861 800 920 ssavus
823 861 967 938 positivus
986 862 1203 939 comparativus
1221 870 1252 921 et
1275 859 1351 921 talia.
1387 862 1527 921 memine-

221 966 315 1025 rimus
338 974 437 1027 tamen
462 965 540 1045 quod
565 966 718 1026 mobilium
739 970 893 1027 nominum
917 968 1056 1028 feminina
1080 976 1247 1047 neutraque
1270 986 1378 1047 genera
1402 967 1527 1028 similem
1556 982 1569 1020 ⁵

224 1072 454 1134 masculinorum
479 1092 602 1134 suorum
626 1076 804 1153 scripturam
828 1075 1010 1154 suscipiunt,
1033 1083 1066 1135 ut
1089 1073 1181 1135 llavus
1204 1075 1276 1134 llava
1300 1074 1422 1154 ssavum,
1445 1073 1529 1135 albus

220 1177 284 1238 alba
306 1179 404 1240 allnrm
424 1189 457 1240 ac
477 1180 552 1241 talia.
586 1180 637 1241 sed
657 1184 725 1260 quia
745 1200 804 1241 non
824 1183 922 1242 omnia
941 1183 971 1242 in
991 1180 1048 1242 bus
1067 1181 1232 1242 desinentia
1251 1184 1382 1243 existunt
1401 1181 1529 1262 mobilia,

221 1287 300 1346 sicut
323 1287 352 1345 in
377 1289 523 1366 principio
547 1288 636 1348 buius
659 1288 778 1367 regulae
802 1306 911 1367 genera
934 1288 1100 1349 dividentes
1118 1306 1173 1349 nos
1197 1288 1374 1349 disseruisse
1394 1290 1527 1348 memini-

221 1409 287 1451 mus
315 1385 474 1473 (quaedam
501 1396 580 1455 enim
609 1395 763 1456 masculini
790 1397 909 1474 generis
936 1397 1129 1457 inveniuntur
1157 1394 1354 1476 solummodo,
1382 1405 1417 1456 ut
1443 1395 1529 1456 cibus

221 1497 354 1580 nimbus,
377 1501 521 1579 quaedam
540 1503 694 1563 masculini
718 1512 749 1563 et
772 1503 921 1583 feminini,
945 1512 978 1564 ut
1001 1522 1107 1563 cervus
1125 1521 1225 1584 cerva,
1249 1503 1391 1582 quaedam
1413 1511 1528 1584 neutra,
1544 1517 1568 1553 1⁰

220 1613 253 1665 ut
276 1600 394 1689 aevum)
427 1608 581 1669 sciendum
609 1608 687 1689 quod
717 1612 806 1669 etiam
833 1617 952 1691 neutra,
981 1628 1055 1689 quae
1080 1628 1096 1669 a
1119 1611 1292 1689 posteritate
1322 1608 1378 1669 bus
1401 1608 1527 1688 syllabae

220 1731 279 1771 non
300 1716 436 1795 veniunt,
458 1735 513 1794 per
532 1735 549 1774 v
568 1716 736 1796 digammon
756 1715 944 1797 scribuntur,
963 1724 996 1777 ut
1014 1735 1101 1777 ovum
1121 1735 1223 1777 arvum
1242 1717 1381 1795 bervum,
1404 1725 1528 1795 excepto

219 1817 293 1899 libo,
321 1819 350 1879 id
380 1831 426 1882 cst
453 1815 602 1908 ποπάνῳ,
644 1823 726 1883 verbi
755 1825 833 1883 enim
861 1822 963 1883 ultima
991 1822 1100 1902 syllaba
1129 1842 1181 1902 per
1205 1822 1223 1882 b
1252 1831 1362 1883 mutam
1387 1821 1529 1882 scribitur

220 1924 274 1985 bac
303 1926 339 1987 de
363 1947 465 2008 causa,
494 1930 572 2009 quod
600 1950 617 1990 a
640 1930 764 1991 verbere
792 1929 903 1990 dictum
927 1948 993 1990 esso
1023 1939 1139 1992 veteres
1163 1931 1418 2008 existimaverunt,
1442 1930 1528 1988 cuius

218 2035 364 2095 rationem
387 2038 418 2095 in
442 2043 509 2095 ante
533 2035 599 2096 latis
623 2036 782 2097 tradidisse
806 2038 1021 2115 cognoscimus.
1543 2048 1567 2085 ¹⁵

223 2156 436 2166 ———.-——

309 2213 394 2275 3pr0
414 2208 531 2262 sonante
550 2207 578 2260 Β
631 2208 754 2277 drivus]
774 2207 865 2262 miuus
883 2208 910 2261 A
965 2205 1173 2277 companaticus
1191 2210 1221 2262 ab
1238 2207 1308 2262 buliu
1328 2206 1434 2272 Carrio,
1454 2220 1527 2258 com·

222 2284 361 2353 positiuns
377 2287 476 2340 etalio
489 2286 580 2340 ABG
632 2290 699 2342 dui
716 2288 815 2343 fluuius
833 2288 918 2343 flaniu
934 2287 1094 2342 fluuiumC
1145 2287 1229 2342 ‘lsed
1243 2287 1379 2358 quianon
1393 2285 1488 2340 omniu
1501 2285 1528 2337 B

221 2364 270 2418 sed
283 2382 355 2433 quae
370 2366 465 2421 omnia
479 2365 535 2419 AG
595 2373 625 2420 11
643 2367 841 2436 sciendumque
855 2368 941 2423 etiam
954 2369 1054 2423 uentre
1071 2367 1099 2420 Β
1117 2367 1316 2435 sciendumque
1330 2374 1345 2421 ὁ
1360 2370 1459 2422 nenne
1473 2369 1531 2421 AC

220 2444 363 2499 sciendum
382 2448 426 2500 est
444 2446 518 2515 quod
536 2449 637 2502 neutra
657 2447 755 2503 Carrio
817 2448 1012 2522 syllebp‘cova.
1030 2447 1078 2501 -bu
1096 2447 1123 2500 Β
1188 2455 1220 2501 12
1240 2447 1399 2502 scribuntur
1415 2446 1444 2499 B
1462 2447 1528 2501 scri-

219 2525 323 2579 bentur
341 2524 400 2577 AO
470 2532 502 2580 15
522 2528 716 2598 cognoscimus
736 2528 765 2597 0,
785 2545 854 2584 corr.
874 2546 919 2581 -nr
937 2528 964 2581 Β
984 2527 1176 2598 cognoscimur
1194 2527 1221 2579 A

229 2709 660 2719 Qum,

674 2832 858 2889 MARTYRII
877 2833 925 2886 DE
946 2832 968 2885 B
985 2832 1033 2886 ΕΤ
1050 2833 1076 2886 V

222 2998 395 3060 naturaliter
414 3000 623 3079 paenultimam
643 3002 753 3076 tenuit,
777 3009 807 3059 et
826 2999 980 3060 sciendum
999 2999 1092 3079 quod,
1112 3000 1172 3059 sive
1193 3010 1281 3060 erunt
1300 2999 1447 3080 disyllaba,
1466 3001 1527 3059 sive

221 3103 299 3164 laune
328 3106 531 3185 ampliaverint
559 3125 731 3186 numerum,
760 3108 820 3166 sive
850 3109 940 3167 tinius
970 3125 1022 3184 seu
1058 3107 1147 3165 trium
1176 3126 1318 3186 generum
1348 3107 1471 3186 laverint,
1503 3108 1527 3164 si

221 3212 381 3272 secundam
410 3213 446 3272 ab
475 3212 577 3274 ultima
610 3212 726 3293 longam
756 3213 896 3294 babeant,
924 3214 1021 3273 omnia
1053 3229 1107 3291 per
1136 3230 1152 3268 v
1183 3212 1313 3272 vocalem
1341 3230 1396 3291 pro
1425 3230 1527 3271 conso·

222 3327 309 3379 nante
340 3320 519 3399 scribentur,
550 3329 583 3381 ut
613 3323 693 3380 rivus
724 3319 817 3380 clivus
847 3321 939 3380 llavus
969 3321 1113 3399 positivus
1144 3321 1361 3398 comparativus
1392 3329 1422 3381 ct
1453 3318 1528 3380 talia.

221 3428 445 3487 meminerimus
472 3436 570 3489 tamen
600 3427 678 3508 quod
707 3426 859 3487 mobilium
885 3427 1036 3486 nominum
1060 3425 1207 3484 feminina
1231 3410 1395 3504 neutraque
1419 3435 1556 3505 generat

223 3533 348 3593 similem
369 3535 599 3595 masculinorum
619 3552 742 3594 suorum
762 3524 940 3612 scripturam
960 3533 1140 3611 suscipiunt,
1159 3540 1192 3591 ut
1210 3531 1302 3593 ssavus
1320 3533 1393 3592 llava
1411 3532 1527 3612 llavum,

222 3639 305 3700 albus
329 3641 392 3701 alba
416 3641 515 3702 album
539 3659 572 3700 ac
597 3640 671 3700 talia.
709 3639 761 3700 sed
785 3642 854 3718 quia
878 3658 937 3700 non
957 3640 1054 3698 omnia
1076 3639 1107 3697 in
1127 3636 1183 3699 bus
1207 3637 1371 3699 desinentia
1394 3641 1526 3699 existunt

221 3746 353 3827 mobilia,
387 3750 464 3807 sicut
498 3750 527 3807 in
558 3749 704 3826 principio
739 3745 829 3807 hrains
859 3745 977 3825 regulae
1015 3762 1124 3825 genera
1156 3745 1321 3806 dividentes
1350 3744 1527 3806 disseruisse

221 3855 410 3915 meminimus
439 3847 597 3935 (quaedam
626 3854 704 3912 enim
727 3851 883 3912 masculini
912 3853 1030 3930 generis
1053 3852 1245 3912 inveniuntur
1268 3852 1466 3932 solummodo,
1495 3861 1527 3911 ut

222 3958 306 4019 cibus
330 3959 462 4041 nimbus,
487 3959 629 4040 quaedam
654 3957 808 4018 masculini
832 3966 862 4018 et
891 3959 1039 4038 seminini,
1067 3966 1100 4018 ut
1127 3976 1233 4019 cervus
1257 3977 1357 4040 cerva,
1384 3959 1526 4038 quaedam
1542 3968 1568 4005 ¹0

221 4074 341 4147 neutra,
369 4077 402 4128 ut
430 4062 562 4150 aevum),
591 4065 747 4127 sciendum
775 4064 853 4144 quod
883 4067 970 4125 etiam
998 4072 1104 4125 neutra
1133 4083 1207 4144 quae
1231 4083 1246 4124 a
1275 4068 1448 4145 posteritate
1471 4065 1527 4128 bns

221 4172 346 4252 syllabae
365 4168 430 4235 ‘non
454 4176 576 4234 veniunt
599 4192 653 4253 per
676 4192 692 4231 v
716 4174 883 4251 digammon
907 4169 1094 4250 scribuntur,
1121 4179 1154 4231 ut
1177 4189 1265 4231 ovum
1288 4190 1391 4233 arvum
1415 4191 1527 4249 ervum,

221 4291 344 4361 excepto
372 4281 433 4341 libo
456 4272 604 4364 ποπάνῳ.
642 4279 724 4341 verbi
753 4280 832 4338 enim
861 4277 962 4338 ultima
991 4276 1099 4356 syllaba
1127 4278 1222 4357 perb
1251 4287 1362 4340 mutam
1385 4278 1527 4338 scribitur

221 4387 276 4448 bac
306 4387 342 4448 de
366 4405 467 4468 causa,
496 4387 574 4466 quud
603 4405 619 4447 a
643 4385 766 4466 verbere
790 4384 903 4445 dictum
926 4402 992 4444 esse
1018 4391 1133 4444 veteres
1157 4388 1413 4465 existimaverunt,
1442 4386 1527 4444 cuius

223 4495 367 4554 rationem
391 4496 419 4554 iu
444 4500 512 4554 ante
536 4492 603 4554 latis
627 4492 783 4553 tradidisse
808 4494 1023 4571 cognoscimus.
1543 4504 1568 4541 ¹5

226 4613 330 4621 —-—--.
335 4617 375 4623 .-
385 4622 390 4625 „

295 4672 307 4718 1
329 4624 486 4735 penultima
498 4665 529 4720 P
581 4672 597 4719 3
617 4663 723 4734 omnia]
739 4662 853 4718 nomina
866 4664 929 4718 NP
980 4668 1047 4720 dut
1059 4663 1149 4719 triens
1163 4663 1192 4716 P
1241 4665 1270 4718 et
1286 4662 1344 4717 aliu
1360 4662 1394 4716 N
1446 4667 1460 4716 'l
1480 4662 1529 4716 sed

222 4749 260 4812 qn
277 4748 297 4797 fi
316 4745 409 4799 omnia
427 4746 456 4798 P
470 4745 519 4799 sed
538 4744 605 4814 quin
624 4744 738 4798 nomina
755 4742 789 4796 N
866 4751 898 4797 12
918 4761 1014 4799 ervum
1032 4762 1129 4799 arvum
1148 4744 1181 4797 N
1249 4748 1281 4795 13
1303 4742 1362 4797 libo
1380 4761 1492 4797 ποπανο
1512 4759 1529 4795 u

222 4824 300 4879 verbi
319 4824 351 4877 N
368 4825 439 4879 libro
458 4844 595 4878 πωπανου
615 4824 695 4878 verbi
713 4824 741 4876 P
801 4830 835 4877 14
853 4841 871 4879 a
889 4826 1004 4879 verbere
1023 4825 1129 4880 dictum
1149 4823 1209 4877 Pa
1226 4822 1312 4877 verbo
1330 4822 1481 4878 deductum
1499 4822 1532 4874 N
