3316 5474
227 362 290 427 152
762 357 991 414 cassionoau

224 475 245 511 p.
260 463 319 504 2285.
334 464 359 503 86
374 462 398 502 Ρ.

225 545 361 608 escendo.
403 543 510 606 alicubi
539 552 637 605 tamen
662 553 748 605 sonat
774 550 806 603 et
836 541 874 602 ob
906 541 962 602 hoc
985 543 1154 603 necessario
1178 539 1333 621 scribitur,
1363 548 1398 601 ut
1425 539 1528 600 exsilio

226 639 365 714 emissos
388 654 487 730 itaque
512 649 564 712 ubi
588 653 734 730 sonuerit,
757 648 798 710 ibi
821 666 975 728 ponemus.
1456 661 1459 666 ·

314 757 437 818 Tamtus
461 766 491 817 ct
519 766 656 836 quamtus
684 758 715 817 in
739 755 835 816 medio
859 771 889 814 m
914 751 1024 814 habere
1048 752 1165 814 debent.
1203 772 1291 832 quam
1314 757 1393 815 enim
1417 763 1529 816 ettam

226 874 286 948 est,
314 865 392 927 unde
417 865 575 942 quamtitas
598 872 737 943 quamtus
765 871 883 923 tamtus.
924 878 980 921 nec
1009 858 1151 939 quosdam
1179 867 1308 941 moveat,
1331 862 1357 920 si
1385 879 1404 920 n
1433 868 1530 921 sonat:

228 974 284 1033 iam
304 973 384 1032 enim
403 987 492 1049 supra
512 969 600 1030 docui
620 989 638 1031 n
659 988 764 1030 sonare
784 967 907 1050 debere,
926 969 1043 1028 mmctsi
1062 968 1091 1027 in
1116 969 1310 1046 scripturam
1334 968 1463 1046 positum
1483 968 1558 1027 sits

315 1075 458 1138 Exsilium
483 1056 551 1136 cum
575 1094 603 1137 s:
627 1095 661 1136 ex
686 1074 749 1136 solo
773 1076 851 1135 enim
874 1075 919 1134 ire
943 1083 1002 1154 est,
1030 1074 1114 1153 quasi
1137 1072 1295 1154 exsolium,
1324 1072 1402 1152 quod
1426 1072 1530 1133 Gracci

227 1176 405 1266 ἐξορισμόν
429 1183 546 1244 dicunt:
569 1184 682 1261 antiqui
706 1179 822 1241 exsoles
845 1178 990 1240 dicebant.

315 1291 341 1350 H
365 1292 443 1351 sicut
466 1291 496 1349 iu
521 1291 693 1367 quaestione
717 1295 772 1369 est,
794 1286 892 1348 littera
916 1288 955 1348 sit
978 1304 1086 1368 necne,
1114 1289 1157 1347 sic
1182 1295 1342 1365 numquam
1365 1285 1531 1347 dubitatum

229 1407 274 1458 est
297 1397 428 1459 secundo
451 1396 516 1456 loco
541 1416 557 1456 a
581 1413 768 1475 quacumque
792 1401 974 1455 consonante
996 1396 1067 1473 poni
1090 1393 1213 1474 debere;
1236 1392 1315 1473 quod
1340 1393 1420 1453 solus
1439 1392 1531 1452 Varro

226 1506 348 1566 dubitat.
384 1503 447 1563 rrrlt
469 1505 547 1563 cuim
571 1504 746 1564 auctoritate
775 1519 828 1562 sua
854 1500 973 1560 efficere
998 1508 1031 1560 ut
1057 1499 1077 1560 h
1105 1502 1189 1580 prins
1216 1509 1344 1578 ponatur
1367 1518 1400 1559 ea
1424 1498 1530 1578 littera,
1546 1522 1571 1559 ιο

227 1613 275 1672 cui
303 1608 531 1689 adspirationem
559 1609 688 1683 coniert,
716 1616 747 1668 et
774 1615 855 1668 tanto
879 1608 971 1686 magis
999 1606 1055 1668 boc
1084 1615 1207 1688 temptat
1236 1606 1430 1686 persuadere,
1453 1603 1531 1684 quod

227 1715 377 1776 vocalibus
401 1733 520 1793 qnoque
543 1713 617 1774 dicit
638 1715 792 1793 anteponi,
815 1721 848 1773 ut
870 1712 959 1773 heres
982 1712 1093 1775 hircus.
1129 1713 1182 1774 sed
1207 1712 1367 1773 Varronem
1390 1713 1533 1791 praeterit

228 1829 439 1883 consonantem
471 1820 537 1881 idco
562 1821 693 1882 secundo
721 1819 829 1881 locoh
858 1820 1009 1900 recipcre,
1036 1818 1115 1898 qnod
1140 1837 1199 1880 non
1222 1819 1317 1898 possit
1339 1824 1406 1877 ante
1429 1837 1461 1879 se
1484 1818 1533 1878 ad·

229 1930 419 2008 spirationem
448 1929 505 1988 nisi
534 1928 641 1989 vocalis
669 1927 787 1989 lraberc.
828 1928 928 2005 itaque
951 1934 982 1985 et
1004 1934 1072 1986 ante
1096 1935 1125 1986 et
1147 1932 1216 2005 post
1238 1925 1258 1985 h
1281 1924 1379 1985 littera
1403 1926 1532 1985 cuicum-

228 2052 286 2113 que
314 2032 406 2093 vocali
441 2033 632 2114 adiungatur,
665 2032 752 2111 [non]
783 2030 907 2092 sonabit.
948 2030 1021 2092 bace
1049 2034 1128 2092 enim
1157 2040 1261 2093 natura
1290 2031 1433 2091 vocalium
1454 2031 1459 2106 Ι
1480 2039 1574 2110 est,1s

229 2148 263 2199 ut
284 2147 353 2200 ante
377 2156 409 2199 sc
433 2147 484 2200 aut
505 2150 575 2219 post
596 2159 629 2201 sc
652 2140 672 2200 h
695 2140 811 2201 litterae
834 2140 1069 2199 enuntiationem
1088 2157 1147 2199 non
1171 2137 1340 2220 impediant
1378 2147 1533 2218 praetcrea

318 2333 334 2382 3
354 2326 471 2382 Tamtus
491 2325 600 2383 anscil.
619 2333 694 2384 2314
766 2334 783 2383 s
801 2323 938 2381 Exsilium
958 2324 1067 2382 Caeseti.
1087 2332 1162 2383 2314

319 2501 333 2548 1
358 2496 454 2550 tamen
476 2498 559 2550 sonat
579 2496 608 2551 Β
631 2498 713 2552 sonat
733 2497 828 2550 tamen
847 2495 875 2549 A
894 2496 975 2550 sonet
992 2495 1086 2551 tamen
1113 2495 1137 2550 0
1206 2499 1235 2553 et
1252 2496 1288 2552 ab
1306 2497 1360 2552 hoc
1378 2496 1436 2550 AO
1504 2498 1537 2551 ut

230 2578 294 2630 ante
312 2573 411 2629 exsilio
431 2591 481 2630 orn.
502 2575 591 2631 ΑΒΘ
664 2582 680 2630 a
699 2574 740 2630 ibi
757 2591 892 2644 ponemus
912 2573 1016 2632 OPar.
1036 2592 1053 2634 ς
1070 2577 1119 2632 ubi
1137 2594 1273 2646 ponemus
1292 2576 1351 2631 AB
1428 2582 1444 2629 4
1463 2576 1535 2630 unde

231 2654 373 2724 quantine
391 2656 511 2724 quantus
530 2656 626 2709 tantus
643 2654 671 2709 Β
738 2654 782 2713 ‚si
800 2654 826 2708 N
847 2654 928 2708 sonat
944 2653 972 2708 Β
991 2654 1015 2709 si
1032 2672 1089 2709 non
1108 2658 1189 2711 sonat
1206 2655 1273 2722 AC,
1293 2656 1317 2710 si
1335 2656 1364 2709 tt
1382 2672 1437 2710 non
1456 2655 1537 2710 sonat

232 2731 331 2788 Carrio
403 2741 419 2788 b
441 2734 497 2789 iam
517 2733 591 2786 enim
610 2733 707 2804 supra]
724 2750 752 2801 p.
772 2736 834 2799 147,
848 2737 895 2799 24,
918 2734 968 2788 ubi
986 2733 1177 2790 Cassiodorius
1199 2738 1318 2791 omissae
1342 2737 1450 2790 ridetur
1467 2753 1537 2804 quae

233 2811 371 2868 Cornutus
393 2815 426 2868 de
443 2831 472 2866 m
495 2813 587 2866 littera
610 2817 672 2866 ante
695 2817 872 2866 manantes
893 2814 935 2867 cet
956 2815 1095 2883 diqamma
1112 2831 1208 2870 sonam
1227 2834 1245 2869 u
1268 2817 1374 2870 litterae
1392 2816 1537 2884 praebente

231 2895 390 2962 scripserat,
413 2908 482 2962 quac
504 2893 553 2946 troc
576 2897 685 2946 aactme
702 2892 817 2959 repetita
834 2897 900 2945 sunt
922 2893 953 2946 in
973 2897 1106 2964 eccaptis
1125 2894 1239 2949 Caecilii
1262 2895 1388 2951 Vindicis
1403 2913 1433 2964 p.
1452 2899 1536 2950 2317.

232 2973 321 3028 codun
334 2973 474 3041 pertinent
492 2975 617 3040 excerpta
638 2968 761 3024 Caesellii
775 2987 806 3040 p.
825 2976 899 3026 2314
917 2972 960 3029 ita
976 2971 1052 3029 enim
1068 2991 1153 3043 snpra
1171 2974 1253 3028 docui
1272 2993 1290 3028 n
1309 2991 1407 3029 sonare
1426 2974 1536 3040 debere,

232 3052 346 3106 tametsi
364 3052 394 3106 in
412 3049 551 3120 scriptura
569 3067 597 3102 m
615 3048 740 3118 positum
759 3050 796 3104 sit
880 3052 909 3105 in
927 3053 1019 3122 prima
1037 3054 1174 3124 scriptura
1192 3073 1220 3108 m
1238 3054 1366 3124 positura
1383 3053 1422 3108 sit
1438 3052 1466 3107 Β

199 3143 202 3151 ’
233 3138 248 3186 6
267 3130 390 3186 Exilium
409 3130 467 3186 AO
540 3149 604 3186 cum
622 3149 636 3185 s
654 3148 688 3185 ex
708 3128 780 3200 solo]
801 3147 863 3185 cum
882 3132 938 3187 sint
956 3149 990 3188 ex
1008 3135 1067 3192 sole
1087 3134 1111 3189 0
1188 3134 1268 3204 quasi
1287 3133 1422 3190 exsolium
1438 3132 1498 3187 AG
1513 3139 1538 3187 et

232 3213 315 3267 codex
327 3212 477 3267 Beracasis
490 3214 557 3277 243,
571 3254 577 3266 .
590 3255 595 3267 .
608 3255 631 3267 ..
647 3226 680 3264 ex
694 3209 796 3265 solium
810 3211 846 3280 B,
861 3228 929 3268 corr.
945 3215 1026 3282 quasi
1039 3219 1118 3272 extra
1133 3216 1222 3272 solum
1236 3218 1254 3286 b
1303 3214 1378 3284 quod
1393 3229 1410 3271 ς
1425 3229 1497 3281 quae
1510 3212 1538 3267 Β

232 3297 286 3361 quis
300 3292 328 3345 A
342 3290 437 3360 quac
490 3298 504 3345 i
523 3291 696 3345 ΖΟΡΙΕΜΟΝ
713 3288 804 3343 ABG
851 3298 867 3346 8
882 3292 908 3346 H
922 3293 995 3348 sicut
1008 3296 1036 3349 in
1051 3296 1214 3364 quaestione
1228 3295 1324 3350 littera
1338 3295 1376 3350 sit
1389 3311 1476 3350 necne
1491 3293 1537 3360 sit,

234 3388 386 3441 numquam
404 3370 563 3426 dubitatum
583 3372 640 3440 est,
658 3387 690 3424 ae
710 3370 830 3424 secundo
849 3370 911 3427 loco
926 3389 989 3426 cum
1004 3375 1170 3432 consonanti
1187 3377 1254 3447 poni
1269 3376 1369 3430 debere
1388 3391 1405 3433 ς
1423 3374 1449 3427 Η
1467 3373 1539 3428 sicut

232 3453 262 3506 in
286 3450 449 3520 quaestione
469 3455 511 3505 est
528 3450 625 3505 littera
642 3448 687 3515 sit,
707 3465 807 3505 necne:
831 3450 872 3506 ita
891 3471 1044 3522 numquam
1062 3455 1247 3510 dubitandum
1265 3457 1316 3523 est,
1336 3452 1458 3509 secundo
1475 3452 1538 3506 loco

233 3547 439 3600 aquacumqne
453 3527 618 3584 consonanti
631 3527 695 3597 poni
712 3527 813 3584 debere
829 3529 927 3590 Carrio
980 3532 1018 3604 H]
1033 3534 1118 3588 NaO
1170 3535 1209 3589 sic
1222 3551 1364 3604 uunquam
1381 3532 1538 3596 Patscltius,

232 3612 269 3667 sit
283 3627 436 3680 numquam
449 3609 540 3664 ABG
591 3607 750 3663 dubitatum
766 3612 809 3665 est
822 3610 850 3664 A
864 3610 1050 3666 dubitandum
1064 3614 1107 3669 est
1121 3613 1314 3669 Gdubitatum
1327 3615 1369 3667 est
1383 3628 1415 3666 ac
1424 3611 1452 3664 B
1462 3611 1538 3676 Par„

233 3692 306 3746 unde
319 3688 478 3744 dubitatum
493 3692 536 3744 est
549 3706 585 3743 au
600 3689 720 3744 secundo
734 3688 796 3744 loco
811 3720 843 3729 -
859 3690 926 3758 poni
940 3691 1053 3747 deberat
1065 3694 1177 3761 scripsit
1195 3692 1397 3748 Wrimannsias
1410 3692 1442 3745 de
1457 3690 1537 3744 Varr.

234 3770 296 3824 libr.
310 3787 423 3838 qramm.
435 3775 525 3838 p.181
581 3768 688 3837 equod
702 3768 778 3822 solus
792 3770 894 3838 §Par.,
909 3772 976 3840 quia
989 3771 1064 3826 solus
1077 3773 1105 3827 Β
1119 3789 1202 3840 quam
1217 3773 1292 3827 solus
1305 3771 1367 3827 AO
1420 3777 1450 3825 11
1467 3788 1539 3840 quae

180 3868 187 3875 ·
234 3849 453 3920 adspirationem
471 3848 580 3904 confert
596 3850 624 3903 A
647 3865 718 3918 quac
741 3849 962 3919 adspirationem
986 3851 1110 3906 conferet
1128 3855 1207 3919 (corr.
1226 3851 1365 3906 conterret
1383 3854 1407 3918 c)
1428 3851 1538 3920 Cquae

234 3929 453 4000 adspirationem
468 3929 592 3985 coniuret
604 3930 640 3997 B,
655 3944 726 3998 quas
740 3930 778 3984 ad
790 3929 1010 3998 adspirationem
1024 3931 1131 3986 confert
1142 3930 1218 4002 Pan,
1233 3947 1304 4001 qnae
1319 3931 1539 4001 adspirationem

235 4010 385 4068 confessis
399 4008 445 4062 cui
459 4008 676 4077 adspirationem
690 4009 815 4065 conferat
826 4010 1034 4067 ll'dmorcasius.
1053 4028 1092 4065 aa
1105 4010 1141 4064 ad
1156 4027 1241 4079 quam
1255 4010 1474 4080 adspirationem
1489 4013 1538 4068 ad-

235 4091 305 4144 fert?
364 4089 532 4158 persuadere
548 4088 653 4156 Carrio,
669 4088 785 4144 suadere
799 4088 909 4149 ABcc
968 4090 1054 4161 quod]
1070 4106 1141 4159 quaa
1156 4106 1224 4146 corr.
1239 4090 1314 4159 qnod
1327 4091 1356 4145 Β
1370 4108 1388 4160 q
1402 4093 1429 4145 A
1448 4093 1543 4166 qupO

187 4240 189 4244 Α
234 4171 267 4224 ut
285 4168 350 4223 Par.
366 4184 382 4226 ς
441 4175 473 4223 12
493 4170 569 4225 dicat
587 4168 778 4229 ABcPam
832 4172 864 4224 ut
881 4177 944 4226 onte
962 4173 1042 4228 heres
1060 4189 1110 4229 om.
1130 4171 1188 4227 Ac
1241 4178 1272 4226 13
1292 4172 1358 4240 quia
1377 4189 1433 4226 non
1451 4173 1540 4242 possit

234 4251 299 4306 aute
314 4267 344 4305 se
358 4248 578 4319 adspirationem
593 4250 647 4305 nisi
666 4251 770 4326 uocalis
788 4251 890 4306 habere
907 4252 1115 4321 lVitmannsiaa,
1136 4253 1210 4320 quod
1229 4251 1306 4322 (quia
1319 4252 1347 4307 Β
1358 4250 1426 4306 Par.
1437 4255 1465 4320 ς)
1483 4269 1539 4307 non

234 4333 324 4402 possit
342 4333 408 4386 anta
426 4330 645 4400 adspirationem
663 4330 716 4385 nisi
735 4330 847 4385 uocales
864 4330 968 4386 habers
986 4332 1181 4391 ABOPar.s
1262 4339 1296 4387 14
1320 4332 1386 4401 post
1410 4331 1434 4385 si
1452 4331 1472 4385 h
1491 4331 1540 4400 (ha

235 4429 303 4467 corr.
314 4412 333 4464 h
344 4409 379 4475 0)
389 4409 513 4464 litteram
523 4410 581 4466 AO
628 4409 791 4479 cuicumque
800 4411 853 4465 tali
863 4411 1032 4481 adiungatur
1041 4429 1096 4467 non
1106 4415 1173 4482 (nou
1182 4429 1233 4469 om,
1243 4414 1280 4479 A)
1290 4411 1402 4466 sonabit
1411 4414 1503 4481 (sonat
1512 4415 1539 4478 ς)

235 4492 326 4548 ABc
333 4493 398 4546 Par.
407 4506 433 4560 ς,
446 4490 610 4561 cuicumque
620 4489 710 4546 uocali
721 4491 898 4561 adiungatur,
913 4491 1077 4547 consonabit
1091 4491 1292 4546 Wilmarrasias
1301 4497 1410 4546 accim
1424 4491 1540 4545 Usenero

273 4579 306 4626 16
321 4573 352 4625 ut
365 4573 430 4626 ante
445 4587 475 4624 aa
489 4572 539 4624 aut·
556 4573 620 4639 post
638 4586 667 4623 se
682 4569 805 4624 habeant
819 4569 1037 4625 enuntiationem
1044 4586 1054 4640 ,·
1069 4573 1116 4627 sed
1134 4572 1257 4626 habeant
1273 4587 1328 4626 ros.
1343 4575 1368 4623 ct
1382 4572 1414 4624 ut
1428 4602 1460 4610 -
1475 4575 1539 4639 post

237 4667 267 4705 ce
285 4651 317 4703 in
334 4666 420 4718 marq.
439 4649 476 4714 B,
500 4652 533 4703 ut
551 4651 612 4717 (aut
629 4649 691 4703 acici.
712 4649 790 4717 Par.)
809 4651 874 4703 autc
894 4665 923 4704 se
943 4652 993 4704 aut
1010 4652 1075 4719 post
1094 4667 1124 4705 se
1144 4648 1279 4716 (habeant
1296 4649 1391 4707 add-s
1410 4653 1434 4702 et
1453 4650 1489 4703 al.
1505 4666 1539 4703 m.

238 4728 314 4795 Par.)
334 4727 352 4780 h
372 4727 592 4783 enuntiationem
607 4728 676 4783 Par.
686 4742 712 4795 ς,
730 4730 763 4782 ut
780 4743 891 4797 quoquc
909 4745 1011 4798 genere
1029 4727 1249 4785 enuntiationem
1264 4727 1327 4797 Aa,
1345 4731 1378 4784 ut
1396 4728 1456 4784 siue
1474 4733 1540 4785 ante

238 4826 268 4864 se
287 4808 346 4863 siue
365 4809 428 4877 post
447 4823 476 4862 se
494 4808 619 4863 habeant
636 4809 668 4876 h,
688 4823 799 4876 quoquo
818 4824 921 4877 genere
939 4809 1160 4865 annotationem
1179 4807 1278 4865 Carrio
