3316 5474
242 330 307 396 268
492 400 495 406 ,
840 336 959 392 Beona

162 443 165 449 ·
242 445 264 482 p.
278 435 337 474 arar.
352 436 378 475 aa
392 436 417 474 Ρ.

242 520 393 580 feminino.
439 518 545 580 callrrm
579 539 697 600 (puroque
731 531 761 583 et
793 541 917 583 caenum
953 533 983 584 et
1013 507 1133 586 crorum
1168 536 1288 609 neutro,
1321 530 1373 589 sed
1403 530 1549 611 Vergilius

242 619 361 708 (georg.
386 622 555 709 1111182)
580 628 742 689 masculino
766 625 1000 710 ‘crocumque
1025 625 1238 694 rubentem'.

330 732 401 794 Cani
434 733 555 794 cancelli
589 743 619 795 et
650 754 749 796 casses
782 737 961 816 singularem
994 758 1152 800 numerum
1185 760 1244 802 non
1278 741 1401 806 habent:
1445 764 1547 806 casses

240 848 339 901 autem
361 843 433 901 retia
452 840 605 902 dicuntur:
629 842 729 903 caulae
749 839 893 926 similiter,
907 847 1102 906 caerimoniae
1122 865 1215 908 cunae
1235 859 1265 909 et
1283 851 1442 930 compedes
1461 861 1491 912 et
1515 855 1547 913 in

240 956 347 1008 neutro
380 967 490 1027 genere
520 956 615 1009 castra
646 947 755 1010 cibaria
789 950 952 1031 crepundia
980 951 1125 1013 cunabula
1159 950 1353 1035 [singularem
1388 974 1577 1021 numerumo

243 1074 301 1115 nou
325 1054 457 1134 babent}

329 1162 426 1223 Cruor
448 1163 592 1242 pluralem
612 1181 670 1224 uon
690 1163 794 1225 babet:
818 1163 964 1242 Vergilius
987 1158 1076 1246 (Aeo.
1097 1167 1169 1226 IIII
1188 1163 1268 1252 687)
1287 1169 1394 1249 plurali
1413 1191 1548 1256 cruores,

240 1264 365 1348 ‘atque
388 1279 487 1331 atros
510 1271 670 1332 siccabat
692 1280 792 1332 reste
817 1267 993 1333 cruores’.

329 1376 503 1456 Contagium
520 1387 549 1439 et
565 1381 697 1458 contagia
714 1387 820 1439 neutro
834 1399 944 1459 genere
959 1380 1098 1461 dicenda,
1112 1391 1142 1442 et
1156 1382 1229 1442 baec
1244 1387 1379 1464 contagio
1395 1387 1546 1450 feminino.
1612 1375 1618 1385 ⁵

329 1485 486 1545 Comoedia
505 1487 636 1545 carmina
655 1504 730 1566 quae
754 1488 784 1546 in
808 1488 950 1547 conviviis
970 1495 1127 1569 canuntur,
1151 1490 1218 1567 qnia
1239 1494 1415 1552 comessatio
1438 1512 1545 1572 graece
1561 1510 1589 1548 1⁰

239 1589 350 1671 κῶμος
372 1591 488 1652 dieitur.

257 1782 260 1788 Ι
329 1698 471 1759 Cartallos
490 1718 609 1780 graece,
632 1699 720 1759 latine
742 1697 858 1759 fiscella.
892 1699 1019 1760 calamos
1038 1719 1157 1781 graece,
1181 1701 1269 1765 latine
1289 1705 1411 1766 arundo.
1450 1727 1544 1769 canon

239 1824 359 1884 graece,
383 1805 472 1865 latine
496 1805 606 1885 regula.
644 1805 732 1866 cados
755 1824 875 1888 graece,
898 1805 987 1867 latine
1012 1807 1107 1869 situla.

293 1929 312 1953 ²
329 1911 479 1973 Cunabula
498 1920 569 1979 sunt
586 1913 675 1990 panni
695 1912 849 1994 inlautiae,
869 1912 920 1972 sed
940 1911 1086 1983 lohannes
1104 1914 1447 1997 constantinopolitanus
1467 1925 1543 2001 epis·

239 2038 332 2099 copus
356 2019 459 2080 scribit
483 2019 624 2079 Lazarum
648 2021 678 2078 in
702 2027 895 2079 monumento
919 2019 1074 2081 cunabulis
1097 2022 1273 2083 involutum.
1368 2094 1371 2101 Ι
1561 2043 1587 2080 rs

328 2126 467 2188 Cantator
491 2135 521 2186 et
548 2127 691 2186 cantatrix
722 2144 737 2184 a
762 2124 853 2185 verbo
877 2133 966 2186 canto
987 2135 1016 2186 et
1039 2135 1142 2188 cantor
1165 2139 1252 2208 atque
1277 2135 1390 2193 cantrix
1414 2152 1430 2194 a
1454 2135 1546 2197 verbo

241 2253 314 2296 cano
339 2244 419 2295 recte
442 2234 559 2295 dicitur.

329 2340 478 2402 Comburo
501 2359 555 2420 per
579 2358 608 2400 rn
632 2338 836 2422 scribendum,
864 2358 923 2401 non
947 2358 1001 2419 per
1024 2360 1057 2421 n,
1090 2360 1228 2421 comparo
1252 2343 1388 2405 similiter
1412 2353 1442 2405 et
1465 2366 1544 2408 corn-

242 2467 321 2529 pono
345 2456 502 2532 ceteraque
527 2447 727 2507 huiusmodi.

329 2557 513 2634 Conspectus
528 2573 595 2614 cum
616 2556 646 2613 in
663 2555 811 2632 scriptura
830 2552 1020 2614 dividendum
1035 2565 1089 2636 est,
1104 2575 1120 2614 c
1135 2559 1272 2634 sequenti
1291 2557 1417 2638 syllabae
1437 2562 1543 2639 iungis.
1559 2575 1586 2614 2⁰

329 2661 518 2742 Cornplaceo,
548 2680 607 2721 non
638 2659 811 2741 conplace03
842 2670 1055 2744 commoratus,
1085 2681 1143 2723 iton
1175 2674 1377 2746 eorrmoratus3
1409 2685 1542 2746 compre·

239 2771 335 2831 luendo
359 2789 413 2849 per
438 2788 474 2829 rn.
1268 2826 1274 2833 ,

329 2876 464 2937 Carnelus
492 2893 661 2954 perunum
686 2874 695 2935 l
724 2873 928 2956 scribendum,
955 2876 1122 2936 commodat
1150 2885 1180 2938 et
1208 2878 1395 2939 commendat
1423 2898 1477 2959 per
1505 2899 1544 2961 m,

239 2985 452 3064 computrescit
475 3002 529 3063 per
553 3002 594 3062 m,
619 2982 788 3061 complures
811 3001 865 3062 per
889 2999 926 3044 m.

328 3090 470 3151 Columna
498 3109 566 3151 cum
600 3091 711 3168 scripto
740 3089 929 3151 dividendum
960 3100 1020 3174 est,
1053 3109 1081 3151 m
1110 3094 1246 3171 sequenti
1279 3092 1405 3173 syllabae
1434 3096 1585 3175 nectis32⁵

240 3199 384 3259 calumnia
409 3197 552 3258 similiter.

327 3305 397 3366 Celo
416 3304 507 3384 celas,
526 3304 554 3364 id
575 3313 621 3365 est
638 3304 801 3386 abscondo,
820 3324 874 3387 per
893 3305 1057 3385 simplicem
1076 3326 1092 3366 e
1112 3306 1316 3388 scribendum3
1339 3307 1420 3367 caelo
1440 3307 1543 3382 caelas,

239 3433 308 3474 cum
336 3415 482 3494 picturam
510 3413 669 3494 significat,
695 3432 750 3492 per
773 3412 976 3493 diphthongon
1001 3432 1035 3474 ae
1062 3414 1284 3493 proterendum.
1321 3413 1400 3473 unde
1430 3413 1543 3474 caelum

238 3521 345 3581 melius
363 3520 545 3598 intellegitur
565 3518 676 3603 dictum
695 3518 731 3578 ab
751 3538 800 3601 eo,
823 3519 903 3599 quod
927 3519 1030 3580 caelati
1053 3522 1147 3580 instar
1168 3520 1326 3581 multifaria
1350 3523 1388 3581 sit
1412 3521 1544 3581 siderum

239 3631 379 3689 varietate
398 3628 557 3707 depictum,
576 3644 664 3707 quam
684 3626 762 3705 quod
782 3624 938 3686 invisibilia
959 3634 989 3686 et
1006 3627 1121 3686 incerta
1139 3625 1313 3686 iuortalibus
1332 3627 1409 3686 celet
1428 3645 1584 3689 arcanam

328 3735 472 3795 Cantarus
488 3733 602 3797 'animal
626 3741 684 3814 est,
705 3728 710 3812 Ι
731 3742 883 3793 cantarum
908 3749 1023 3792 camara
1046 3731 1160 3793 domus.
1291 3722 1296 3730 ’

268 3876 401 3884 .---...
406 3876 450 3882 -

330 3941 342 3987 1
364 3932 466 3987 callum
486 3948 597 4000 quoque
616 3934 645 3987 et
663 3948 762 3987 cenum
781 3928 930 4000 singularia
948 3927 1057 3982 numeri
1075 3930 1148 3983 eunt
1172 3928 1234 3982 cani
1252 3929 1300 3986 Ls
1376 3929 1474 3981 neutro
1494 3928 1542 3981 sed

239 4018 269 4070 et
287 4015 368 4084 uirgl'
388 4013 572 4068 masculinum
592 4012 621 4065 P
634 4014 735 4068 neutra
753 4012 802 4067 aed
820 4009 908 4079 uergl’
927 4007 1081 4063 masculino
1101 4009 1139 4062 M
1209 4015 1225 4062 4
1244 4007 1433 4063 caeremoniae
1453 4008 1489 4060 M

239 4103 254 4149 5
274 4094 416 4164 singulare
435 4108 581 4147 numerum
599 4110 655 4149 non
673 4093 779 4147 habent
797 4092 830 4158 P,
848 4107 899 4145 om.
919 4089 985 4142 ML
1063 4095 1078 4144 'l
1098 4106 1178 4145 eruor
1196 4089 1283 4145 habet
1300 4089 1438 4159 pluralem
1457 4089 1541 4157 uirgi-

239 4177 293 4231 liue
312 4179 396 4244 atque
415 4176 491 4230 atros
510 4175 635 4230 eieeauat
652 4176 731 4229 ueste
751 4187 863 4226 cruores
880 4170 909 4223 P
928 4185 1010 4223 eruor
1027 4169 1135 4240 plurale
1153 4187 1209 4225 non
1227 4169 1316 4225 habet
1332 4169 1461 4238 uirgilius
1480 4174 1541 4240 pin-

239 4254 292 4310 rali
311 4271 422 4309 cruores
441 4255 526 4325 atque
544 4257 620 4310 atros
639 4253 818 4324 significabat
835 4252 861 4305 L
932 4256 949 4306 8
969 4253 1048 4306 reete
1066 4267 1117 4306 ona.
1137 4250 1174 4303 M
1242 4257 1258 4305 9
1280 4252 1350 4305 haee
1368 4251 1499 4320 contagio
1520 4252 1547 4303 P

238 4337 307 4390 haec
326 4335 457 4404 contagia
477 4336 543 4390 ML
604 4340 636 4388 10
656 4332 808 4389 eomeeatio
827 4332 882 4386 PL
943 4339 974 4386 12
994 4333 1117 4388 calamos
1139 4331 1167 4385 P
1183 4331 1307 4386 calamus
1327 4331 1392 4384 ML
1454 4349 1543 4385 canon

238 4432 338 4485 graece
355 4409 466 4472 lthON
485 4416 575 4471 latina
590 4415 687 4485 regula
703 4414 731 4467 P
793 4420 824 4468 13
843 4413 962 4469 latinum
977 4415 1063 4470 situla
1078 4413 1115 4468 M
1131 4412 1234 4467 latinos
1248 4412 1333 4466 situla
1349 4411 1377 4464 P
1431 4419 1463 4465 16
1479 4430 1542 4466 can-

238 4495 325 4564 tator]
346 4498 443 4550 cantor
463 4497 500 4549 M
562 4502 596 4549 20
614 4495 643 4567 e]
663 4512 714 4549 eon
734 4494 762 4547 P
821 4494 977 4563 syllabaP
1040 4500 1072 4547 21
1094 4494 1246 4561 conplaceo
1264 4507 1319 4546 non
1339 4491 1500 4561 complaceo
1520 4491 1547 4542 P

292 4575 487 4643 conprehendo
507 4579 566 4643 (oua
586 4591 636 4642 per
654 4576 692 4642 m)
714 4573 741 4625 P
802 4579 836 4628 25
855 4575 1007 4629 diuidenda
1025 4573 1124 4628 MLP
1180 4573 1312 4639 sequente
1333 4569 1361 4622 P
1422 4577 1456 4624 27
1477 4573 1542 4625 scri-

239 4653 360 4708 bendum
383 4670 433 4709 om.
454 4656 493 4709 Μ
579 4661 614 4708 29
638 4652 714 4722 quod
738 4655 830 4709 caelat
852 4653 943 4709 instar
960 4655 1087 4725 picturae
1106 4652 1151 4707 uel
1171 4651 1246 4721 quod
1265 4649 1420 4704 multifaria
1438 4651 1476 4703 M

239 4739 376 4865 apquuam
395 4733 538 4865 quopideli
557 4749 641 4801 quam
661 4734 709 4802 qui
728 4734 757 4787 P
770 4733 817 4788 uel
835 4734 910 4803 quod
931 4735 968 4788 M
1026 4734 1100 4807 eplet
1120 4732 1185 4786 ML
1204 4731 1278 4786 calet
1298 4732 1325 4784 P
1378 4739 1408 4786 31
1431 4749 1544 4786 camara

316 4825 427 4865 camera
