3316 5474
279 349 325 414 40
818 348 918 403 VELll
936 347 1049 404 LONGI

283 538 359 598 lecta
382 554 486 596 eorum
511 534 655 595 librorum
679 536 781 594 notitia
806 534 840 594 ad
865 553 912 594 me
935 538 1085 617 pervenit,
1113 542 1172 595 tam
1195 536 1351 595 manifesto
1376 547 1590 621 apparuerunt,

282 654 316 706 ut
345 643 445 704 nullus
475 641 651 703 dubitationi
687 641 769 703 locus
800 642 922 703 relictus
953 651 1040 702 esset.
1085 659 1152 701 nam
1187 641 1256 701 olim
1288 652 1406 721 praeter
1436 644 1589 707 Parrhasii

282 750 390 812 librum
421 750 576 811 Vrsiniarro
611 736 729 828 quoquc
759 748 886 828 aliquam
914 751 1122 809 auctoritatem
1151 746 1326 831 tribueram,
1357 769 1445 829 quam
1475 751 1589 813 nnllam

283 878 348 919 esse
368 867 498 939 apparet,
521 866 677 937 postquam
697 873 765 915 eum
785 874 820 915 ex
839 855 888 916 illo
907 855 1089 935 descriptum
1109 874 1175 915 esse
1195 856 1377 917 intellectum
1396 867 1451 919 est.
1489 877 1589 938 neque

282 969 424 1026 maiorem
453 965 540 1025 helem
568 963 677 1024 habere
707 972 779 1042 puto
809 971 870 1023 tres
899 963 1029 1043 codices,
1062 981 1137 1042 qum
1165 971 1284 1042 praeter
1312 962 1379 1024 illos
1411 964 1448 1025 de
1478 965 1590 1045 quibus

283 1073 342 1134 dixi
370 1090 528 1153 superesse
557 1073 638 1151 novi,
665 1069 889 1150 Neapolitanum
913 1068 1038 1129 alterum
1062 1068 1131 1129 bibl.
1155 1087 1215 1147 reg.
1239 1067 1275 1127 lV
1299 1069 1321 1127 Α
1348 1067 1398 1151 12,
1420 1070 1589 1132 1111111111-

284 1199 356 1241 num
379 1180 403 1239 ll
426 1176 491 1240 498
516 1179 581 1259 ini,
612 1178 848 1256 Bruxellensem,
879 1194 1056 1256 quamquam
1087 1195 1122 1236 ex
1152 1175 1200 1235 his
1230 1194 1323 1236 unum
1354 1176 1590 1260 Neapolitanum,

284 1304 372 1366 quem
396 1284 554 1345 lannellius
578 1283 595 1344 Ι.
619 1303 644 1344 c.
668 1282 839 1363 descripsit,
869 1283 955 1363 paulo
986 1284 1155 1342 accuratius
1178 1285 1310 1362 cognovi.
1348 1286 1412 1344 eius
1435 1286 1514 1369 enim
1537 1285 1591 1346 ali·

284 1411 372 1473 quam
399 1401 514 1473 partem
543 1409 611 1451 cunr
639 1390 772 1451 Putsclrii
800 1374 928 1450 editione
958 1387 1122 1449 Stendorus
1152 1389 1326 1450 contulerat.
1365 1392 1397 1451 in
1420 1391 1474 1451 hac
1498 1392 1592 1471 igitur

283 1508 366 1581 parte
394 1498 503 1560 librum
532 1519 599 1560 cum
629 1497 721 1558 altero
749 1497 799 1558 illo
827 1499 867 1557 ita
896 1499 1132 1557 consentientem
1160 1498 1272 1574 iuveni,
1307 1505 1340 1557 ut
1366 1515 1431 1557 non¹
1455 1496 1592 1559 dubitem

284 1609 355 1687 quin
379 1624 415 1667 ex
439 1605 495 1667 boc
518 1606 686 1686 descriptus
710 1608 757 1666 sit.
795 1614 929 1665 ceterum
954 1604 1144 1683 neglegenter
1164 1606 1293 1684 scriptus
1312 1612 1342 1665 ct
1360 1606 1498 1684 plurimis
1516 1606 1592 1669 locis

283 1724 385 1795 postea
409 1724 563 1775 correctus
582 1732 648 1774 esse
668 1713 784 1774 dicitur.
823 1712 996 1772 irritantem
1015 1713 1079 1791 ipse
1099 1729 1226 1792 quoque,
1250 1714 1328 1773 sicut
1345 1714 1371 1774 is
1390 1729 1480 1791 quem
1499 1730 1591 1792 supra

290 1821 360 1901 dixi,
388 1820 550 1901 Parrhasii,
579 1819 657 1899 quod
687 1820 796 1880 indicat
825 1818 929 1878 similis
953 1817 1135 1897 subscriptio
1158 1821 1188 1878 iu
1217 1820 1274 1879 line
1302 1818 1426 1901 codicis,
1454 1814 1593 1881 ε1111111111

286 1927 441 2007 Seripandi
465 1947 501 1988 ex
525 1927 585 1988 lani
609 1925 758 1987 Parrhasii
788 1920 986 1986 testamento'.
1028 1924 1213 1986 Ambrosiam
1237 1925 1347 1986 codicis
1370 1926 1498 1987 indicem
1522 1927 1592 1989 dedi

285 2053 406 2113 gramm.
430 2035 478 2095 lat.
502 2053 527 2094 v.
552 2032 587 2092 Vl
611 2053 639 2113 p.
663 2031 736 2096 248.
775 2031 999 2093 Bruxellensem
1027 2035 1057 2093 in
1086 2032 1216 2111 catalogo
1245 2031 1439 2094 bibliothecae
1468 2034 1591 2097 Bruxel-

286 2141 378 2204 iensis
407 2134 581 2223 (catalogue
610 2140 662 2200 des
690 2142 869 2200 manuscrits
896 2138 932 2198 de
961 2138 988 2198 la
1018 2138 1220 2218 bibliotheque
1248 2138 1284 2200 de
1310 2134 1556 2225 Bourgogne)v.
1579 2142 1592 2203 l

286 2268 316 2329 p
347 2244 409 2309 168
440 2246 639 2308 indicatum
631 2249 730 2308 inveni
763 2249 818 2327 ita,
848 2241 893 2306 n.
922 2242 1009 2307 8366
1037 2245 1136 2306 Velius
1167 2245 1285 2326 Longus
1315 2246 1352 2306 de
1382 2246 1593 2377 orthographia

287 2356 494 2417 Necessarium
518 2351 647 2413 arbitror
669 2362 725 2415 etc.
749 2372 826 2414 saec.
853 2347 912 2413 1Ἱῖ

366 2460 488 2549 ¹Eodem
511 2478 620 2540 genere
644 2458 780 2521 codicum
804 2461 850 2520 usi
875 2468 945 2520 sunt
968 2460 1022 2518 riri
1045 2457 1138 2539 docti,
1167 2462 1218 2537 qui
1242 2459 1334 2539 Longi
1358 2459 1481 2541 librum,
1511 2471 1593 2525 ante-

287 2588 375 2650 quam
408 2571 485 2648 typis
521 2586 681 2647 expressus
715 2575 793 2646 erat,
832 2568 862 2626 in
895 2566 1119 2645 quaestionibus
1153 2568 1351 2646 grammaticis
1383 2566 1594 2631 adhibuerunt.

289 2698 305 2739 e
334 2675 442 2756 quihus
470 2677 566 2754 primo
595 2673 659 2733 loco
688 2672 885 2734 nominandus
912 2682 958 2734 est
982 2673 1105 2734 loannes
1129 2672 1246 2733 Pierius
1269 2672 1454 2756 Valerianus,
1481 2678 1535 2755 qui
1563 2679 1594 2738 in

289 2781 531 2863 castigationibus
555 2783 585 2840 in
603 2776 758 2860 Virgilium
777 2780 887 2841 Ronrae
906 2798 930 2840 a.
953 2777 1034 2842 1521
1056 2783 1185 2860 primum
1206 2779 1293 2841 editis
1312 2782 1483 2861 saepissime
1502 2782 1594 2845 huius

289 2889 473 2971 grammatici
495 2888 675 2948 mentionem
700 2886 785 2966 iecit,
816 2886 926 2967 codice,
956 2895 988 2947 ut
1016 2886 1141 2967 videtur,
1170 2905 1242 2947 usus
1266 2886 1423 2950 Parrhasii.
1470 2888 1507 2951 ab
1537 2889 1595 2951 hoc

289 2999 368 3059 enim
392 2994 516 3055 aliorum
539 2994 798 3073 grammaticorum
817 2991 909 3053 libros
929 3010 996 3053 eum
1016 2995 1166 3072 accepisse
1186 2996 1305 3056 seimus.
1342 2995 1449 3057 deinde
1468 2996 1595 3058 loannes

288 3104 420 3183 baptista
443 3101 515 3162 Pius
537 3100 733 3160 bononiensis
757 3102 787 3159 iu
815 3102 1037 3160 annotationum
1066 3103 1266 3179 posteriorum
1290 3104 1384 3182 capite
1409 3101 1445 3161 lV
1469 3097 1595 3183 (Gruter

289 3212 377 3291 lamp.
396 3230 421 3269 r.
440 3208 453 3269 l
472 3228 499 3288 p.
520 3201 600 3289 396)
620 3206 656 3267 de
676 3226 763 3268 versu
778 3205 910 3267 Terentii
929 3205 1046 3267 Phorm.
1067 3206 1088 3263 V
1111 3207 1138 3288 l,
1161 3205 1200 3268 15
1218 3207 1372 3288 disputans
1391 3208 1480 3270 rerba
1499 3207 1596 3271 Verrii

290 3317 383 3397 Longi
412 3310 494 3400 (nam
522 3318 562 3376 ita
589 3308 676 3397 dicit)
703 3334 730 3394 p.
754 3312 841 3376 2213
870 3319 985 3376 taeenti
1013 3324 1083 3376 sum
1112 3322 1211 3377 inurere
1235 3334 1311 3397 sqq,
1342 3316 1394 3377 sed
1425 3316 1534 3378 additis
1562 3318 1595 3378 iu

290 3427 348 3487 lrne
372 3422 489 3484 duobus
513 3420 648 3482 versibus
667 3420 764 3482 Plauti
786 3420 971 3502 interpolata,
995 3423 1119 3493 citavit„
1141 3422 1177 3482 de
1201 3422 1302 3483 codice
1322 3432 1420 3485 autem
1440 3443 1500 3504 quo
1519 3442 1594 3486 usus

288 3541 334 3594 est
357 3529 462 3592 scribit
484 3528 567 3609 haec,
590 3523 739 3587 ‘Verrium
763 3527 842 3587 hunc
865 3526 1085 3588 exactissimum
1109 3527 1339 3590 Grammaticum
1363 3533 1497 3609 ignotum
1521 3532 1593 3611 scio,

291 3657 347 3701 nec
382 3635 519 3697 manibus
549 3636 741 3714 profanorum
774 3636 838 3693 teri.
884 3634 916 3693 ln
946 3633 1041 3693 lucem
1071 3652 1086 3693 e
1117 3625 1257 3715 pulvereo
1289 3635 1411 3697 latibulo
1442 3645 1594 3698 extractus

289 3744 403 3825 pridem
434 3762 450 3801 a
479 3743 541 3801 viro
570 3739 769 3800 literatissimo
799 3738 924 3818 Georgio
948 3739 1074 3820 Merula,
1101 3744 1152 3819 qui
1175 3741 1331 3801 Mediolani
1354 3742 1464 3802 docuit.
1502 3741 1593 3822 Copia

290 3851 385 3911 Verrii
404 3849 493 3909 huius
512 3847 642 3908 Merulae
662 3849 785 3926 contigit
804 3865 840 3905 ex
859 3845 977 3907 libraria
996 3846 1135 3907 Bnbiensi
1155 3847 1375 3908 characteribus
1390 3846 1594 3927 Longobardis

290 3959 383 4019 terme
406 3953 645 4016 exolescentibus
668 3957 699 4016 in
722 3956 900 4034 scripturam
924 3953 1085 4015 itomanam
1108 3955 1283 4015 reformatis.
1321 3954 1363 4015 ld
1388 3973 1434 4015 me
1459 3958 1540 4017 venit
1562 3956 1592 4017 id

290 4063 466 4144 opusculum
495 4080 618 4124 munere
641 4061 721 4122 Alex.
745 4060 893 4122 Gabuardi
916 4061 1085 4121 Parmensis
1112 4061 1255 4122 auditoris
1279 4064 1352 4143 mei,
1380 4080 1448 4121 cum
1476 4062 1596 4142 publice

290 4171 427 4232 Mantuae
450 4169 599 4250 docerem,
622 4170 740 4229 iuuenis
764 4169 947 4247 antiquitatis
971 4163 1200 4228 studiosissimi‘.
1237 4169 1365 4249 denique
1388 4168 1506 4231 Marcus
1525 4168 1595 4231 Ver·

289 4280 404 4339 uanius
427 4276 548 4337 Maurus
571 4277 602 4335 in
626 4277 703 4336 notis
726 4277 756 4335 in
780 4274 847 4335 Tac.
872 4293 937 4335 ann.
961 4273 1001 4334 Xl
1027 4271 1067 4334 14
1091 4267 1241 4355 (lugduni
1261 4295 1285 4336 a.
1308 4270 1407 4358 1569)
1432 4276 1468 4337 de
1488 4252 1597 4338 litteris

290 4403 307 4444 a
330 4385 452 4445 Claudio
475 4385 604 4444 inventis
628 4382 720 4461 longi
750 4384 918 4443 testimonio
942 4401 969 4462 p.
994 4378 1081 4444 2235
1109 4401 1182 4444 usus
1211 4391 1269 4458 est,
1298 4378 1356 4442 ‘lle
1385 4383 1472 4443 tertia
1496 4380 1596 4444 Velius

291 4490 410 4570 Longus
442 4490 498 4551 hoc
536 4489 625 4550 babet
653 4491 684 4549 in
716 4489 765 4550 lib.
798 4489 834 4550 de
865 4489 1095 4571 Orthographia,
1128 4508 1217 4569 «quem
1250 4492 1485 4569 manuscriptum
1519 4490 1595 4570 apud

292 4594 457 4657 Strossium
472 4604 588 4676 egomet
602 4596 711 4657 Romae
726 4586 796 4676 legr‘:
815 4599 960 4658 Cloatdr'us
971 4601 1123 4673 praeceps,
1138 4598 1366 4678 inquitatatem
1381 4630 1422 4640 -
1437 4591 1593 4658 scribere’.

382 4702 511 4763 Primam
535 4711 633 4763 autem
657 4703 747 4764 huius
770 4702 837 4763 libri
862 4703 1020 4763 editionem
1043 4706 1156 4782 paravit
1179 4703 1328 4764 Fulvius
1350 4703 1517 4784 Vrsinus,
1544 4704 1593 4780 qui

292 4816 361 4889 post
384 4816 469 4869 notas
492 4806 527 4867 ad
548 4808 689 4870 Catonern
713 4808 874 4869 Varronem
897 4807 1087 4869 Columellam
1111 4810 1148 4870 de
1172 4828 1205 4870 11
1233 4811 1345 4871 rustica
1373 4818 1403 4871 et
1425 4809 1504 4871 lunii
1525 4808 1593 4869 Phi·
