3316 5474
177 366 243 429 502
670 348 844 419 suisium
863 361 983 417 nsssu

162 476 199 512 ·n.
213 466 260 507 115.
274 465 313 506 toti
327 464 353 509 L,
687 461 690 466 '

176 570 310 630 poenas
329 552 465 631 docuit,
488 549 547 610 Cic.
563 551 592 609 iu
607 548 744 609 Pisonem
759 549 883 630 (2166)
903 557 937 609 61
956 550 1188 628 gravissimae
1212 547 1349 628 legum
1370 567 1510 629 poenae

178 667 375 720 vetarent:
399 660 442 718 sic
466 656 612 718 Salustius
637 655 703 716 trist.
728 657 748 715 I
768 673 845 716 uaru
868 657 1025 716 iniurias
1049 654 1275 715 validiorum
1304 700 1313 716 .

266 765 392 845 Propter
415 772 459 845 te,
481 763 510 824 id
535 771 580 823 est
604 764 647 822 tui
670 779 772 843 causa,
794 760 879 840 Verg.
904 761 975 821 Aen.
1000 759 1051 819 llll
1076 761 1171 832 (320)

337 880 369 931 te
393 879 544 950 propter
568 868 700 948 Libyae
724 875 853 946 gentes
876 866 1139 945 Nomadumque
1164 871 1326 946 tyranni

336 976 475 1037 odere.
678 953 692 980 ’
1519 993 1531 1033 s

177 1092 368 1164 propterte,
392 1085 472 1143 iuxta
497 1091 539 1161 tc,
563 1081 623 1143 Cic.
646 1084 676 1142 iu
701 1081 838 1142 Pisonem
863 1082 945 1153 (36)
969 1078 1053 1141 milri
1082 1079 1140 1139 hic
1163 1081 1217 1139 vir
1242 1079 1508 1166 clarissimus,

176 1192 236 1270 qui
260 1197 466 1269 propterte
490 1186 604 1268 sedet,
629 1187 761 1249 lucius
785 1186 936 1266 Gellius,
960 1184 1044 1264 Verg.
1068 1205 1147 1265 geor.
1172 1185 1212 1245 lll
1237 1188 1316 1260 (13)

336 1304 369 1354 et
393 1292 500 1355 viridi
524 1296 559 1354 iu
583 1312 704 1372 campo
729 1292 899 1373 templum
922 1293 962 1352 de
988 1310 1161 1353 marmore
1185 1311 1323 1372 ponam

336 1410 487 1482 propter
511 1420 633 1480 aquam
657 1448 669 1463 .,

265 1509 409 1588 Properat
427 1508 506 1569 illam
525 1527 601 1589 rem,
626 1506 710 1588 l'erg.
731 1506 1013 1579 1661611661)
1037 1515 1073 1566 ct
1096 1504 1286 1585 pulchram
1313 1521 1538 1590 properetis

176 1636 240 1698 per
264 1614 412 1676 vulnera
436 1623 596 1687 mortem,
622 1613 678 1674 Sal.
701 1613 759 1693 lug.
783 1614 889 1687 (37A)
913 1612 1054 1691 aliaque
1078 1630 1287 1692 properare.

266 1723 429 1802 Praesagus
453 1721 531 1782 illius
556 1723 613 1800 rei,
636 1719 721 1800 Verg.
744 1721 814 1780 Aen.
839 1718 864 1778 X
889 1720 981 1792 (813)
1006 1737 1177 1798 praesaga
1200 1719 1285 1781 nrali
1314 1739 1433 1783 meus.

265 1829 383 1891 Primus
407 1846 512 1908 reguo,
535 1825 619 1907 Verg.
644 1827 714 1887 ileu.
738 1825 777 1884 lil
802 1826 893 1899 (238)

366 1944 400 1996 61
423 1938 559 2015 primns
583 1935 739 2012 sceptris
763 1931 854 1992 haud
878 1931 971 1991 laeta
995 1932 1114 1992 troute
1138 1931 1300 1993 Latinus.

266 2042 410 2103 Praesens
438 2041 516 2102 illius
544 2043 603 2105 rei.
645 2039 730 2114 l'crp.
759 2039 829 2099 Aen.
859 2037 895 2098 Xl
926 2039 1019 2111 (163)
1052 2040 1274 2118 armipotens
1310 2059 1532 2118 praesensio

177 2151 294 2210 delli.

268 2255 339 2316 Post
362 2253 456 2315 habeo
481 2272 575 2314 meam
599 2272 662 2313 reru
687 2263 735 2313 tua
759 2271 805 2333 rc,
829 2252 913 2332 Verg.
938 2252 1005 2315 buc.
1029 2254 1133 2327 (7.17)

390 2360 603 2441 posthabui
626 2370 743 2422 tamen
767 2359 914 2420 illorum
939 2379 1011 2421 mea
1036 2363 1129 2421 scria
1152 2359 1234 2420 ludo
1259 2380 1267 2420 ε

179 2472 221 2530 616
255 2479 285 2530 61
316 2478 384 2549 post
416 2469 506 2549 (luco,
544 2467 600 2527 Sal.
633 2467 694 2546 lug.
727 2467 833 2541 (73,o)
866 2476 900 2527 et
932 2477 994 2527 sua
1027 2468 1232 2527 necessario
1266 2476 1351 2546 post
1387 2469 1493 2530 illius

178 2579 359 2656 uegotinm
383 2575 542 2636 ducere.
562 2584 630 2655 post
652 2573 745 2635 habeo
766 2574 844 2635 illam
863 2592 925 2634 rem
945 2593 1015 2654 prae
1035 2575 1082 2635 illa
1103 2594 1149 2655 rc,
1171 2573 1238 2633 Ter.
1254 2574 1338 2636 Adel.
1353 2578 1413 2647 (ΙΙ
1423 2578 1491 2653 cati)
1504 2594 1529 2634 ss

236 2686 295 2763 quii
318 2680 341 2760 †
365 2685 398 2743 iu
423 2686 538 2744 omuia
563 2680 632 2742 silui
656 2691 736 2761 post
759 2684 898 2761 putarit
922 2700 1000 2741 esse
1024 2700 1107 2761 prae
1132 2700 1206 2740 mco
1230 2682 1430 2743 commodo.

267 2791 361 2870 Pergo
385 2793 455 2871 iter,
479 2790 546 2851 Ter.
570 2788 657 2869 llccy.
682 2791 717 2861 (Ι
737 2788 840 2863 2119)
864 2806 1006 2867 pergam
1035 2807 1103 2867 quo
1132 2791 1257 2867 occepi
1279 2789 1347 2851 hoc
1373 2795 1458 2853 iter.
1485 2788 1488 2817 ¹

268 2897 445 2976 Progredior
475 2897 524 2957 illo
554 2896 631 2976 loco,
660 2894 744 2973 Verg.
768 2896 839 2954 Anu.
864 2892 902 2952 lll
932 2896 1029 2967 (300)
1057 2895 1312 2974 progredimur
1344 2908 1489 2977 portu.

178 3003 352 3084 progredior
372 3006 448 3064 iutra
473 3003 557 3084 illud,
582 3003 664 3081 l'erg.
689 3005 759 3061 terr.
785 2999 822 3059 lll
847 3001 944 3072 (668)

355 3113 493 3189 iamque
518 3112 613 3170 iutra
638 3112 768 3169 iactum
793 3107 856 3168 teli
879 3126 1099 3187 progressus
1122 3118 1306 3187 uterque.
1501 3130 1526 3169 ss

266 3218 324 3278 Per
355 3229 458 3278 mutua
490 3237 544 3304 pro
577 3218 717 3294 inuicem,
750 3213 833 3292 l'erg.
867 3216 938 3274 ileu.
972 3213 1021 3274 l'll
1054 3215 1129 3287 (66)
1167 3225 1202 3275 61
1233 3215 1390 3295 pedibus
1423 3238 1488 3299 per

180 3334 301 3385 mutua
324 3326 435 3384 rueris.

268 3477 358 3531 Codex
376 3477 522 3532 Parrhasii
560 3477 622 3531 tin
641 3474 741 3531 Pisone
822 3476 942 3531 1166.
1025 3476 1205 3548 adiuvit
1283 3478 1357 3532 616
1382 3478 1487 3535 Pisone

179 3555 249 3611 mihi
323 3556 408 3626 illl]
429 3558 480 3611 llll
556 3565 587 3611 10
602 3556 747 3626 Properat]
762 3556 880 3625 Propter
951 3559 1082 3631 properet
1098 3556 1160 3628 por]
1179 3558 1293 3626 propter
1366 3565 1400 3612 11
1422 3576 1487 3629 pro-

177 3639 287 3709 perare]
307 3656 377 3707 prop
464 3645 496 3692 11
516 3639 652 3707 Prosagus
738 3653 856 3706 presaga
942 3643 974 3689 13
994 3636 1044 3708 Xl]
1064 3636 1130 3691 Vlll
1215 3642 1249 3691 15
1266 3637 1385 3693 Presens
1409 3638 1488 3693 illius

179 3718 246 3771 Aen.
266 3716 305 3770 XI
323 3716 495 3786 armipotens
518 3735 631 3787 presens
649 3717 715 3771 Post
738 3715 829 3770 habeo
916 3723 948 3772 18
971 3717 1053 3771 ludos
1138 3722 1172 3769 14
1195 3715 1268 3770 inter
1289 3716 1361 3771 illud

268 3876 283 3921 1
304 3867 440 3922 Salustius
459 3868 522 3923 hist.
542 3868 566 3939 l]
591 3869 708 3938 Aupust.
732 3869 764 3920 de
787 3869 835 3921 cio.
855 3868 899 3921 dci
918 3868 959 3920 II
982 3875 1018 3922 16
1041 3869 1115 3922 idem
1139 3866 1309 3935 (Sallustius)
1333 3871 1431 3923 temen
1455 3869 1487 3925 in

179 3948 269 4018 primo
302 3948 435 4003 historiae
470 3966 535 4003 suae
567 3948 640 4003 libro
666 3951 750 4017 atque
775 3947 835 4016 ipso
859 3949 919 4002 eius
942 3947 1055 4002 exordio
1078 3949 1183 4003 tutetur
1207 3979 1238 3986 -
1262 3964 1327 4001 narn
1352 3946 1486 4018 iniuriae,

178 4028 284 4098 inquit,
303 4030 470 4085 validiorum
490 4031 519 4083 et
537 4029 573 4083 ob
592 4046 639 4083 666
658 4026 789 4083 discessio
808 4027 898 4096 plebis
917 4045 934 4081 6
953 4028 1079 4097 patribus
1097 4034 1143 4082 etc.
1159 4028 1233 4081 Seru.
1248 4029 1280 4081 iu
1298 4027 1377 4097 Verg.
1392 4046 1485 4101 georg.

179 4109 231 4163 IV
247 4115 306 4165 238
324 4109 392 4164 item
412 4109 561 4164 Sallustius
581 4108 695 4163 ‘iniuria
712 4108 903 4176 vatidiomm’,
927 4107 1035 4163 scilicet
1053 4126 1137 4178 qnam
1156 4108 1313 4163 inferebant
1330 4109 1487 4167 validiores

232 4196 248 4245 3
268 4190 397 4261 Propter]
416 4190 490 4244 aun.
506 4207 536 4258 p.
556 4196 611 4244 367
692 4197 709 4243 4
727 4188 848 4258 Libycae
867 4191 964 4259 gentes
988 4187 1124 4258 Vergilius
1206 4195 1239 4242 10
1258 4188 1379 4257 Propero
1403 4189 1487 4246 illum

179 4289 236 4327 rem
256 4277 281 4326 ct
299 4273 396 4326 66666
414 4273 545 4341 properet
562 4288 612 4339 per
626 4271 834 4325 Lc'udcmanuus
907 4278 937 4324 11
959 4269 1071 4337 alioque
1089 4286 1161 4338 quse
1179 4268 1291 4336 incepto
1309 4267 1372 4322 nsni
1391 4269 1488 4327 forent

178 4370 329 4422 properare
347 4352 497 4406 Sallustius
587 4358 620 4404 15
639 4353 825 4421 armipotens,
848 4368 960 4421 praeses
982 4349 1063 4416 belli,
1087 4349 1214 4403 Tritonia
1232 4350 1310 4418 virgo
1335 4348 1488 4420 Verpsls'ttc,

178 4433 227 4485 ulu‘
245 4450 378 4501 praesens
397 4433 497 4501 lepitur
515 4433 546 4485 iu
564 4433 702 4486 codicibus
719 4438 743 4485 et
762 4433 838 4501 aprsd
857 4434 982 4486 Serrium
1069 4436 1100 4483 19
1120 4434 1149 4484 et
1168 4444 1218 4482 sua
1236 4429 1396 4484 necessaria
1419 4438 1489 4503 post

179 4512 256 4566 illius
274 4514 409 4567 honorem
429 4512 561 4566 ducerent
580 4512 729 4567 Sallustius
815 4519 845 4566 11
872 4513 940 4582 quin
963 4511 1058 4566 omnia
1080 4510 1133 4563 sibi
1161 4510 1225 4579 post
1247 4509 1354 4577 putarit
1374 4510 1412 4578 P,
1436 4512 1487 4582 qui

180 4592 275 4646 omniu
292 4593 345 4647 sibi
364 4593 542 4662 postputavit
560 4593 769 4647 1666666666
787 4636 793 4647 .
813 4593 879 4663 quin
903 4592 1009 4657 omnia,
1032 4592 1103 4645 sicut
1126 4592 1157 4643 iu
1180 4605 1236 4643 666
1254 4589 1339 4643 trullis
1361 4591 1488 4648 Terentii

180 4673 318 4726 codicibus
336 4679 360 4726 ct
379 4675 455 4742 apud
475 4673 615 4727 Donatum
634 4675 745 4742 lepitur,
765 4674 925 4727 Acrisioneis
943 4674 1035 4741 lepissc
1053 4672 1171 4736 cudetur,
1191 4669 1240 4740 qni
1254 4669 1349 4725 omnis
1363 4674 1489 4741 plurimi

180 4751 283 4805 codices
300 4752 433 4817 Terentii,
453 4753 501 4822 qni
519 4751 673 4821 ignominia
691 4755 774 4808 codar
792 4753 941 4806 Berntiuus
1012 4757 1046 4805 11
1066 4769 1121 4820 quio
1140 4750 1218 4819 coepi
1238 4752 1340 4806 codices
1363 4753 1489 4812 Terentii

180 4837 205 4886 et
223 4831 312 4884 ll'onii
328 4850 356 4901 p.
376 4838 431 4886 316·
503 4840 536 4886 13
556 4833 718 4902 progredior
736 4836 818 4902 portu
844 4832 979 4900 l'erpilius
