3316 5474
259 382 303 448 48
794 383 894 437 vanu
912 381 1026 438 LONGI

259 495 281 532 p.
295 485 354 525 asar.
371 485 395 526 ιι
410 485 434 523 r.

265 569 384 649 quidam
398 576 512 650 putant,
536 567 703 628 Simonides
718 570 829 630 invenit
848 569 920 630 duas
939 569 1063 650 vocales,
1086 587 1159 649 quas
1178 570 1251 631 dixit
1269 561 1370 649 φύσει
1388 560 1526 650 μακράς,
1546 588 1568 647 q

260 686 290 738 et
310 695 346 754 ω,
365 685 398 738 ut
417 683 518 737 essent
536 666 739 754 ἇντίσιοιχοι
757 673 802 762 τῷ
822 696 838 738 e
855 671 911 737 καὶ
929 673 974 761 τῷ
994 697 1023 755 o,
1041 685 1148 755 atquo
1164 675 1250 736 modo
1264 675 1319 737 bae
1333 675 1450 737 litterae
1466 674 1569 754 longae

261 783 441 864 dicerentur,
460 803 481 862 η
497 790 526 843 et
541 803 577 863 ω,
596 785 635 842 ita
655 790 684 842 et
703 783 768 844 illae
789 792 893 845 natura
916 783 1030 845 breves.
1058 784 1232 862 quinetiam
1249 783 1412 845 secuudum
1432 790 1569 844 naturam

260 893 353 969 magis
380 891 457 970 apud
487 908 541 950 nos
564 891 620 949 bus
643 892 775 968 quinque
798 889 913 950 litteras
936 892 1037 950 elierri
1065 906 1153 968 quam
1184 888 1261 968 apud
1285 888 1415 950 Graecos
1439 896 1570 950 nonest

259 996 384 1058 dubium
411 999 447 1056 iis
475 998 526 1075 qui
554 1013 641 1056 arares
670 995 787 1057 babent.
813 998 818 1072 l
844 997 958 1057 vocales
986 999 1066 1057 euim
1096 996 1216 1056 eaedem
1247 1004 1318 1057 sunt
1345 1004 1376 1056 ct
1398 994 1516 1055 litterae
1539 1000 1599 1054 ets

261 1102 398 1185 syllabae,
421 1121 480 1162 non
499 1104 588 1163 sicuti
607 1110 733 1163 ceterae.
771 1121 839 1163 cum
858 1106 937 1165 enirn
957 1103 1083 1165 dicimus
1101 1093 1192 1183 ἄλφα
1212 1121 1236 1182 a,
1259 1105 1290 1163 in
1309 1104 1410 1182 priore
1429 1100 1569 1180 litteram,

261 1213 459 1289 insequente
484 1208 623 1288 syllabam
647 1209 781 1270 dicimus.

349 1314 393 1376 Ex
420 1316 466 1376 bis
494 1316 644 1378 vocalibus
671 1336 746 1396 quae
771 1317 847 1397 apud
872 1336 927 1377 nos
950 1326 1020 1378 sunt
1043 1317 1117 1378 duae
1136 1312 1263 1378 'litterae
1287 1324 1317 1376 et
1340 1314 1488 1376 vocalium
1510 1316 1569 1374 rim

260 1432 290 1484 et
318 1425 543 1483 consonantium
571 1421 720 1503 obtinent,
749 1442 767 1482 u
791 1431 821 1482 et
846 1425 862 1482 i.
903 1441 961 1502 quo
991 1422 1076 1482 modo
1105 1432 1204 1483 autem
1232 1422 1362 1482 discerni
1390 1424 1507 1501 possint
1538 1423 1568 1481 iu

261 1530 315 1591 bac
344 1530 455 1610 duplici
485 1537 647 1610 potestate,
679 1529 809 1590 breviter
836 1528 1055 1609 explicabimus.
1094 1525 1117 1606 †
1145 1537 1282 1590 constant
1309 1547 1413 1590 omnes
1440 1526 1569 1608 syllabae
1585 1542 1614 1581 1⁰

260 1640 365 1717 spiritu
395 1639 585 1697 consonantis
615 1639 686 1697 item
715 1639 894 1697 accessionis
921 1637 986 1697 loco
1014 1656 1093 1717 esse,
1123 1646 1156 1698 nt
1186 1639 1348 1698 immutatis
1371 1634 1430 1696 illis
1454 1633 1568 1695 nihile

260 1752 364 1805 natura
388 1742 513 1823 syllabae
538 1750 679 1804 mutetur.
716 1745 794 1804 sicut
824 1743 895 1803 nibil
919 1746 1044 1804 interest
1067 1754 1168 1804 utrum
1192 1763 1208 1803 a
1232 1743 1364 1803 dicamus
1387 1759 1424 1801 au
1449 1740 1501 1814 ba,
1525 1743 1568 1801 sic

261 1851 332 1910 nibil
360 1853 485 1911 interest
513 1868 549 1909 au
573 1858 603 1910 et
631 1852 657 1909 ia
681 1849 813 1909 dicamus
837 1860 867 1909 et
891 1868 937 1910 va:
966 1868 1035 1910 cum
1063 1850 1138 1910 duae
1169 1850 1282 1911 vocales
1311 1848 1426 1909 scilicet
1448 1850 1568 1910 iunctae

261 1958 365 2035 utique
389 1956 505 2035 longam
529 1955 667 2035 syllabam
691 1955 808 2036 iaciant,
827 1955 951 2016 decebat
974 1964 1004 2017 et
1027 1957 1082 2017 bac
1105 1956 1202 2016 littera
1225 1957 1338 2017 adiecta
1362 1955 1427 2015 deri
1451 1954 1569 2034 longam

261 2061 408 2141 syllabam.
450 2071 537 2140 atque
569 2061 642 2122 adeo
673 2079 839 2123 consonans
869 2071 927 2138 est,
958 2072 992 2124 ut
1023 2065 1054 2123 in
1084 2072 1180 2124 metro
1210 2062 1289 2123 idem
1315 2068 1457 2142 praestet.
1500 2079 1569 2123 cum
1583 2071 1613 2114 ¹⁶

261 2171 341 2229 enim
363 2167 429 2248 lego

422 2285 457 2337 et
479 2277 580 2357 iacit,
605 2283 771 2336 arrectae
796 2285 933 2363 mentes
956 2276 1235 2355 stupefactaque
1260 2275 1384 2356 corda,

260 2383 293 2445 nt
319 2384 434 2462 primus
461 2401 514 2461 pes
542 2381 690 2463 dactylus,
722 2378 768 2444 ‘et
799 2379 900 2466 iacit',
929 2383 1053 2464 proinde
1084 2401 1118 2443 ac
1148 2385 1174 2442 si
1202 2385 1354 2443 immutata
1382 2381 1438 2443 bac
1467 2384 1532 2463 ipsa
1557 2384 1568 2442 i

260 2492 415 2570 positaque
442 2508 497 2568 pro
526 2508 560 2549 ea
587 2488 641 2548 alia
670 2499 852 2552 consonante
881 2491 1011 2551 dicerem
1040 2486 1086 2551 ‘et
1110 2485 1203 2551 lacit’.
1243 2490 1313 2551 illud
1341 2508 1414 2551 sane
1437 2488 1567 2550 animad-

260 2597 444 2676 vertendum,
467 2595 542 2655 bauo
566 2595 689 2656 eandem
708 2596 836 2657 litteram
861 2616 920 2657 uon
943 2615 1104 2676 numquam
1122 2616 1177 2676 pro
1197 2596 1312 2657 duabus
1331 2596 1566 2658 consonantibus
1582 2608 1613 2649 2⁰

260 2722 375 2784 sonare,
399 2705 423 2762 si
447 2703 534 2763 modo
558 2713 701 2781 sequente
725 2703 816 2762 vocali
842 2705 995 2763 interiecta
1020 2706 1066 2764 sit.
1105 2705 1203 2781 itaque
1223 2721 1309 2763 nemo
1329 2701 1476 2763 dubitabit
1496 2705 1567 2781 quin

260 2819 291 2871 et
314 2810 360 2870 bic
384 2827 488 2869 sersus
511 2808 607 2869 bonus
631 2812 681 2889 sit,
726 2818 729 2823 '

422 2919 488 2974 iam
511 2916 644 2976 vitulos
668 2915 816 2977 bortare
840 2919 1002 2994 viamque
1027 2918 1157 2976 insiste
1181 2916 1354 2978 domandi.

263 3042 330 3083 nam
354 3019 423 3083 ‘iam
446 3016 520 3082 vitu'
545 3021 677 3102 dactylus
708 3031 767 3106 est,
796 3025 936 3101 quoniam
963 3027 1056 3102 prima
1087 3023 1194 3103 syllaba
1223 3023 1308 3102 longa
1336 3031 1381 3084 est
1411 3026 1568 3103 positione.

261 3137 443 3191 consonante
476 3131 554 3190 enim
586 3132 742 3192 terminata
774 3150 804 3191 m
833 3132 980 3209 excipitur
1009 3150 1024 3189 r
1052 3130 1164 3213 littera,
1193 3149 1269 3209 quae
1298 3149 1354 3208 pro
1384 3139 1567 3192 consonante
1583 3144 1613 3183 2⁵

703 3287 711 3326 i

352 3339 444 3394 Codex
463 3338 1110 3451 Parrhasii1somonaidesOrisuperscm
1195 3333 1396 3407 2ἆντιστοιχα
1482 3337 1568 3392 thas

260 3473 311 3512 om.
368 3456 461 3511 efferri
480 3440 529 3524 qul
543 3455 618 3525 apud
634 3472 749 3525 graecos
768 3454 794 3506 N
813 3470 868 3507 non
881 3456 925 3507 est
938 3454 1052 3508 dubium
1074 3454 1111 3508 sis
1126 3453 1174 3522 qui
1188 3471 1269 3508 aures
1284 3454 1389 3520 babent
1403 3453 1437 3508 0:
1456 3453 1483 3508 N
1498 3455 1567 3508 litte·

261 3563 322 3599 rum
340 3546 509 3613 exponente
576 3544 709 3598 oesdem
773 3542 938 3610 boptinent
1005 3561 1060 3612 quo
1080 3543 1174 3613 modo]
1194 3543 1304 3613 quando
1369 3548 1402 3596 12
1421 3544 1517 3597 ιιιτιιιιι
1536 3560 1568 3597 sa

260 3625 351 3680 dicam
371 3624 414 3679 Ga
431 3641 467 3678 sn
486 3625 523 3677 ba
567 3630 618 3677 *13
637 3641 674 3678 an
693 3624 779 3679 etiam
793 3624 886 3678 dicam
900 3626 930 3676 et
943 3639 980 3676 ua
1033 3622 1151 3693 scilicet]
1171 3623 1227 3678 sint
1289 3629 1321 3677 17
1340 3626 1451 3677 arrecta
1465 3623 1567 3677 mentis

259 3710 291 3759 set
308 3706 416 3759 ridetur
435 3703 465 3768 0,
484 3718 552 3757 corr.
572 3705 681 3758 arrecta
698 3707 791 3759 mente
811 3720 825 3758 c
907 3707 940 3756 18
958 3702 1012 3756 bac
1030 3702 1092 3771 ipsa
1109 3703 1296 3773 impositaque
1386 3711 1419 3759 21
1438 3703 1568 3775 sequenti

260 3784 352 3840 uocali
428 3781 571 3837 dubitauit
650 3790 685 3838 24
703 3784 776 3855 nitu]
796 3783 869 3839 nitnl
950 3789 985 3838 ιι
1004 3782 1167 3839 consonanti
1185 3783 1260 3838 enim
1332 3802 1383 3855 pro
1401 3782 1568 3840 consonanti

350 3965 548 4038 ιᾶντίσποιχα
566 3969 594 4022 R
679 3973 790 4042 tapud
809 3989 859 4026 nos
878 3971 1000 4040 quinque
1019 3971 1127 4026 litteras
1146 3971 1175 4024 R
1260 3988 1315 4025 non
1334 3975 1377 4026 est
1394 3970 1525 4040 dubium,
1543 3971 1567 4026 sl

261 4053 324 4123 quis
342 4068 423 4106 aures
442 4051 528 4104 babet
546 4048 573 4102 R
646 4053 802 4121 eceterae}
823 4068 940 4122 graecae
959 4052 1093 4105 musterus
1166 4057 1180 4104 7
1204 4052 1320 4118 fortasse
1338 4051 1368 4105 in
1385 4054 1520 4120 sequente
1538 4054 1568 4106 et

260 4133 399 4203 syllabam
423 4131 564 4186 dicimus·
591 4150 655 4186 ιιιιιιι
680 4135 776 4186 latinio
799 4134 934 4186 cocullum
956 4133 1114 4185 staminibus
1136 4148 1193 4185 nors
1216 4132 1302 4185 solum
1326 4133 1416 4199 ipsam
1439 4133 1567 4198 litterum,

259 4217 330 4270 simet
348 4214 425 4282 apud
443 4212 574 4277 Graecos,
596 4215 642 4267 aed
664 4216 745 4267 etiam
767 4213 900 4283 syllabam
919 4229 951 4266 ea
976 4214 1067 4266 littera
1085 4213 1186 4277 [aetram
1208 4213 1329 4265 iudicari
1346 4213 1414 4265 diest
1431 4227 1567 4279 oramina·

260 4297 331 4349 tiests
402 4300 455 4347 ιιι
475 4295 504 4347 et
522 4294 543 4364 i]
559 4311 588 4361 p.
603 4300 692 4350 2220.
712 4301 794 4349 2223
867 4298 900 4345 10
918 4293 1034 4358 fortasse
1053 4294 1163 4345 constat
1183 4290 1258 4344 omni
1275 4290 1399 4359 syllabae
1418 4307 1489 4359 opus
1507 4307 1567 4345 esse

260 4374 365 4443 vocali,
384 4375 568 4429 consonantes
587 4373 656 4427 item
674 4372 841 4428 accessionis
860 4372 921 4425 loco
941 4387 1001 4426 esse
1080 4378 1112 4425 ιι
1132 4374 1226 4425 ιιιιιιιιι
1244 4387 1275 4425 sa
1293 4371 1385 4426 dicam
1404 4389 1448 4441 sa,
1467 4388 1503 4425 an
1521 4372 1567 4440 bs,

260 4455 300 4508 sic
317 4454 388 4507 nihil
411 4453 530 4508 interest
551 4469 587 4506 an
606 4454 692 4507 etiam
717 4454 809 4508 dicam
828 4455 856 4506 et
874 4468 918 4505 ra
937 4469 1000 4506 cnm
1020 4452 1091 4506 duae
1110 4452 1222 4505 uocales
1241 4451 1297 4505 sint
1319 4451 1443 4516 iunctae,
1468 4451 1566 4520 ntique

259 4533 346 4603 longa
363 4534 471 4601 syllaba
488 4536 573 4601 atque
592 4533 662 4588 adeo
681 4550 835 4588 consonans
853 4538 896 4586 est
913 4532 941 4585 Ιι
1022 4539 1053 4586 lt
1073 4536 1102 4586 et
1119 4532 1198 4601 iacit]
1226 4532 1302 4599 i'erq.
1321 4532 1391 4585 Aen.
1417 4531 1443 4583 l'
1458 4538 1514 4586 643

260 4615 369 4668 arrecta
387 4615 512 4666 mentem
530 4611 558 4666 R
632 4619 664 4667 18
683 4613 736 4666 bac
755 4613 816 4682 ipsa
834 4610 1021 4680 impositaque
1039 4611 1067 4666 R
1166 4614 1351 4679 assequente
1369 4612 1462 4666 vocali
1481 4612 1566 4666 inter·

259 4692 345 4761 iecta]
364 4710 392 4760 p.
411 4698 492 4746 2220
510 4694 558 4747 sed
577 4693 719 4762 quotiens,
738 4695 771 4746 nt
789 4708 873 4760 supra
891 4690 1022 4762 diximus,
1044 4693 1152 4746 duabus
1166 4691 1310 4746 vocalibus
1329 4690 1480 4746 interiecta
1497 4692 1567 4746 baec

258 4773 356 4827 littera
374 4776 428 4841 est,
447 4772 565 4825 duarum
583 4771 796 4827 consonantium
814 4769 923 4825 obtinet
941 4770 1032 4826 ricem
1106 4773 1200 4841 itaque
1216 4804 1247 4811 —
1263 4772 1353 4826 bonus
1372 4772 1410 4826 sit
1427 4789 1478 4828 om.
1497 4772 1526 4827 R

258 4852 328 4925 iam]
354 4852 432 4922 i'erq.
449 4868 536 4922 ιιοιι.
558 4853 618 4905 ΙΙΙ
639 4858 693 4905 162(
