3316 5474
525 360 752 417 FRAGMENTA
778 362 973 418 BOBIENSIA
1335 364 1398 429 541

99 477 122 513 p.
134 463 180 503 aas.
196 464 235 503 soc
249 464 277 504 v.

99 550 283 630 genetivum,
308 558 341 610 ιιι
363 551 455 608 miser
477 549 593 628 miseri3
617 549 642 606 si
666 566 725 608 non
750 548 889 629 fecerint,
912 550 951 629 is,
974 555 1009 608 ιιι
1030 566 1118 610 anser
1141 552 1268 626 auseris,
1296 568 1400 630 passer

97 657 235 734 passeris.
277 657 373 716 omnis
396 656 594 715 nominativus
617 673 650 715 es
674 662 811 734 correpta
835 657 1026 735 terminatus,
1048 658 1109 716 sive
1128 676 1203 737 pura
1222 659 1283 718 sive
1303 657 1399 737 aliqua

98 770 278 823 consonante
302 763 467 842 anteposita
490 769 521 822 et
548 763 663 842 iuncta,
690 764 859 841 genetivum
888 759 1067 840 singularem
1096 765 1133 824 tis
1162 764 1249 825 iaciat
1276 783 1399 826 necesse

98 878 157 950 est,
185 879 219 930 nt
248 868 332 930 miles
360 868 469 928 militis.
519 869 615 928 omnis
647 869 846 929 nominativus
879 887 912 929 es
944 868 1088 948 producta
1116 873 1292 932 terminatus
1324 891 1398 952 pura

69 978 265 1056 sgenetivum
295 974 474 1055 singularem
502 976 530 1034 ei
559 974 646 1035 iaciat
673 992 795 1034 necesse
825 982 883 1056 est,
911 995 928 1036 e
956 984 1054 1036 mmen
1082 977 1241 1058 producta,
1273 987 1309 1039 nt
1334 977 1398 1039 dies

97 1082 169 1165 diei,
195 1085 290 1144 series
317 1084 419 1162 serici,
447 1089 478 1141 et
505 1082 589 1159 siqua
617 1080 698 1161 talia,
730 1083 862 1161 exceptis
890 1081 1021 1162 duobus,
1054 1091 1088 1143 ut
1114 1083 1188 1144 baec
1215 1083 1281 1144 lues
1309 1083 1398 1145 buius

96 1190 154 1250 lnis
177 1198 207 1250 et
229 1189 302 1250 haec
326 1191 411 1269 quies
434 1188 522 1248 huius
541 1189 659 1267 qnietis.
701 1206 734 1248 es
753 1206 823 1248 vero
842 1187 987 1267 producta
1005 1191 1180 1251 terminatus
1199 1192 1397 1251 nominativus

96 1296 208 1358 babens
235 1299 366 1357 iunctam
400 1303 612 1355 consonantem
639 1296 807 1374 genetivum
835 1297 861 1355 is
891 1296 974 1377 iacit,
1001 1304 1035 1356 at
1061 1296 1110 1357 bic
1136 1296 1282 1359 Hercules
1307 1298 1397 1360 buius

96 1403 247 1483 llercnlis,
269 1404 341 1463 baec
365 1400 459 1463 nubes
483 1401 572 1462 brrins
596 1400 691 1462 nubis.

56 1526 82 1564 ro
185 1510 247 1571 Con
275 1508 383 1589 syllaba
414 1516 485 1568 tunc
513 1506 702 1587 producitur,
733 1507 851 1586 quando
883 1518 952 1588 post
983 1509 1062 1572 illam
1086 1511 1108 1586 s
1130 1520 1184 1572 aut
1209 1531 1225 1572 s
1251 1513 1397 1593 sequitur,

96 1626 130 1678 nt
152 1619 281 1678 conlisus
305 1624 457 1695 constans,
485 1616 587 1692 siquae
616 1633 686 1674 vero
714 1613 823 1677 alterae
852 1625 1048 1678 consonantes
1076 1618 1188 1679 luerint
1211 1618 1397 1700 subsecutae,

96 1727 264 1805 corripitur.
316 1744 351 1785 er
377 1723 497 1799 syllaba
525 1725 705 1782 terminatas
736 1726 920 1784 accusativus
950 1724 1108 1804 singularis
1136 1724 1246 1786 nullius
1274 1725 1396 1787 alterins

94 1833 213 1911 generis
245 1834 395 1911 reperitur
428 1832 484 1890 nisi
518 1831 616 1889 neutri
649 1829 753 1890 solum.
808 1832 903 1890 omnis
936 1832 1134 1892 nominativus
1170 1831 1329 1912 singularis
1361 1851 1395 1892 er

95 1937 203 2017 syllaba
228 1940 416 2016 terminatus
439 1939 464 1996 si
488 1954 613 2015 graecus
637 1936 740 2015 luerit,
763 1935 952 2018 producitur;
975 1940 1000 1997 si
1024 1938 1147 2018 latinus,
1169 1940 1339 2018 corripitur.
1359 1933 1365 2022 Ι

57 2060 83 2098 ιι
185 2046 289 2105 Omnia
309 2047 426 2104 nomina
446 2063 481 2103 ns
500 2045 656 2125 teyminata
674 2045 685 2102 i
704 2050 771 2103 ante
790 2061 826 2103 us
845 2042 981 2105 habentia
1003 2047 1035 2106 in
1053 2047 1188 2125 genetivo
1207 2046 1217 2105 i
1235 2044 1395 2127 duplicant,

95 2156 125 2213 in
159 2155 290 2213 vocativo
323 2169 407 2231 vero,
440 2153 464 2210 si
497 2152 616 2230 propria
645 2150 771 2230 inerint,
802 2152 812 2209 i
841 2150 965 2232 iaciunt,
997 2159 1031 2212 ut
1058 2151 1203 2231 Vergilius
1231 2170 1248 2211 o
1277 2151 1395 2233 Vergili,

95 2261 253 2321 Terentius
267 2279 285 2318 o
300 2259 435 2339 Terenti;
454 2259 479 2317 si
494 2266 593 2317 autem
607 2257 794 2338 appellativa,
813 2276 829 2317 e
844 2266 980 2338 correpta
995 2258 1120 2340 iaciunt,
1142 2267 1176 2320 ut
1194 2258 1242 2319 hic
1257 2261 1394 2339 egregins

94 2369 267 2446 aegregie,
294 2374 417 2445 excepto
446 2364 565 2443 generis
592 2366 692 2425 neutri
714 2365 926 2444 comparativo,
953 2363 1034 2443 qnod
1061 2365 1225 2426 secundum
1248 2367 1393 2426 rationem

94 2493 130 2534 ns
154 2475 380 2533 terminatorum
404 2474 445 2532 ris
469 2473 538 2531 iacit
561 2474 710 2552 genetivo,
737 2474 869 2532 vocativo
892 2490 929 2532 us
952 2471 1040 2532 simili
1062 2473 1250 2536 nominativo.
1295 2474 1394 2532 omnia

50 2593 80 2633 2⁰
93 2583 211 2641 nomina
244 2598 279 2639 ns
311 2577 419 2658 syllaba
459 2580 613 2639 terminata
650 2580 786 2640 facientia
819 2578 955 2639 adverbia
983 2597 999 2638 e
1027 2577 1173 2658 producto
1204 2579 1328 2659 iaciunt,
1360 2587 1394 2639 nt

94 2706 228 2749 summus
252 2705 380 2766 summe,
402 2689 516 2766 primns
539 2689 649 2767 prime,
672 2687 810 2767 egregius
833 2687 965 2766 egregie3
988 2687 1119 2762 exceptis
1143 2684 1254 2765 tribus,
1277 2702 1352 2764 qnae
1375 2705 1392 2747 e

94 2803 231 2873 correpto
256 2794 367 2854 iaciunt
390 2803 492 2853 contra
516 2795 675 2873 rationem,
699 2801 732 2853 ιιι
754 2790 851 2853 bonus
874 2790 967 2872 bene,
990 2791 1084 2853 malus
1108 2792 1195 2873 male,
1222 2794 1299 2853 ritus
1322 2795 1393 2876 rite;

93 2908 216 2980 excepto
244 2918 303 2960 uno
331 2898 410 2976 quod
434 2918 452 2957 o
476 2900 559 2980 iacit,
586 2917 645 2959 non
674 2918 704 2978 e,
738 2907 772 2960 ut
798 2898 889 2960 salsus
918 2897 1005 2979 ialso,
1033 2908 1066 2960 ιιι
1094 2899 1252 2961 Sallustius
1283 2894 1392 2961 ‘laiso

94 3009 260 3088 queritur
287 3005 329 3066 de
356 3014 482 3066 natura
516 3024 577 3066 sna
609 3023 722 3085 genus
753 3000 970 3086 humanum',
1001 3013 1031 3066 el
1058 3024 1144 3067 rarus
1172 3024 1253 3087 raro,
1285 3015 1319 3068 nt
1345 3017 1392 3069 est

52 3110 167 3175 ²⁵'bic
190 3132 271 3174 raro
294 3115 330 3173 in
353 3112 476 3173 urbem
499 3106 698 3195 commeat’,
721 3111 801 3190 qnod
823 3111 997 3173 Terentium
1020 3111 1129 3174 dixisse
1153 3122 1200 3174 est
1222 3121 1334 3176 notum

180 3552 355 3632 Fortunam,
382 3559 520 3611 eventum
548 3549 599 3610 teli
622 3550 730 3625 (Vera.
754 3549 788 3609 A.
813 3550 848 3608 X
867 3550 955 3623 422).
999 3549 1080 3610 llaec
1106 3569 1239 3630 conpago
1266 3551 1390 3613 latinum

92 3660 151 3702 non
180 3649 239 3721 est,
267 3642 318 3701 sed
346 3641 419 3701 haec
447 3657 618 3718 compages,
650 3647 681 3699 et
708 3637 744 3699 ab
772 3657 807 3698 eo
836 3638 914 3717 qnod
943 3647 989 3699 est
1016 3658 1172 3716 compages
1199 3641 1390 3721 compagibus

91 3731 173 3811 lacit,
196 3748 212 3790 a
236 3748 376 3809 compago
400 3727 622 3808 compaginibus
650 3729 732 3807 lacit,
759 3726 838 3807 quod
863 3746 948 3788 nemo
972 3727 1045 3788 dixit
1073 3729 1181 3804 (Vera.
1205 3731 1239 3789 Α.
1264 3730 1388 3804 1122).

91 3819 201 3901 Lucre,
229 3817 339 3878 absolvi
363 3820 487 3898 pecnnia
511 3826 582 3896 aput
605 3820 755 3896 antiquos,
783 3819 923 3896 quoniam
951 3820 1075 3897 pecunia
1099 3817 1313 3880 damnabantur
1336 3822 1389 3892 (ib.

51 3931 78 3970 so
91 3910 177 3980 136).
232 3908 422 3987 Participium
456 3908 620 3986 praesentis
651 3908 795 3985 temporis
827 3926 843 3966 a
876 3908 992 3986 passivo
1024 3907 1148 3968 Romani
1166 3914 1244 3968 'non
1280 3907 1390 3970 babent

91 3997 216 4076 ideoque
245 3999 399 4076 participio
429 4004 554 4056 utuntur
583 3998 752 4075 praeterito.
803 3995 907 4056 Omnia
941 3999 1057 4056 nomina
1090 3996 1143 4057 des
1170 3999 1307 4058 exeuntia
1338 4006 1389 4058 aut

91 4089 209 4166 propria
239 4096 321 4160 sunt,
351 4093 383 4145 ut
405 4084 606 4163 Thucydides,
634 4093 685 4146 aut
710 4086 926 4164 patronymica,
955 4094 987 4145 ιιι
1011 4084 1151 4164 Tydides:
1180 4103 1247 4145 nam
1275 4085 1388 4146 nnllnm

92 4194 199 4235 nomen
223 4193 238 4233 a
262 4176 355 4252 patria
380 4176 440 4234 exit
462 4177 493 4234 in
517 4174 582 4252 des,
605 4175 745 4252 quoniam
767 4171 903 4233 dubitant
926 4175 956 4234 in
980 4172 1029 4233 illo
1053 4175 1131 4252 qnod
1151 4173 1225 4234 dixit
1243 4172 1388 4252 Vergilius

91 4267 139 4336 (st.
152 4266 189 4324 II
199 4265 280 4335 342)
291 4263 495 4344 Mygdonides,
509 4262 587 4322 unde
602 4262 652 4322 alii
664 4260 797 4323 dicnnta
813 4264 919 4342 patria,
939 4263 991 4322 sed
1005 4272 1118 4343 errant,
1134 4281 1200 4323 nam
1215 4262 1388 4341 Mygdonius

181 4443 195 4489 1
215 4432 353 4491 feceritis
372 4450 452 4489 anser
470 4434 497 4487 Β
589 4439 606 4488 5
625 4451 640 4489 e
658 4436 752 4489 lamen
775 4433 912 4504 producta
933 4451 949 4488 a
972 4436 1067 4490 tamen
1089 4433 1253 4504 productam
1271 4434 1299 4487 B

91 4515 452 4580 dseriesom.B‚add.v
532 4513 859 4569 Sutaalchicom.B
936 4513 1343 4582 lofaulsom.B‚add.v

92 4604 124 4652 12
143 4596 309 4666 corripiatur
326 4596 355 4649 B
426 4614 456 4650 er
475 4597 584 4666 syllaba
600 4594 766 4650 terminatus
784 4610 834 4650 ora.
853 4593 895 4659 B,
913 4594 1012 4647 adda
1086 4599 1119 4647 13
1133 4592 1238 4648 neutris
1256 4593 1345 4647 solum
1359 4594 1387 4647 B

127 4683 159 4731 19
179 4677 298 4732 similem
316 4677 344 4728 B
423 4682 456 4729 23
475 4676 558 4747 falso]
578 4676 691 4730 Sallust.
711 4676 810 4746 Iap.1
888 4680 921 4728 25
940 4673 987 4728 hic
1004 4674 1080 4745 raro]
1101 4673 1162 4730 Ter.
1181 4673 1246 4727 Hac.
1266 4672 1388 4740 I2a00

178 4843 212 4890 at
232 4853 380 4907 compages
394 4838 542 4907 posteriorc
560 4838 617 4893 loeo
630 4853 681 4892 ora.
699 4836 727 4889 B
