3316 5474
574 365 643 420 ARS
662 365 906 423 GRAMMATICA
1347 365 1411 429 401

115 477 137 514 p.
152 467 184 507 80.
198 466 224 507 81
239 467 269 506 Η.

115 558 168 612 est
214 551 412 631 superlativus
436 570 505 612 vero
528 550 576 612 bis
599 560 713 613 tantum
735 553 787 631 qui
810 553 856 612 sui
874 554 992 631 genueris
1011 559 1081 612 sunt
1099 553 1301 632 praeponitur.
1346 569 1412 610 nam

116 657 317 719 velocissimus
340 678 435 738 equus
459 677 519 719 non
542 659 665 740 dicitur,
691 660 747 720 nisi
770 661 855 738 equis
878 666 1066 738 comparatus
1088 659 1135 717 sit.
1183 659 1281 736 itaque
1310 674 1412 736 super-

115 764 221 826 lativus
242 764 351 845 gradus
375 773 426 826 aut
448 764 585 826 omnibus
609 767 654 825 sui
677 766 795 844 generis
818 765 1025 844 praeponitur,
1049 772 1082 824 ut
1106 759 1140 822 ‘o
1164 762 1319 823 Danaum
1343 764 1413 823 lar-

116 874 254 933 tissime
277 874 397 952 gentis
419 866 599 952 Tydides,'
623 880 674 933 aut
696 870 794 932 nullis.
818 873 893 932 seito
917 879 1015 931 autem
1039 871 1270 950 comparativum
1290 869 1414 948 gradum

89 989 219 1039 acanum
241 977 400 1039 ablativum
424 979 540 1039 trahere
566 988 624 1039 tam
648 981 764 1040 orrmeri
787 978 945 1058 singularis
969 996 1056 1057 quam
1079 977 1215 1057 pluralis,
1243 985 1277 1038 nt
1299 975 1414 1037 doctior

115 1083 178 1165 illo,
212 1085 327 1146 doctior
359 1085 424 1147 illis.
471 1084 668 1166 superlativus
699 1103 769 1146 vero
803 1104 904 1147 casum
932 1086 1094 1165 genitivum
1122 1084 1213 1146 trabit
1241 1091 1271 1144 et
1300 1090 1414 1146 tantum

115 1190 221 1271 plurali
245 1193 378 1273 iungitur
401 1211 541 1274 numero,
563 1200 597 1254 ut
619 1195 750 1255 omnium
774 1194 956 1256 iustissimus
978 1192 1095 1255 dieitur.
1116 1185 1121 1277 Ι

592 1404 652 1471 DE
675 1404 935 1472 PRONOMINE

202 1550 369 1612 Pronomen
403 1560 448 1613 est
480 1571 549 1632 pars
580 1555 724 1614 orationis
757 1572 832 1633 quae
864 1572 918 1633 pro
952 1555 1015 1633 ipso
1044 1556 1138 1633 posita
1167 1556 1285 1614 nomine
1318 1554 1416 1613 minus

77 1671 103 1710 10
116 1658 235 1736 quidem
265 1658 364 1740 piene,
395 1659 473 1719 idem
502 1669 598 1720 tamen
628 1661 788 1743 signifieat,
820 1668 853 1721 ut
880 1678 935 1739 ego
967 1667 999 1720 tu
1033 1659 1108 1737 [me]
1142 1659 1199 1720 ille.
1249 1661 1416 1739 pronomini

117 1763 255 1825 aeoidunt
269 1764 393 1844 qualitas
412 1786 506 1846 genus
526 1768 618 1846 figura
636 1785 780 1828 numerus
798 1785 886 1827 casus
903 1785 1038 1847 persona.
1069 1767 1194 1845 qualitas
1207 1768 1416 1847 pronominum

117 1878 167 1931 aut
191 1871 271 1932 finita
295 1882 414 1934 estant
438 1874 558 1935 inllnita.
604 1875 684 1934 linita
709 1882 755 1935 est
777 1892 852 1953 qtrae
875 1882 958 1935 notat
981 1882 1093 1935 certam
1116 1892 1286 1955 personam,
1310 1881 1343 1933 ut
1361 1891 1416 1951 ego
1522 1856 1531 1867 ⁸

118 1977 230 2038 tuille.
276 1980 389 2040 inlinita
413 1988 459 2041 est
482 1999 557 2060 quae
585 1980 708 2041 cuilibet
736 1997 880 2061 personae
908 1986 1007 2059 potest
1034 1980 1262 2059 accommodari,
1289 1987 1324 2040 ut
1350 1981 1417 2058 quis

117 2085 212 2164 qualis
231 2105 314 2165 quiae.
355 2105 464 2165 genera
483 2089 693 2168 pronominum
712 2093 783 2148 sunt
803 2086 869 2168 tltt,
894 2085 1087 2147 masculinnm
1107 2096 1140 2147 ut
1157 2085 1220 2169 bio,
1243 2087 1416 2146 femininum

78 2192 259 2273 mathaee,
287 2201 428 2254 neutrum
452 2204 486 2256 ut
507 2194 579 2277 boe,
607 2211 764 2254 commune
787 2203 821 2255 ut
843 2212 906 2273 ego.
952 2193 1045 2272 llgrrra
1073 2195 1280 2272 pronominum
1309 2191 1418 2272 duplex

117 2307 176 2360 est:
204 2306 255 2359 aut
285 2301 362 2359 enim
391 2300 534 2381 simplicia
562 2309 645 2383 sunt,
678 2307 711 2362 ut
738 2301 805 2379 quis
836 2318 905 2379 ego,
937 2309 987 2361 aut
1014 2301 1190 2379 composita,
1221 2308 1254 2361 ut
1282 2300 1418 2378 quisquis

207 2471 297 2524 Oodea
315 2471 511 2542 Sanpallensia.
549 2471 753 2528 afortiesimae
771 2471 863 2542 gentis
884 2471 1061 2526 TYrrauc
1130 2470 1237 2525 lecito
1256 2471 1367 2524 νιιθιδε

118 2551 224 2622 biam]
244 2550 328 2605 etiam
406 2552 534 2623 pluralis]
553 2551 665 2623 populis
742 2557 776 2605 10
794 2551 901 2623 tamen]
920 2553 978 2605 tom
1050 2550 1216 2622 pronomina
1234 2551 1365 2607 accidunt

118 2637 151 2684 13
171 2633 203 2685 ui
221 2638 284 2686 ante
302 2634 364 2701 quis
382 2649 433 2687 om.

208 2792 284 2847 lani
302 2792 426 2863 generis]
454 2792 579 2846 eiusdem
606 2791 716 2861 generis
736 2793 773 2847 Μ
846 2793 1057 2864 30Danaum]
1088 2793 1164 2863 Verp.
1183 2794 1250 2848 Aen.
1273 2796 1346 2849 196

118 2878 134 2926 4
154 2875 306 2940 nondinae
324 2875 374 2927 aab
392 2871 476 2927 nullis
501 2871 505 2942 Ι
531 2873 669 2938 montorio
694 2871 766 2927 scito
784 2875 878 2927 unbem
899 2874 936 2926 M
1015 2876 1137 2928 Μακει
1160 2877 1239 2942 (corr.
1259 2877 1344 2942 ελκει)
1369 2892 1417 2926 και

118 2972 187 3007 εντα
212 2973 294 3007 suren
319 2954 429 3008 trahere
454 2957 512 3008 lom
530 2952 560 3007 in
579 2952 715 3021 singulari
739 2954 744 3020 1
768 2956 889 3022 appium
919 2974 966 3007 και
995 2972 1026 3006 εν
1054 2973 1092 3007 τω
1117 2971 1231 3009 nnmero
1255 2972 1339 3024 quam
1362 2954 1416 3023 inl

117 3037 299 3102 alabernum
319 3034 424 3104 plurali
440 3037 444 3102 Ι
460 3054 498 3096 ως
515 3052 547 3088 το
566 3038 598 3088 ub
615 3033 725 3089 doctior
741 3032 791 3088 illo
810 3036 840 3087 ei
857 3033 966 3088 doctior
983 3033 1040 3087 illie
1059 3036 1097 3089 M
1168 3043 1182 3091 'i
1202 3055 1239 3097 ας
1257 3054 1288 3089 το
1307 3038 1418 3103 λεγεται

118 3117 149 3168 ut
167 3114 334 3168 iustissimus
352 3114 455 3169 dieitur
473 3113 597 3168 omnium
617 3115 655 3168 Μ
724 3117 741 3167 8
759 3113 807 3167 DE
826 3112 1057 3186 praenomine]
1082 3132 1137 3172 eae.
1158 3117 1265 3170 Ultoris.
1286 3133 1316 3186 p.
1336 3120 1418 3181 5523

119 3194 387 3262 Obaris.p.157„?3:
407 3196 442 3260 es.
461 3194 554 3248 Iliam.
572 3212 600 3262 p.
615 3199 707 3258 329,1,
725 3195 757 3247 in
775 3195 865 3249 coelice
886 3195 1049 3248 Monacenei
1067 3200 1120 3249 601
1140 3197 1334 3250 declinationes
1352 3212 1418 3264 pro·

117 3275 258 3328 nominum
274 3275 460 3343 personalium
478 3291 637 3343 praecorum
654 3280 679 3327 et
702 3274 852 3328 latinorum
869 3275 975 3327 omissis
992 3274 1030 3326 iia
1047 3291 1116 3343 qaae
1134 3276 1166 3328 ele
1184 3276 1288 3342 defectu
1306 3292 1418 3329 euenum

117 3356 312 3423 pramnratieus
344 3356 524 3409 adnotaverat
555 3356 690 3424 lepunlur.
735 3355 767 3406 in
791 3353 905 3421 reliquia
928 3355 1138 3422 pronominibus
1169 3373 1238 3424 οιαι
1268 3361 1419 3424 manantur

118 3435 243 3489 omnibus
266 3436 320 3488 claro
343 3451 435 3495 casus,
458 3435 623 3488 nominativi
645 3439 670 3488 et
691 3434 820 3504 amelini,
847 3434 931 3486 trium
957 3449 1084 3502 pennam
1112 3435 1144 3488 in
1170 3435 1310 3506 strenuiori
1336 3440 1361 3489 et
1387 3437 1419 3489 in

116 3515 224 3582 plurali
241 3530 353 3568 nuruero
371 3514 433 3567 item
450 3530 544 3582 praece
561 3519 585 3568 el
604 3513 689 3568 latine
706 3515 817 3582 aenipli,
839 3514 904 3567 inde
921 3532 940 3567 a
955 3515 1119 3583 pronomine
1140 3513 1188 3568 ille
1208 3521 1297 3568 aulem
1315 3517 1419 3570 latinae

118 3597 221 3662 {armac
238 3595 344 3662 praecis
361 3596 560 3663 eupereeriptae
577 3597 642 3647 eunii
661 3636 667 3648 .
687 3595 799 3648 exhibui
822 3595 960 3649 lectionem
982 3596 1083 3649 eodieia
1101 3595 1304 3664 Sanpallenaia,
1326 3612 1418 3664 quam·

119 3693 200 3744 quam
218 3675 249 3727 in
267 3691 296 3728 eo
315 3675 346 3727 in
364 3674 461 3728 latinis
476 3673 686 3742 pronominibus
704 3675 838 3745 quaedam
855 3676 960 3741 formae
977 3676 1091 3730 οαιίιεοι
1109 3681 1173 3729 ενοι
1265 3682 1297 3730 10
1317 3679 1349 3732 ui
1366 3694 1418 3747 ego

119 3758 149 3809 lu
169 3755 215 3808 hio
234 3754 282 3809 ille
301 3771 356 3808 eae.
377 3754 458 3808 Uber.
474 3771 504 3822 p.
524 3760 606 3823 557,5

1237 3925 1417 3933 ——

120 4024 340 4109 ἕτερογενοῦς.
387 4021 648 4108 lineamenta
672 4023 708 4091 (ll
731 4024 860 4093 τούτων
884 4024 990 4111 μόνον
1014 4029 1082 4092 τῶν
1106 4021 1279 4111 ὁμογενῶν
1310 4023 1419 4093 ὄντων

118 4128 345 4213 προτάσσειαι.
391 4128 569 4215 ταχύτατος
592 4127 655 4217 γὰρ
679 4134 778 4210 ἵππος
800 4128 841 4199 οὐ
864 4133 1008 4216 λέγεται,
1037 4129 1097 4198 ἐὰν
1124 4129 1168 4216 μὴ
1196 4134 1309 4211 ἵπποις
1340 4151 1418 4217 συγ-

118 4242 278 4322 κρίνηιαι.
323 4239 505 4321 τοιγαροῦν
529 4233 546 4303 ὁ
571 4233 788 4319 ὑπερθετικὸς
810 4235 943 4323 laepia
966 4232 985 4322 ἢ
1005 4236 1140 4305 πάντων
1158 4242 1226 4305 τῶν
1246 4235 1419 4324 ὁμογενῶν

118 4342 337 4428 προτάσσεται
366 4338 386 4428 ἢ
410 4339 559 4420 οὐδενός.
596 4350 669 4410 ἴσθι
689 4341 726 4410 δὲ
744 4341 806 4411 τὸν
824 4341 1039 4428 συγκριτικὸν
1057 4342 1193 4431 βαθμὸν
1211 4344 1274 4430 τὴν
1292 4349 1419 4412 πτῶσιν

92 4447 179 4536 salv
211 4445 471 4535 ἀποκομιστικὴν
510 4449 616 4514 ἕλκειν
648 4447 703 4515 καλ
736 4450 774 4515 ἐν
815 4452 860 4540 τῷ
904 4451 1001 4541 ἑνικῷ
1037 4447 1171 4540 ἀριθμῷ
1208 4451 1263 4518 καὶ
1300 4452 1337 4519 ἐν
1373 4455 1418 4542 τῷ

119 4558 333 4645 πληθυντικῷ
402 4609 408 4621 ,
433 4551 451 4620 ὁ
475 4551 692 4640 inspectata
714 4554 752 4622 ul
774 4553 837 4641 τὴν
859 4558 986 4623 πτῶσιν
1008 4553 1070 4642 τὴν
1092 4554 1229 4642 γενικὴν
1252 4558 1337 4625 ἕλκει
1363 4559 1419 4626 καὶ

119 4661 227 4749 μόνον
249 4665 465 4753 πληθυντικῷ
490 4660 662 4746 ζεύγνυται
685 4656 835 4753 ἀριθμῷ,
859 4658 904 4742 ῶς
925 4661 964 4732 τό
1053 4665 1189 4749 λέγεται.

191 4847 206 4896 2
227 4841 335 4912 ἵπποις]
355 4858 483 4905 ειπποοις
554 4835 694 4913 blixata]
714 4844 788 4896 ελκει
