<?xml version="1.0" encoding="UTF-8"?>
<!DOCTYPE html PUBLIC "-//W3C//DTD XHTML 1.0 Transitional//EN"
    "http://www.w3.org/TR/xhtml1/DTD/xhtml1-transitional.dtd">
<html xmlns="http://www.w3.org/1999/xhtml" xml:lang="en" lang="en">
 <head>
  <title>
</title>
<meta http-equiv="Content-Type" content="text/html;charset=utf-8" />
  <meta name='ocr-system' content='tesseract 3.04.00' />
  <meta name='ocr-capabilities' content='ocr_page ocr_carea ocr_par ocr_line ocrx_word'/>
</head>
<body>
  <div class='ocr_page' id='page_1' title='image "./grammaticilatin00keilgoog/grammaticilatin00keilgoog_0389.png"; bbox 0 0 3316 5474; ppageno 0'>
   <div class='ocr_carea' id='block_1_1' title="bbox 244 359 972 424">
    <p class='ocr_par' dir='ltr' id='par_1_1' title="bbox 244 359 972 424">
     <span class='ocr_line' id='line_1_1' title="bbox 244 359 972 424; baseline -0.01 0"><span class='ocrx_word' id='word_1_1' title='bbox 244 359 309 424; x_wconf 72' lang='lat'><strong>370</strong></span> <span class='ocrx_word' id='word_1_2' title='bbox 802 361 972 418; x_wconf 76' lang='lat' dir='ltr'>DOSITHEI</span> 
     </span>
    </p>
   </div>
   <div class='ocr_carea' id='block_1_2' title="bbox 168 545 1636 3200">
    <p class='ocr_par' dir='ltr' id='par_1_2' title="bbox 168 545 1636 3200">
     <span class='ocr_line' id='line_1_2' title="bbox 243 545 1541 627; baseline 0.001 -20"><span class='ocrx_word' id='word_1_3' title='bbox 243 565 309 608; x_wconf 91' lang='lat' dir='ltr'><strong>nam</strong></span> <span class='ocrx_word' id='word_1_4' title='bbox 337 565 441 627; x_wconf 92' lang='lat' dir='ltr'><strong>parum</strong></span> <span class='ocrx_word' id='word_1_5' title='bbox 473 545 623 626; x_wconf 81' lang='lat' dir='ltr'>probabile</span> <span class='ocrx_word' id='word_1_6' title='bbox 657 545 773 607; x_wconf 87' lang='lat' dir='ltr'><strong>videtur</strong></span> <span class='ocrx_word' id='word_1_7' title='bbox 805 567 839 607; x_wconf 86' lang='lat' dir='ltr'><strong>ex</strong></span> <span class='ocrx_word' id='word_1_8' title='bbox 874 547 1062 610; x_wconf 79' lang='lat' dir='ltr'><strong>uberioribus</strong></span> <span class='ocrx_word' id='word_1_9' title='bbox 1090 548 1222 609; x_wconf 85' lang='lat' dir='ltr'><strong>Ilosithei</strong></span> <span class='ocrx_word' id='word_1_10' title='bbox 1254 551 1473 610; x_wconf 89' lang='lat' dir='ltr'><strong>commentariis</strong></span> <span class='ocrx_word' id='word_1_11' title='bbox 1506 567 1541 610; x_wconf 93' lang='lat' dir='ltr'><strong>ea</strong></span> 
     </span>
     <span class='ocr_line' id='line_1_3' title="bbox 243 655 1540 734; baseline 0.001 -19"><span class='ocrx_word' id='word_1_12' title='bbox 243 657 340 715; x_wconf 92' lang='lat' dir='ltr'><strong>omnia</strong></span> <span class='ocrx_word' id='word_1_13' title='bbox 361 661 464 734; x_wconf 87' lang='lat' dir='ltr'><strong>postea</strong></span> <span class='ocrx_word' id='word_1_14' title='bbox 487 673 503 714; x_wconf 93' lang='lat' dir='ltr'><strong>a</strong></span> <span class='ocrx_word' id='word_1_15' title='bbox 526 655 724 734; x_wconf 79' lang='lat' dir='ltr'>grammaticis</span> <span class='ocrx_word' id='word_1_16' title='bbox 748 663 886 734; x_wconf 83' lang='lat' dir='ltr'><strong>excerpta</strong></span> <span class='ocrx_word' id='word_1_17' title='bbox 914 662 944 716; x_wconf 90' lang='lat' dir='ltr'><strong>et</strong></span> <span class='ocrx_word' id='word_1_18' title='bbox 970 656 1001 716; x_wconf 88' lang='lat' dir='ltr'><strong>ln</strong></span> <span class='ocrx_word' id='word_1_19' title='bbox 1029 655 1108 717; x_wconf 92' lang='lat' dir='ltr'><strong>hunc</strong></span> <span class='ocrx_word' id='word_1_20' title='bbox 1137 656 1271 717; x_wconf 78' lang='lat' dir='ltr'><strong>ordinem</strong></span> <span class='ocrx_word' id='word_1_21' title='bbox 1300 657 1418 718; x_wconf 89' lang='lat' dir='ltr'><strong>redacta</strong></span> <span class='ocrx_word' id='word_1_22' title='bbox 1442 675 1509 717; x_wconf 87' lang='lat' dir='ltr'><strong>esse</strong></span> <span class='ocrx_word' id='word_1_23' title='bbox 1533 702 1540 716; x_wconf 93' lang='lat'><strong>.</strong></span> 
     </span>
     <span class='ocr_line' id='line_1_4' title="bbox 243 749 1636 845; baseline 0.001 -22"><span class='ocrx_word' id='word_1_24' title='bbox 243 781 340 842; x_wconf 88' lang='lat' dir='ltr'><strong>neque</strong></span> <span class='ocrx_word' id='word_1_25' title='bbox 364 770 460 824; x_wconf 69' lang='lat' dir='ltr'><strong>umen</strong></span> <span class='ocrx_word' id='word_1_26' title='bbox 485 765 514 823; x_wconf 94' lang='lat' dir='ltr'><strong>in</strong></span> <span class='ocrx_word' id='word_1_27' title='bbox 539 762 668 822; x_wconf 81' lang='lat' dir='ltr'><strong>editione</strong></span> <span class='ocrx_word' id='word_1_28' title='bbox 691 780 725 822; x_wconf 93' lang='lat' dir='ltr'><strong>ea</strong></span> <span class='ocrx_word' id='word_1_29' title='bbox 749 760 909 823; x_wconf 88' lang='lat' dir='ltr'><strong>omittenda</strong></span> <span class='ocrx_word' id='word_1_30' title='bbox 932 765 1046 845; x_wconf 86' lang='lat' dir='ltr'><strong>putavi,</strong></span> <span class='ocrx_word' id='word_1_31' title='bbox 1073 772 1230 844; x_wconf 89' lang='lat' dir='ltr'><strong>propterea</strong></span> <span class='ocrx_word' id='word_1_32' title='bbox 1254 763 1331 843; x_wconf 93' lang='lat' dir='ltr'><strong>quod</strong></span> <span class='ocrx_word' id='word_1_33' title='bbox 1361 765 1485 824; x_wconf 80' lang='lat' dir='ltr'>maxime</span> <span class='ocrx_word' id='word_1_34' title='bbox 1510 766 1540 824; x_wconf 92' lang='lat' dir='ltr'><strong>in</strong></span> <span class='ocrx_word' id='word_1_35' title='bbox 1633 749 1636 754; x_wconf 37' lang='lat'><strong>¹</strong></span> 
     </span>
     <span class='ocr_line' id='line_1_5' title="bbox 243 868 1476 950; baseline -0.001 -19"><span class='ocrx_word' id='word_1_36' title='bbox 243 868 341 931; x_wconf 90' lang='lat' dir='ltr'><strong>verbis</strong></span> <span class='ocrx_word' id='word_1_37' title='bbox 364 869 420 930; x_wconf 90' lang='lat' dir='ltr'><strong>boe</strong></span> <span class='ocrx_word' id='word_1_38' title='bbox 443 869 508 930; x_wconf 91' lang='lat' dir='ltr'><strong>loeo</strong></span> <span class='ocrx_word' id='word_1_39' title='bbox 531 870 680 949; x_wconf 80' lang='lat' dir='ltr'><strong>congestis</strong></span> <span class='ocrx_word' id='word_1_40' title='bbox 704 868 846 948; x_wconf 91' lang='lat' dir='ltr'><strong>quaedam</strong></span> <span class='ocrx_word' id='word_1_41' title='bbox 869 872 1012 932; x_wconf 88' lang='lat' dir='ltr'><strong>memoria</strong></span> <span class='ocrx_word' id='word_1_42' title='bbox 1035 869 1111 931; x_wconf 92' lang='lat' dir='ltr'><strong>baud</strong></span> <span class='ocrx_word' id='word_1_43' title='bbox 1136 870 1254 950; x_wconf 89' lang='lat' dir='ltr'><strong>indigna</strong></span> <span class='ocrx_word' id='word_1_44' title='bbox 1278 873 1476 932; x_wconf 82' lang='lat' dir='ltr'><strong>Inveniuntur.</strong></span> 
     </span>
     <span class='ocr_line' id='line_1_6' title="bbox 332 975 1541 1058; baseline 0.001 -21"><span class='ocrx_word' id='word_1_45' title='bbox 332 975 390 1038; x_wconf 89' lang='lat' dir='ltr'><strong>Sed</strong></span> <span class='ocrx_word' id='word_1_46' title='bbox 422 995 481 1056; x_wconf 92' lang='lat' dir='ltr'><strong>quo</strong></span> <span class='ocrx_word' id='word_1_47' title='bbox 515 978 639 1058; x_wconf 89' lang='lat' dir='ltr'><strong>rectius,</strong></span> <span class='ocrx_word' id='word_1_48' title='bbox 676 995 763 1055; x_wconf 85' lang='lat' dir='ltr'><strong>quam</strong></span> <span class='ocrx_word' id='word_1_49' title='bbox 800 975 896 1038; x_wconf 92' lang='lat' dir='ltr'><strong>adhuc</strong></span> <span class='ocrx_word' id='word_1_50' title='bbox 928 994 944 1036; x_wconf 92' lang='lat' dir='ltr'><strong>a</strong></span> <span class='ocrx_word' id='word_1_51' title='bbox 976 976 1125 1057; x_wconf 89' lang='lat' dir='ltr'><strong>plerisque</strong></span> <span class='ocrx_word' id='word_1_52' title='bbox 1160 977 1268 1039; x_wconf 89' lang='lat' dir='ltr'><strong>factum</strong></span> <span class='ocrx_word' id='word_1_53' title='bbox 1307 986 1365 1058; x_wconf 88' lang='lat' dir='ltr'><strong>est,</strong></span> <span class='ocrx_word' id='word_1_54' title='bbox 1402 978 1438 1037; x_wconf 94' lang='lat' dir='ltr'><strong>de</strong></span> <span class='ocrx_word' id='word_1_55' title='bbox 1475 980 1541 1057; x_wconf 90' lang='lat' dir='ltr'><strong>ipso</strong></span> 
     </span>
     <span class='ocr_line' id='line_1_7' title="bbox 242 1083 1540 1165; baseline 0 -20"><span class='ocrx_word' id='word_1_56' title='bbox 242 1084 383 1146; x_wconf 78' lang='lat' dir='ltr'><strong>Dositheo</strong></span> <span class='ocrx_word' id='word_1_57' title='bbox 414 1083 575 1164; x_wconf 89' lang='lat' dir='ltr'><strong>iudicetur,</strong></span> <span class='ocrx_word' id='word_1_58' title='bbox 609 1085 666 1144; x_wconf 93' lang='lat' dir='ltr'><strong>iam</strong></span> <span class='ocrx_word' id='word_1_59' title='bbox 699 1083 735 1145; x_wconf 91' lang='lat' dir='ltr'><strong>de</strong></span> <span class='ocrx_word' id='word_1_60' title='bbox 764 1084 886 1165; x_wconf 87' lang='lat' dir='ltr'><strong>reliquis</strong></span> <span class='ocrx_word' id='word_1_61' title='bbox 914 1083 999 1146; x_wconf 89' lang='lat' dir='ltr'><strong>libris</strong></span> <span class='ocrx_word' id='word_1_62' title='bbox 1027 1087 1079 1164; x_wconf 90' lang='lat' dir='ltr'><strong>qui</strong></span> <span class='ocrx_word' id='word_1_63' title='bbox 1106 1084 1192 1165; x_wconf 82' lang='lat' dir='ltr'><strong>vulgo</strong></span> <span class='ocrx_word' id='word_1_64' title='bbox 1221 1084 1316 1146; x_wconf 89' lang='lat' dir='ltr'><strong>eidem</strong></span> <span class='ocrx_word' id='word_1_65' title='bbox 1349 1086 1540 1165; x_wconf 90' lang='lat' dir='ltr'><strong>grammatico</strong></span> 
     </span>
     <span class='ocr_line' id='line_1_8' title="bbox 244 1191 1541 1273; baseline -0.001 -20"><span class='ocrx_word' id='word_1_66' title='bbox 244 1191 425 1268; x_wconf 37' lang='lat' dir='ltr'><strong>tribuuntur,</strong></span> <span class='ocrx_word' id='word_1_67' title='bbox 440 1210 531 1272; x_wconf 89' lang='lat' dir='ltr'><strong>pauca</strong></span> <span class='ocrx_word' id='word_1_68' title='bbox 555 1191 658 1252; x_wconf 85' lang='lat' dir='ltr'><strong>dIcam.</strong></span> <span class='ocrx_word' id='word_1_69' title='bbox 696 1209 803 1252; x_wconf 90' lang='lat' dir='ltr'><strong>nomen</strong></span> <span class='ocrx_word' id='word_1_70' title='bbox 822 1194 913 1273; x_wconf 89' lang='lat' dir='ltr'><strong>igitur</strong></span> <span class='ocrx_word' id='word_1_71' title='bbox 932 1192 1064 1255; x_wconf 88' lang='lat' dir='ltr'><strong>Dosithei</strong></span> <span class='ocrx_word' id='word_1_72' title='bbox 1083 1195 1214 1272; x_wconf 77' lang='lat' dir='ltr'><strong>magistri</strong></span> <span class='ocrx_word' id='word_1_73' title='bbox 1233 1196 1263 1253; x_wconf 95' lang='lat' dir='ltr'><strong>in</strong></span> <span class='ocrx_word' id='word_1_74' title='bbox 1283 1212 1342 1254; x_wconf 92' lang='lat' dir='ltr'><strong>uno</strong></span> <span class='ocrx_word' id='word_1_75' title='bbox 1359 1191 1541 1272; x_wconf 87' lang='lat' dir='ltr'><strong>Sangallensi</strong></span> 
     </span>
     <span class='ocr_line' id='line_1_9' title="bbox 243 1298 1541 1379; baseline -0.001 -19"><span class='ocrx_word' id='word_1_76' title='bbox 243 1299 344 1360; x_wconf 89' lang='lat' dir='ltr'><strong>codiee</strong></span> <span class='ocrx_word' id='word_1_77' title='bbox 364 1300 421 1361; x_wconf 84' lang='lat' dir='ltr'><strong>arti</strong></span> <span class='ocrx_word' id='word_1_78' title='bbox 443 1299 650 1378; x_wconf 81' lang='lat' dir='ltr'><strong>grammaticae</strong></span> <span class='ocrx_word' id='word_1_79' title='bbox 674 1300 890 1379; x_wconf 80' lang='lat' dir='ltr'><strong>praesculptum</strong></span> <span class='ocrx_word' id='word_1_80' title='bbox 908 1308 955 1361; x_wconf 92' lang='lat' dir='ltr'><strong>est</strong></span> <span class='ocrx_word' id='word_1_81' title='bbox 969 1347 975 1360; x_wconf 95' lang='lat'><strong>.</strong></span> <span class='ocrx_word' id='word_1_82' title='bbox 989 1299 1060 1360; x_wconf 92' lang='lat' dir='ltr'><strong>huic</strong></span> <span class='ocrx_word' id='word_1_83' title='bbox 1079 1299 1182 1360; x_wconf 90' lang='lat' dir='ltr'><strong>similis</strong></span> <span class='ocrx_word' id='word_1_84' title='bbox 1201 1300 1294 1360; x_wconf 92' lang='lat' dir='ltr'><strong>fuisse</strong></span> <span class='ocrx_word' id='word_1_85' title='bbox 1313 1298 1429 1360; x_wconf 82' lang='lat' dir='ltr'><strong>videtur</strong></span> <span class='ocrx_word' id='word_1_86' title='bbox 1448 1299 1541 1360; x_wconf 86' lang='lat' dir='ltr'><strong>codex</strong></span> 
     </span>
     <span class='ocr_line' id='line_1_10' title="bbox 243 1404 1542 1488; baseline 0 -22"><span class='ocrx_word' id='word_1_87' title='bbox 243 1405 407 1488; x_wconf 80' lang='lat' dir='ltr'><strong>bobiensis,</strong></span> <span class='ocrx_word' id='word_1_88' title='bbox 430 1407 534 1485; x_wconf 92' lang='lat' dir='ltr'><strong>quiin</strong></span> <span class='ocrx_word' id='word_1_89' title='bbox 557 1405 654 1467; x_wconf 92' lang='lat' dir='ltr'><strong>indice</strong></span> <span class='ocrx_word' id='word_1_90' title='bbox 678 1405 814 1467; x_wconf 89' lang='lat' dir='ltr'><strong>codicum</strong></span> <span class='ocrx_word' id='word_1_91' title='bbox 838 1404 1027 1468; x_wconf 77' lang='lat' dir='ltr'><strong>bobiensium</strong></span> <span class='ocrx_word' id='word_1_92' title='bbox 1051 1424 1067 1467; x_wconf 91' lang='lat' dir='ltr'><strong>a</strong></span> <span class='ocrx_word' id='word_1_93' title='bbox 1090 1405 1251 1467; x_wconf 88' lang='lat' dir='ltr'><strong>llluratorio</strong></span> <span class='ocrx_word' id='word_1_94' title='bbox 1275 1409 1363 1486; x_wconf 86' lang='lat' dir='ltr'><strong>antiq.</strong></span> <span class='ocrx_word' id='word_1_95' title='bbox 1383 1405 1445 1467; x_wconf 93' lang='lat' dir='ltr'><strong>Ital.</strong></span> <span class='ocrx_word' id='word_1_96' title='bbox 1460 1425 1486 1466; x_wconf 94' lang='lat' dir='ltr'><strong>v.</strong></span> <span class='ocrx_word' id='word_1_97' title='bbox 1502 1405 1542 1466; x_wconf 96' lang='lat' dir='ltr'><strong>III</strong></span> 
     </span>
     <span class='ocr_line' id='line_1_11' title="bbox 168 1490 1542 1595; baseline -0.001 -21"><span class='ocrx_word' id='word_1_98' title='bbox 168 1490 173 1501; x_wconf 32' lang='lat'>³</span> <span class='ocrx_word' id='word_1_99' title='bbox 242 1532 270 1592; x_wconf 87' lang='lat' dir='ltr'><strong>p.</strong></span> <span class='ocrx_word' id='word_1_100' title='bbox 299 1509 363 1574; x_wconf 78' lang='grc'><strong>817</strong></span> <span class='ocrx_word' id='word_1_101' title='bbox 393 1512 471 1575; x_wconf 92' lang='lat' dir='ltr'><strong>edito</strong></span> <span class='ocrx_word' id='word_1_102' title='bbox 508 1513 623 1574; x_wconf 89' lang='lat' dir='ltr'><strong>decimo</strong></span> <span class='ocrx_word' id='word_1_103' title='bbox 651 1512 782 1595; x_wconf 89' lang='lat' dir='ltr'><strong>saeculo,</strong></span> <span class='ocrx_word' id='word_1_104' title='bbox 814 1520 847 1575; x_wconf 98' lang='lat' dir='ltr'><strong>ut</strong></span> <span class='ocrx_word' id='word_1_105' title='bbox 879 1513 921 1574; x_wconf 92' lang='lat' dir='ltr'><strong>illi</strong></span> <span class='ocrx_word' id='word_1_106' title='bbox 953 1512 1122 1594; x_wconf 86' lang='lat' dir='ltr'><strong>ridebatur,</strong></span> <span class='ocrx_word' id='word_1_107' title='bbox 1154 1516 1265 1594; x_wconf 90' lang='lat' dir='ltr'><strong>scripto</strong></span> <span class='ocrx_word' id='word_1_108' title='bbox 1294 1520 1542 1575; x_wconf 90' lang='lat' dir='ltr'><strong>commemoratus</strong></span> 
     </span>
     <span class='ocr_line' id='line_1_12' title="bbox 243 1620 1542 1706; baseline -0.001 -25"><span class='ocrx_word' id='word_1_109' title='bbox 243 1629 304 1700; x_wconf 87' lang='lat' dir='ltr'><strong>est,</strong></span> <span class='ocrx_word' id='word_1_110' title='bbox 327 1623 438 1682; x_wconf 82' lang='lat' dir='ltr'><strong>librum</strong></span> <span class='ocrx_word' id='word_1_111' title='bbox 463 1623 483 1681; x_wconf 91' lang='lat' dir='ltr'>I</span> <span class='ocrx_word' id='word_1_112' title='bbox 501 1622 640 1683; x_wconf 73' lang='lat' dir='ltr'><strong>dosithei</strong></span> <span class='ocrx_word' id='word_1_113' title='bbox 660 1624 698 1706; x_wconf 65' lang='lat' dir='ltr'><strong>de</strong></span> <span class='ocrx_word' id='word_1_114' title='bbox 718 1623 922 1697; x_wconf 75' lang='lat' dir='ltr'><strong>prammah&#39;co</strong></span> <span class='ocrx_word' id='word_1_115' title='bbox 942 1667 948 1681; x_wconf 95' lang='lat'><strong>.</strong></span> <span class='ocrx_word' id='word_1_116' title='bbox 967 1629 1120 1701; x_wconf 86' lang='lat' dir='ltr'><strong>praeterea</strong></span> <span class='ocrx_word' id='word_1_117' title='bbox 1144 1620 1223 1681; x_wconf 87' lang='lat' dir='ltr'><strong>nulla</strong></span> <span class='ocrx_word' id='word_1_118' title='bbox 1246 1620 1335 1682; x_wconf 85' lang='lat' dir='ltr'><strong>furius</strong></span> <span class='ocrx_word' id='word_1_119' title='bbox 1358 1622 1542 1700; x_wconf 80' lang='lat' dir='ltr'><strong>grammatici</strong></span> 
     </span>
     <span class='ocr_line' id='line_1_13' title="bbox 244 1727 1541 1808; baseline 0 -20"><span class='ocrx_word' id='word_1_120' title='bbox 244 1730 384 1788; x_wconf 88' lang='lat' dir='ltr'><strong>memoria</strong></span> <span class='ocrx_word' id='word_1_121' title='bbox 408 1736 487 1789; x_wconf 82' lang='lat' dir='ltr'><strong>extat</strong></span> <span class='ocrx_word' id='word_1_122' title='bbox 510 1775 517 1788; x_wconf 90' lang='lat'><strong>.</strong></span> <span class='ocrx_word' id='word_1_123' title='bbox 541 1728 592 1788; x_wconf 93' lang='lat' dir='ltr'><strong>sed</strong></span> <span class='ocrx_word' id='word_1_124' title='bbox 617 1747 652 1789; x_wconf 86' lang='lat' dir='ltr'><strong>ex</strong></span> <span class='ocrx_word' id='word_1_125' title='bbox 676 1730 910 1808; x_wconf 85' lang='lat' dir='ltr'><strong>praescriptione</strong></span> <span class='ocrx_word' id='word_1_126' title='bbox 938 1727 1049 1790; x_wconf 85' lang='lat' dir='ltr'><strong>codicis</strong></span> <span class='ocrx_word' id='word_1_127' title='bbox 1073 1727 1271 1807; x_wconf 78' lang='lat' dir='ltr'><strong>sangallensis</strong></span> <span class='ocrx_word' id='word_1_128' title='bbox 1301 1728 1370 1789; x_wconf 88' lang='lat' dir='ltr'><strong>oIIm</strong></span> <span class='ocrx_word' id='word_1_129' title='bbox 1394 1728 1541 1808; x_wconf 87' lang='lat' dir='ltr'><strong>Culacins,</strong></span> 
     </span>
     <span class='ocr_line' id='line_1_14' title="bbox 244 1834 1541 1930; baseline -0.002 -33"><span class='ocrx_word' id='word_1_130' title='bbox 244 1838 293 1915; x_wconf 92' lang='lat' dir='ltr'><strong>qui</strong></span> <span class='ocrx_word' id='word_1_131' title='bbox 317 1837 432 1915; x_wconf 90' lang='lat' dir='ltr'><strong>primus</strong></span> <span class='ocrx_word' id='word_1_132' title='bbox 455 1854 490 1896; x_wconf 93' lang='lat' dir='ltr'><strong>eo</strong></span> <span class='ocrx_word' id='word_1_133' title='bbox 514 1835 615 1897; x_wconf 93' lang='lat' dir='ltr'><strong>codice</strong></span> <span class='ocrx_word' id='word_1_134' title='bbox 640 1854 712 1930; x_wconf 77' lang='lat' dir='ltr'><strong>usus</strong></span> <span class='ocrx_word' id='word_1_135' title='bbox 734 1843 793 1917; x_wconf 86' lang='lat' dir='ltr'><strong>cst,</strong></span> <span class='ocrx_word' id='word_1_136' title='bbox 816 1834 887 1896; x_wconf 89' lang='lat' dir='ltr'><strong>illud</strong></span> <span class='ocrx_word' id='word_1_137' title='bbox 911 1853 1019 1895; x_wconf 92' lang='lat' dir='ltr'><strong>nomen</strong></span> <span class='ocrx_word' id='word_1_138' title='bbox 1043 1834 1078 1895; x_wconf 92' lang='lat' dir='ltr'><strong>ad</strong></span> <span class='ocrx_word' id='word_1_139' title='bbox 1098 1854 1132 1895; x_wconf 91' lang='lat' dir='ltr'><strong>ea</strong></span> <span class='ocrx_word' id='word_1_140' title='bbox 1151 1838 1247 1896; x_wconf 91' lang='lat' dir='ltr'><strong>omnia</strong></span> <span class='ocrx_word' id='word_1_141' title='bbox 1267 1854 1341 1915; x_wconf 91' lang='lat' dir='ltr'><strong>quae</strong></span> <span class='ocrx_word' id='word_1_142' title='bbox 1360 1843 1428 1915; x_wconf 90' lang='lat' dir='ltr'><strong>post</strong></span> <span class='ocrx_word' id='word_1_143' title='bbox 1446 1841 1541 1895; x_wconf 91' lang='lat' dir='ltr'><strong>artem</strong></span> 
     </span>
     <span class='ocr_line' id='line_1_15' title="bbox 243 1941 1542 2023; baseline -0.001 -20"><span class='ocrx_word' id='word_1_144' title='bbox 243 1946 462 2023; x_wconf 88' lang='lat' dir='ltr'><strong>grammaticam</strong></span> <span class='ocrx_word' id='word_1_145' title='bbox 477 1946 586 2023; x_wconf 90' lang='lat' dir='ltr'><strong>scripta</strong></span> <span class='ocrx_word' id='word_1_146' title='bbox 606 1951 675 2004; x_wconf 92' lang='lat' dir='ltr'><strong>sunt</strong></span> <span class='ocrx_word' id='word_1_147' title='bbox 694 1941 845 2003; x_wconf 85' lang='lat' dir='ltr'><strong>transtulit</strong></span> <span class='ocrx_word' id='word_1_148' title='bbox 859 1990 865 2003; x_wconf 95' lang='lat'><strong>.</strong></span> <span class='ocrx_word' id='word_1_149' title='bbox 881 1960 948 2003; x_wconf 92' lang='lat' dir='ltr'><strong>nam</strong></span> <span class='ocrx_word' id='word_1_150' title='bbox 966 1942 1003 2003; x_wconf 91' lang='lat' dir='ltr'><strong>de</strong></span> <span class='ocrx_word' id='word_1_151' title='bbox 1022 1942 1160 2003; x_wconf 87' lang='lat' dir='ltr'><strong>Iladriani</strong></span> <span class='ocrx_word' id='word_1_152' title='bbox 1179 1945 1334 2003; x_wconf 89' lang='lat' dir='ltr'><strong>sententiis</strong></span> <span class='ocrx_word' id='word_1_153' title='bbox 1357 1951 1388 2003; x_wconf 92' lang='lat' dir='ltr'><strong>et</strong></span> <span class='ocrx_word' id='word_1_154' title='bbox 1406 1942 1542 2022; x_wconf 86' lang='lat' dir='ltr'><strong>epistulis</strong></span> 
     </span>
     <span class='ocr_line' id='line_1_16' title="bbox 243 2043 1541 2132; baseline 0.001 -22"><span class='ocrx_word' id='word_1_155' title='bbox 243 2058 328 2111; x_wconf 90' lang='lat' dir='ltr'><strong>antea</strong></span> <span class='ocrx_word' id='word_1_156' title='bbox 351 2050 388 2111; x_wconf 90' lang='lat' dir='ltr'><strong>ab</strong></span> <span class='ocrx_word' id='word_1_157' title='bbox 411 2049 540 2112; x_wconf 88' lang='lat' dir='ltr'><strong>Ilenrico</strong></span> <span class='ocrx_word' id='word_1_158' title='bbox 565 2049 713 2130; x_wconf 89' lang='lat' dir='ltr'><strong>Stephano</strong></span> <span class='ocrx_word' id='word_1_159' title='bbox 737 2069 772 2109; x_wconf 84' lang='lat' dir='ltr'><strong>ex</strong></span> <span class='ocrx_word' id='word_1_160' title='bbox 796 2048 852 2109; x_wconf 92' lang='lat' dir='ltr'><strong>alio</strong></span> <span class='ocrx_word' id='word_1_161' title='bbox 876 2049 976 2110; x_wconf 89' lang='lat' dir='ltr'><strong>codice</strong></span> <span class='ocrx_word' id='word_1_162' title='bbox 1001 2049 1087 2111; x_wconf 89' lang='lat' dir='ltr'><strong>editis</strong></span> <span class='ocrx_word' id='word_1_163' title='bbox 1110 2043 1163 2132; x_wconf 88' lang='lat' dir='ltr'><strong>(cf.</strong></span> <span class='ocrx_word' id='word_1_164' title='bbox 1183 2048 1301 2111; x_wconf 88' lang='lat' dir='ltr'><strong>Vulcan.</strong></span> <span class='ocrx_word' id='word_1_165' title='bbox 1321 2050 1394 2110; x_wconf 91' lang='lat' dir='ltr'><strong>thes.</strong></span> <span class='ocrx_word' id='word_1_166' title='bbox 1414 2052 1541 2129; x_wconf 87' lang='lat' dir='ltr'><strong>utriusq.</strong></span> 
     </span>
     <span class='ocr_line' id='line_1_17' title="bbox 243 2151 1541 2240; baseline 0 -23"><span class='ocrx_word' id='word_1_167' title='bbox 243 2157 311 2236; x_wconf 91' lang='lat' dir='ltr'><strong>ling.</strong></span> <span class='ocrx_word' id='word_1_168' title='bbox 335 2176 362 2237; x_wconf 92' lang='lat' dir='ltr'><strong>p.</strong></span> <span class='ocrx_word' id='word_1_169' title='bbox 382 2151 463 2240; x_wconf 84' lang='grc'>299)</span> <span class='ocrx_word' id='word_1_170' title='bbox 486 2156 640 2237; x_wconf 88' lang='lat' dir='ltr'><strong>disputans</strong></span> <span class='ocrx_word' id='word_1_171' title='bbox 663 2155 768 2217; x_wconf 88' lang='lat' dir='ltr'><strong>scribit</strong></span> <span class='ocrx_word' id='word_1_172' title='bbox 789 2156 862 2217; x_wconf 92' lang='lat' dir='ltr'><strong>haec</strong></span> <span class='ocrx_word' id='word_1_173' title='bbox 885 2156 1000 2217; x_wconf 82' lang='lat' dir='ltr'><strong>observ.</strong></span> <span class='ocrx_word' id='word_1_174' title='bbox 1024 2156 1041 2217; x_wconf 93' lang='lat' dir='ltr'><strong>I.</strong></span> <span class='ocrx_word' id='word_1_175' title='bbox 1061 2156 1127 2216; x_wconf 99' lang='lat' dir='ltr'><strong>XXI</strong></span> <span class='ocrx_word' id='word_1_176' title='bbox 1147 2175 1171 2217; x_wconf 91' lang='lat' dir='ltr'><strong>c.</strong></span> <span class='ocrx_word' id='word_1_177' title='bbox 1191 2153 1211 2217; x_wconf 83' lang='lat'>5</span> <span class='ocrx_word' id='word_1_178' title='bbox 1231 2175 1258 2236; x_wconf 93' lang='lat' dir='ltr'><strong>p.</strong></span> <span class='ocrx_word' id='word_1_179' title='bbox 1276 2153 1358 2217; x_wconf 87' lang='lat'>1001</span> <span class='ocrx_word' id='word_1_180' title='bbox 1380 2155 1424 2216; x_wconf 89' lang='lat' dir='ltr'><strong>ed.</strong></span> <span class='ocrx_word' id='word_1_181' title='bbox 1440 2156 1541 2217; x_wconf 87' lang='lat' dir='ltr'><strong>Coton.</strong></span> 
     </span>
     <span class='ocr_line' id='line_1_18' title="bbox 243 2260 1543 2346; baseline -0.001 -22"><span class='ocrx_word' id='word_1_182' title='bbox 243 2283 267 2324; x_wconf 90' lang='lat' dir='ltr'><strong>a.</strong></span> <span class='ocrx_word' id='word_1_183' title='bbox 293 2261 393 2346; x_wconf 84' lang='lat'><strong>1591,</strong></span> <span class='ocrx_word' id='word_1_184' title='bbox 426 2260 520 2335; x_wconf 84' lang='lat' dir='ltr'><strong>‘Quae</strong></span> <span class='ocrx_word' id='word_1_185' title='bbox 544 2265 689 2324; x_wconf 90' lang='lat' dir='ltr'><strong>sententia</strong></span> <span class='ocrx_word' id='word_1_186' title='bbox 717 2281 784 2323; x_wconf 91' lang='lat' dir='ltr'><strong>cum</strong></span> <span class='ocrx_word' id='word_1_187' title='bbox 813 2272 893 2326; x_wconf 89' lang='lat' dir='ltr'><strong>esset</strong></span> <span class='ocrx_word' id='word_1_188' title='bbox 924 2265 955 2324; x_wconf 89' lang='lat' dir='ltr'><strong>in</strong></span> <span class='ocrx_word' id='word_1_189' title='bbox 983 2263 1111 2325; x_wconf 87' lang='lat' dir='ltr'><strong>editione</strong></span> <span class='ocrx_word' id='word_1_190' title='bbox 1141 2262 1283 2343; x_wconf 88' lang='lat' dir='ltr'><strong>Stephani</strong></span> <span class='ocrx_word' id='word_1_191' title='bbox 1311 2264 1482 2343; x_wconf 89' lang='lat' dir='ltr'><strong>imperfecta</strong></span> <span class='ocrx_word' id='word_1_192' title='bbox 1511 2272 1543 2324; x_wconf 86' lang='lat' dir='ltr'><strong>et</strong></span> 
     </span>
     <span class='ocr_line' id='line_1_19' title="bbox 242 2367 1541 2452; baseline -0.001 -21"><span class='ocrx_word' id='word_1_193' title='bbox 242 2370 413 2452; x_wconf 83' lang='lat' dir='ltr'><strong>depravata,</strong></span> <span class='ocrx_word' id='word_1_194' title='bbox 436 2387 499 2430; x_wconf 90' lang='lat' dir='ltr'><strong>eam</strong></span> <span class='ocrx_word' id='word_1_195' title='bbox 523 2371 563 2430; x_wconf 92' lang='lat' dir='ltr'><strong>ita</strong></span> <span class='ocrx_word' id='word_1_196' title='bbox 587 2371 704 2430; x_wconf 91' lang='lat' dir='ltr'><strong>restitui</strong></span> <span class='ocrx_word' id='word_1_197' title='bbox 727 2388 763 2430; x_wconf 83' lang='lat' dir='ltr'><strong>ex</strong></span> <span class='ocrx_word' id='word_1_198' title='bbox 788 2368 965 2431; x_wconf 89' lang='lat' dir='ltr'><strong>bibliotheca</strong></span> <span class='ocrx_word' id='word_1_199' title='bbox 989 2369 1018 2429; x_wconf 91' lang='lat' dir='ltr'><strong>S.</strong></span> <span class='ocrx_word' id='word_1_200' title='bbox 1042 2367 1115 2429; x_wconf 83' lang='lat' dir='ltr'><strong>Gabi</strong></span> <span class='ocrx_word' id='word_1_201' title='bbox 1139 2369 1215 2449; x_wconf 91' lang='lat' dir='ltr'><strong>apud</strong></span> <span class='ocrx_word' id='word_1_202' title='bbox 1240 2369 1402 2447; x_wconf 83' lang='lat' dir='ltr'><strong>Ilelvetios,</strong></span> <span class='ocrx_word' id='word_1_203' title='bbox 1430 2369 1481 2431; x_wconf 94' lang='lat' dir='ltr'><strong>uhi</strong></span> <span class='ocrx_word' id='word_1_204' title='bbox 1509 2373 1541 2430; x_wconf 92' lang='lat' dir='ltr'><strong>in</strong></span> 
     </span>
     <span class='ocr_line' id='line_1_20' title="bbox 243 2457 1542 2557; baseline 0 -19"><span class='ocrx_word' id='word_1_205' title='bbox 243 2477 324 2538; x_wconf 87' lang='lat' dir='ltr'><strong>calce</strong></span> <span class='ocrx_word' id='word_1_206' title='bbox 347 2477 559 2538; x_wconf 87' lang='lat' dir='ltr'><strong>Grammatices</strong></span> <span class='ocrx_word' id='word_1_207' title='bbox 583 2475 713 2537; x_wconf 85' lang='lat' dir='ltr'><strong>Ilosithei</strong></span> <span class='ocrx_word' id='word_1_208' title='bbox 736 2476 868 2557; x_wconf 83' lang='lat' dir='ltr'><strong>Magistri</strong></span> <span class='ocrx_word' id='word_1_209' title='bbox 902 2485 972 2537; x_wconf 93' lang='lat' dir='ltr'><strong>sunt</strong></span> <span class='ocrx_word' id='word_1_210' title='bbox 1003 2457 1136 2536; x_wconf 87' lang='lat' dir='ltr'><strong>eiusdem</strong></span> <span class='ocrx_word' id='word_1_211' title='bbox 1164 2475 1482 2537; x_wconf 82' lang='lat' dir='ltr'><strong>AdrianiSententiae</strong></span> <span class='ocrx_word' id='word_1_212' title='bbox 1511 2487 1542 2538; x_wconf 91' lang='lat' dir='ltr'><strong>et</strong></span> 
     </span>
     <span class='ocr_line' id='line_1_21' title="bbox 242 2580 1542 2666; baseline -0.002 -21"><span class='ocrx_word' id='word_1_213' title='bbox 242 2580 410 2666; x_wconf 79' lang='lat' dir='ltr'><strong>EpIstolae,</strong></span> <span class='ocrx_word' id='word_1_214' title='bbox 441 2583 498 2644; x_wconf 92' lang='lat' dir='ltr'><strong>hoc</strong></span> <span class='ocrx_word' id='word_1_215' title='bbox 526 2593 585 2666; x_wconf 90' lang='lat' dir='ltr'><strong>est,</strong></span> <span class='ocrx_word' id='word_1_216' title='bbox 616 2585 760 2662; x_wconf 88' lang='lat' dir='ltr'><strong>rescripta</strong></span> <span class='ocrx_word' id='word_1_217' title='bbox 792 2582 891 2643; x_wconf 84' lang='lat' dir='ltr'><strong>brevia</strong></span> <span class='ocrx_word' id='word_1_218' title='bbox 923 2582 1009 2662; x_wconf 88' lang='lat' dir='ltr'><strong>longe</strong></span> <span class='ocrx_word' id='word_1_219' title='bbox 1037 2581 1236 2643; x_wconf 90' lang='lat' dir='ltr'><strong>emendatiora</strong></span> <span class='ocrx_word' id='word_1_220' title='bbox 1269 2582 1413 2663; x_wconf 86' lang='lat' dir='ltr'><strong>longeque</strong></span> <span class='ocrx_word' id='word_1_221' title='bbox 1447 2583 1542 2663; x_wconf 88' lang='lat' dir='ltr'><strong>plura,</strong></span> 
     </span>
     <span class='ocr_line' id='line_1_22' title="bbox 244 2688 1542 2771; baseline -0.001 -20"><span class='ocrx_word' id='word_1_222' title='bbox 244 2710 318 2771; x_wconf 91' lang='lat' dir='ltr'><strong>quae</strong></span> <span class='ocrx_word' id='word_1_223' title='bbox 342 2692 440 2751; x_wconf 90' lang='lat' dir='ltr'><strong>omnia</strong></span> <span class='ocrx_word' id='word_1_224' title='bbox 463 2691 498 2751; x_wconf 88' lang='lat' dir='ltr'><strong>ad</strong></span> <span class='ocrx_word' id='word_1_225' title='bbox 522 2693 569 2752; x_wconf 92' lang='lat' dir='ltr'><strong>ius</strong></span> <span class='ocrx_word' id='word_1_226' title='bbox 592 2698 726 2751; x_wconf 90' lang='lat' dir='ltr'><strong>nostrum</strong></span> <span class='ocrx_word' id='word_1_227' title='bbox 751 2690 841 2752; x_wconf 84' lang='lat' dir='ltr'><strong>Civile</strong></span> <span class='ocrx_word' id='word_1_228' title='bbox 864 2691 1029 2771; x_wconf 85' lang='lat' dir='ltr'><strong>pertinent,</strong></span> <span class='ocrx_word' id='word_1_229' title='bbox 1054 2688 1164 2749; x_wconf 87' lang='lat' dir='ltr'><strong>Graece</strong></span> <span class='ocrx_word' id='word_1_230' title='bbox 1188 2699 1218 2750; x_wconf 91' lang='lat' dir='ltr'><strong>ct</strong></span> <span class='ocrx_word' id='word_1_231' title='bbox 1237 2688 1339 2751; x_wconf 84' lang='lat' dir='ltr'><strong>Latine</strong></span> <span class='ocrx_word' id='word_1_232' title='bbox 1364 2692 1542 2771; x_wconf 81' lang='lat' dir='ltr'><strong>conscrIpta,</strong></span> 
     </span>
     <span class='ocr_line' id='line_1_23' title="bbox 243 2782 1545 2879; baseline -0.001 -20"><span class='ocrx_word' id='word_1_233' title='bbox 243 2793 277 2872; x_wconf 79' lang='grc' dir='ltr'><strong>ἐξ</strong></span> <span class='ocrx_word' id='word_1_234' title='bbox 309 2782 372 2878; x_wconf 80' lang='grc' dir='ltr'><strong>ὦν,</strong></span> <span class='ocrx_word' id='word_1_235' title='bbox 410 2808 443 2859; x_wconf 94' lang='lat' dir='ltr'><strong>ut</strong></span> <span class='ocrx_word' id='word_1_236' title='bbox 479 2800 542 2878; x_wconf 89' lang='lat' dir='ltr'><strong>ipse</strong></span> <span class='ocrx_word' id='word_1_237' title='bbox 581 2796 740 2858; x_wconf 85' lang='lat' dir='ltr'><strong>Dosithens</strong></span> <span class='ocrx_word' id='word_1_238' title='bbox 776 2797 941 2879; x_wconf 77' lang='lat' dir='ltr'><strong>praefatur,</strong></span> <span class='ocrx_word' id='word_1_239' title='bbox 982 2795 1102 2877; x_wconf 80' lang='grc' dir='ltr'><strong><em>μείζων</em></strong></span> <span class='ocrx_word' id='word_1_240' title='bbox 1142 2787 1318 2876; x_wconf 82' lang='grc' dir='ltr'><em>εὐχρηστία</em></span> <span class='ocrx_word' id='word_1_241' title='bbox 1360 2788 1545 2859; x_wconf 79' lang='grc' dir='ltr'><em>ἀκολουθεῖ</em></span> 
     </span>
     <span class='ocr_line' id='line_1_24' title="bbox 243 2895 1539 2986; baseline 0.001 -21"><span class='ocrx_word' id='word_1_242' title='bbox 243 2895 452 2985; x_wconf 73' lang='grc' dir='ltr'><strong>ἀνθρώποις,</strong></span> <span class='ocrx_word' id='word_1_243' title='bbox 489 2896 553 2967; x_wconf 76' lang='grc' dir='ltr'><strong>ἀπὸ</strong></span> <span class='ocrx_word' id='word_1_244' title='bbox 584 2898 706 2967; x_wconf 83' lang='grc' dir='ltr'><strong>τούτου</strong></span> <span class='ocrx_word' id='word_1_245' title='bbox 736 2903 797 2967; x_wconf 84' lang='grc' dir='ltr'><strong>τοῦ</strong></span> <span class='ocrx_word' id='word_1_246' title='bbox 829 2896 991 2986; x_wconf 79' lang='grc' dir='ltr'><strong><em>ἄρχοντος</em></strong></span> <span class='ocrx_word' id='word_1_247' title='bbox 1024 2898 1153 2983; x_wconf 77' lang='grc' dir='ltr'><strong><em>ἐγένετο</em></strong></span> <span class='ocrx_word' id='word_1_248' title='bbox 1186 2897 1241 2963; x_wconf 79' lang='grc' dir='ltr'><strong>καὶ</strong></span> <span class='ocrx_word' id='word_1_249' title='bbox 1278 2897 1446 2984; x_wconf 60' lang='lat' dir='ltr'><strong>falesiam,</strong></span> <span class='ocrx_word' id='word_1_250' title='bbox 1485 2896 1539 2966; x_wconf 78' lang='lat' dir='ltr'><strong>ded</strong></span> 
     </span>
     <span class='ocr_line' id='line_1_25' title="bbox 242 3003 1542 3093; baseline 0.001 -21"><span class='ocrx_word' id='word_1_251' title='bbox 242 3003 431 3091; x_wconf 74' lang='grc' dir='ltr'><strong><em>ἀναγκαίως</em></strong></span> <span class='ocrx_word' id='word_1_252' title='bbox 466 3006 551 3073; x_wconf 83' lang='grc' dir='ltr'><strong><em>εἰσὶν</em></strong></span> <span class='ocrx_word' id='word_1_253' title='bbox 589 3004 819 3092; x_wconf 68' lang='lat' dir='ltr'><strong>desponsata,</strong></span> <span class='ocrx_word' id='word_1_254' title='bbox 863 3006 918 3074; x_wconf 78' lang='grc' dir='ltr'><strong>καὶ</strong></span> <span class='ocrx_word' id='word_1_255' title='bbox 959 3003 1072 3093; x_wconf 74' lang='grc' dir='ltr'>μνήμῃ</span> <span class='ocrx_word' id='word_1_256' title='bbox 1109 3004 1311 3090; x_wconf 78' lang='grc' dir='ltr'><em>παραδοτέα,</em></span> <span class='ocrx_word' id='word_1_257' title='bbox 1357 3009 1388 3072; x_wconf 82' lang='grc' dir='ltr'><strong>εί</strong></span> <span class='ocrx_word' id='word_1_258' title='bbox 1427 3005 1542 3092; x_wconf 78' lang='grc' dir='ltr'><strong><em>μέντοι</em></strong></span> 
     </span>
     <span class='ocr_line' id='line_1_26' title="bbox 242 3108 1542 3200; baseline -0.001 -20"><span class='ocrx_word' id='word_1_259' title='bbox 242 3113 388 3199; x_wconf 78' lang='grc' dir='ltr'><strong><em>θέλομεν</em></strong></span> <span class='ocrx_word' id='word_1_260' title='bbox 420 3113 580 3200; x_wconf 64' lang='lat' dir='ltr'><strong>(imparati</strong></span> <span class='ocrx_word' id='word_1_261' title='bbox 612 3121 726 3181; x_wconf 76' lang='grc' dir='ltr'><em>λαλεῖν</em></span> <span class='ocrx_word' id='word_1_262' title='bbox 753 3108 774 3200; x_wconf 80' lang='grc' dir='ltr'><em>ἢ</em></span> <span class='ocrx_word' id='word_1_263' title='bbox 803 3112 968 3199; x_wconf 78' lang='grc' dir='ltr'><em>ἑλληνιστὶ</em></span> <span class='ocrx_word' id='word_1_264' title='bbox 996 3112 1097 3199; x_wconf 79' lang='grc' dir='ltr'><strong><em>χωρὶς</em></strong></span> <span class='ocrx_word' id='word_1_265' title='bbox 1124 3108 1254 3190; x_wconf 78' lang='grc' dir='ltr'><em>αἰτίας’.</em></span> <span class='ocrx_word' id='word_1_266' title='bbox 1300 3118 1395 3178; x_wconf 91' lang='lat' dir='ltr'><strong>eidem</strong></span> <span class='ocrx_word' id='word_1_267' title='bbox 1427 3121 1542 3179; x_wconf 90' lang='lat' dir='ltr'><strong>auctori</strong></span> 
     </span>
    </p>
   </div>
   <div class='ocr_carea' id='block_1_3' title="bbox 156 3223 1542 3307">
    <p class='ocr_par' dir='ltr' id='par_1_3' title="bbox 156 3223 1542 3307">
     <span class='ocr_line' id='line_1_27' title="bbox 156 3223 1542 3307; baseline 0.001 -22"><span class='ocrx_word' id='word_1_268' title='bbox 156 3242 161 3248; x_wconf 92' lang='lat'>·</span> <span class='ocrx_word' id='word_1_269' title='bbox 244 3225 382 3287; x_wconf 88' lang='lat' dir='ltr'><strong>Cuiacius</strong></span> <span class='ocrx_word' id='word_1_270' title='bbox 405 3227 601 3306; x_wconf 78' lang='lat' dir='ltr'><strong>fragmentum</strong></span> <span class='ocrx_word' id='word_1_271' title='bbox 634 3226 670 3286; x_wconf 93' lang='lat' dir='ltr'><strong>de</strong></span> <span class='ocrx_word' id='word_1_272' title='bbox 703 3229 784 3307; x_wconf 88' lang='lat' dir='ltr'><strong>iure,</strong></span> <span class='ocrx_word' id='word_1_273' title='bbox 817 3226 895 3305; x_wconf 88' lang='lat' dir='ltr'><strong>qnod</strong></span> <span class='ocrx_word' id='word_1_274' title='bbox 924 3224 1032 3286; x_wconf 91' lang='lat' dir='ltr'><strong>Petrus</strong></span> <span class='ocrx_word' id='word_1_275' title='bbox 1059 3223 1201 3285; x_wconf 86' lang='lat' dir='ltr'><strong>Pithoeus</strong></span> <span class='ocrx_word' id='word_1_276' title='bbox 1230 3224 1300 3285; x_wconf 85' lang='lat' dir='ltr'><strong>Illos.</strong></span> <span class='ocrx_word' id='word_1_277' title='bbox 1324 3236 1355 3287; x_wconf 93' lang='lat' dir='ltr'><strong>et</strong></span> <span class='ocrx_word' id='word_1_278' title='bbox 1378 3225 1461 3287; x_wconf 85' lang='lat' dir='ltr'><strong>Item.</strong></span> <span class='ocrx_word' id='word_1_279' title='bbox 1486 3227 1542 3306; x_wconf 88' lang='lat' dir='ltr'><strong>leg.</strong></span> 
     </span>
    </p>
   </div>
   <div class='ocr_carea' id='block_1_4' title="bbox 243 3326 1544 4268">
    <p class='ocr_par' dir='ltr' id='par_1_4' title="bbox 243 3326 1544 4268">
     <span class='ocr_line' id='line_1_28' title="bbox 244 3326 1544 3415; baseline 0.001 -23"><span class='ocrx_word' id='word_1_280' title='bbox 244 3332 308 3394; x_wconf 90' lang='lat' dir='ltr'><strong>coll.</strong></span> <span class='ocrx_word' id='word_1_281' title='bbox 326 3352 354 3412; x_wconf 91' lang='lat' dir='ltr'><strong>p.</strong></span> <span class='ocrx_word' id='word_1_282' title='bbox 372 3330 434 3394; x_wconf 81' lang='lat'><strong>122</strong></span> <span class='ocrx_word' id='word_1_283' title='bbox 453 3353 489 3394; x_wconf 82' lang='lat' dir='ltr'><strong>ex</strong></span> <span class='ocrx_word' id='word_1_284' title='bbox 508 3334 609 3394; x_wconf 90' lang='lat' dir='ltr'><strong>codice</strong></span> <span class='ocrx_word' id='word_1_285' title='bbox 624 3333 737 3394; x_wconf 84' lang='lat' dir='ltr'><strong>Claudii</strong></span> <span class='ocrx_word' id='word_1_286' title='bbox 755 3333 878 3394; x_wconf 88' lang='lat' dir='ltr'><strong>Puteani</strong></span> <span class='ocrx_word' id='word_1_287' title='bbox 897 3350 957 3393; x_wconf 92' lang='lat' dir='ltr'><strong>non</strong></span> <span class='ocrx_word' id='word_1_288' title='bbox 971 3331 1069 3392; x_wconf 89' lang='lat' dir='ltr'><strong>addito</strong></span> <span class='ocrx_word' id='word_1_289' title='bbox 1084 3332 1203 3392; x_wconf 89' lang='lat' dir='ltr'><strong>nomine</strong></span> <span class='ocrx_word' id='word_1_290' title='bbox 1218 3331 1350 3393; x_wconf 86' lang='lat' dir='ltr'><strong>ediderat</strong></span> <span class='ocrx_word' id='word_1_291' title='bbox 1364 3352 1388 3392; x_wconf 91' lang='lat' dir='ltr'><strong>a.</strong></span> <span class='ocrx_word' id='word_1_292' title='bbox 1407 3326 1544 3415; x_wconf 79' lang='grc'><strong>1574*),</strong></span> 
     </span>
     <span class='ocr_line' id='line_1_29' title="bbox 244 3434 1542 3519; baseline 0.002 -21"><span class='ocrx_word' id='word_1_293' title='bbox 244 3438 348 3500; x_wconf 86' lang='lat' dir='ltr'><strong>tribuit</strong></span> <span class='ocrx_word' id='word_1_294' title='bbox 378 3442 409 3500; x_wconf 95' lang='lat' dir='ltr'><strong>in</strong></span> <span class='ocrx_word' id='word_1_295' title='bbox 442 3440 571 3500; x_wconf 88' lang='lat' dir='ltr'><strong>editione</strong></span> <span class='ocrx_word' id='word_1_296' title='bbox 599 3438 710 3500; x_wconf 89' lang='lat' dir='ltr'><strong>codicis</strong></span> <span class='ocrx_word' id='word_1_297' title='bbox 738 3439 934 3500; x_wconf 89' lang='lat' dir='ltr'><strong>Theodosiaui</strong></span> <span class='ocrx_word' id='word_1_298' title='bbox 962 3438 1094 3499; x_wconf 83' lang='lat' dir='ltr'><strong>Parisino</strong></span> <span class='ocrx_word' id='word_1_299' title='bbox 1122 3457 1146 3498; x_wconf 91' lang='lat' dir='ltr'><strong>a.</strong></span> <span class='ocrx_word' id='word_1_300' title='bbox 1178 3434 1262 3499; x_wconf 83' lang='lat'>1586</span> <span class='ocrx_word' id='word_1_301' title='bbox 1292 3438 1346 3498; x_wconf 90' lang='lat' dir='ltr'><strong>hac</strong></span> <span class='ocrx_word' id='word_1_302' title='bbox 1374 3441 1542 3519; x_wconf 89' lang='lat' dir='ltr'><strong>praeposita</strong></span> 
     </span>
     <span class='ocr_line' id='line_1_30' title="bbox 243 3540 1542 3628; baseline 0.002 -23"><span class='ocrx_word' id='word_1_303' title='bbox 243 3548 445 3628; x_wconf 86' lang='lat' dir='ltr'><strong>inscriptione,</strong></span> <span class='ocrx_word' id='word_1_304' title='bbox 457 3542 504 3607; x_wconf 73' lang='lat' dir='ltr'><strong>‘ex</strong></span> <span class='ocrx_word' id='word_1_305' title='bbox 512 3547 644 3608; x_wconf 85' lang='lat' dir='ltr'><strong>Dosithei</strong></span> <span class='ocrx_word' id='word_1_306' title='bbox 652 3540 1006 3626; x_wconf 88' lang='lat' dir='ltr'><strong>lllagistriGrammatica&#39;.</strong></span> <span class='ocrx_word' id='word_1_307' title='bbox 1020 3545 1163 3606; x_wconf 91' lang='lat' dir='ltr'><strong>Pithoeus</strong></span> <span class='ocrx_word' id='word_1_308' title='bbox 1175 3555 1272 3606; x_wconf 89' lang='lat' dir='ltr'><strong>autem</strong></span> <span class='ocrx_word' id='word_1_309' title='bbox 1283 3545 1320 3606; x_wconf 91' lang='lat' dir='ltr'><strong>de</strong></span> <span class='ocrx_word' id='word_1_310' title='bbox 1331 3565 1366 3605; x_wconf 91' lang='lat' dir='ltr'><strong>eo</strong></span> <span class='ocrx_word' id='word_1_311' title='bbox 1377 3547 1542 3626; x_wconf 84' lang='lat' dir='ltr'><strong>fragmento</strong></span> 
     </span>
     <span class='ocr_line' id='line_1_31' title="bbox 243 3649 1542 3735; baseline 0.002 -23"><span class='ocrx_word' id='word_1_312' title='bbox 243 3655 273 3713; x_wconf 92' lang='lat' dir='ltr'><strong>in</strong></span> <span class='ocrx_word' id='word_1_313' title='bbox 291 3653 472 3731; x_wconf 78' lang='lat' dir='ltr'><strong>praefatione</strong></span> <span class='ocrx_word' id='word_1_314' title='bbox 492 3655 653 3733; x_wconf 88' lang='lat' dir='ltr'><strong>scripserat</strong></span> <span class='ocrx_word' id='word_1_315' title='bbox 670 3654 757 3735; x_wconf 89' lang='lat' dir='ltr'><strong>haec,</strong></span> <span class='ocrx_word' id='word_1_316' title='bbox 776 3649 889 3714; x_wconf 82' lang='lat' dir='ltr'><strong>‘VIsum</strong></span> <span class='ocrx_word' id='word_1_317' title='bbox 908 3662 953 3714; x_wconf 87' lang='lat' dir='ltr'><strong>est</strong></span> <span class='ocrx_word' id='word_1_318' title='bbox 971 3656 1059 3714; x_wconf 86' lang='lat' dir='ltr'><strong>etiam</strong></span> <span class='ocrx_word' id='word_1_319' title='bbox 1073 3652 1205 3714; x_wconf 90' lang='lat' dir='ltr'><strong>Puteano</strong></span> <span class='ocrx_word' id='word_1_320' title='bbox 1224 3663 1326 3715; x_wconf 92' lang='lat' dir='ltr'><strong>nostro</strong></span> <span class='ocrx_word' id='word_1_321' title='bbox 1347 3654 1394 3714; x_wconf 94' lang='lat' dir='ltr'><strong>hic</strong></span> <span class='ocrx_word' id='word_1_322' title='bbox 1413 3653 1542 3715; x_wconf 89' lang='lat' dir='ltr'><strong>adlicere</strong></span> 
     </span>
     <span class='ocr_line' id='line_1_32' title="bbox 244 3759 1543 3839; baseline 0.002 -20"><span class='ocrx_word' id='word_1_323' title='bbox 244 3759 441 3838; x_wconf 87' lang='lat' dir='ltr'><strong>fragmentum</strong></span> <span class='ocrx_word' id='word_1_324' title='bbox 463 3760 535 3821; x_wconf 91' lang='lat' dir='ltr'><strong>illud</strong></span> <span class='ocrx_word' id='word_1_325' title='bbox 554 3759 690 3821; x_wconf 91' lang='lat' dir='ltr'><strong>Latinum</strong></span> <span class='ocrx_word' id='word_1_326' title='bbox 715 3762 802 3820; x_wconf 87' lang='lat' dir='ltr'><strong>toties</strong></span> <span class='ocrx_word' id='word_1_327' title='bbox 826 3779 841 3820; x_wconf 92' lang='lat' dir='ltr'><strong>a</strong></span> <span class='ocrx_word' id='word_1_328' title='bbox 865 3779 912 3820; x_wconf 92' lang='lat' dir='ltr'><strong>me</strong></span> <span class='ocrx_word' id='word_1_329' title='bbox 936 3759 1099 3839; x_wconf 89' lang='lat' dir='ltr'><strong>laudatum,</strong></span> <span class='ocrx_word' id='word_1_330' title='bbox 1123 3759 1200 3838; x_wconf 94' lang='lat' dir='ltr'><strong>quod</strong></span> <span class='ocrx_word' id='word_1_331' title='bbox 1221 3760 1383 3821; x_wconf 87' lang='lat' dir='ltr'><strong>Graeculus</strong></span> <span class='ocrx_word' id='word_1_332' title='bbox 1402 3762 1543 3839; x_wconf 84' lang='lat' dir='ltr'><strong>magister</strong></span> 
     </span>
     <span class='ocr_line' id='line_1_33' title="bbox 244 3865 1543 3948; baseline 0.003 -23"><span class='ocrx_word' id='word_1_333' title='bbox 244 3866 366 3926; x_wconf 87' lang='lat' dir='ltr'><strong>Omeliis</strong></span> <span class='ocrx_word' id='word_1_334' title='bbox 384 3869 446 3927; x_wconf 86' lang='lat' dir='ltr'><strong>suis</strong></span> <span class='ocrx_word' id='word_1_335' title='bbox 466 3878 495 3928; x_wconf 91' lang='lat' dir='ltr'><strong>et</strong></span> <span class='ocrx_word' id='word_1_336' title='bbox 513 3886 636 3947; x_wconf 88' lang='lat' dir='ltr'><strong>graecae</strong></span> <span class='ocrx_word' id='word_1_337' title='bbox 655 3867 771 3948; x_wconf 90' lang='lat' dir='ltr'><strong>linguae</strong></span> <span class='ocrx_word' id='word_1_338' title='bbox 794 3865 1056 3928; x_wconf 81' lang='lat' dir='ltr'><strong>exercitationibus</strong></span> <span class='ocrx_word' id='word_1_339' title='bbox 1080 3870 1158 3929; x_wconf 88' lang='lat' dir='ltr'><strong>inter</strong></span> <span class='ocrx_word' id='word_1_340' title='bbox 1181 3867 1236 3928; x_wconf 89' lang='lat' dir='ltr'><strong>alia</strong></span> <span class='ocrx_word' id='word_1_341' title='bbox 1259 3867 1402 3947; x_wconf 89' lang='lat' dir='ltr'><strong>quaedam</strong></span> <span class='ocrx_word' id='word_1_342' title='bbox 1422 3886 1457 3928; x_wconf 86' lang='lat' dir='ltr'><strong>ex</strong></span> <span class='ocrx_word' id='word_1_343' title='bbox 1477 3868 1543 3929; x_wconf 91' lang='lat' dir='ltr'><strong>aliis</strong></span> 
     </span>
     <span class='ocr_line' id='line_1_34' title="bbox 244 3968 1542 4037; baseline 0.001 -3"><span class='ocrx_word' id='word_1_344' title='bbox 244 3972 416 4036; x_wconf 90' lang='lat' dir='ltr'><strong>auctoribus</strong></span> <span class='ocrx_word' id='word_1_345' title='bbox 455 3975 538 4035; x_wconf 89' lang='lat' dir='ltr'><strong>initia</strong></span> <span class='ocrx_word' id='word_1_346' title='bbox 579 3975 724 4037; x_wconf 87' lang='lat' dir='ltr'><strong>llbrorum</strong></span> <span class='ocrx_word' id='word_1_347' title='bbox 764 3968 956 4035; x_wconf 83' lang='lat' dir='ltr'><strong>Inseruerat&#39;.</strong></span> <span class='ocrx_word' id='word_1_348' title='bbox 1015 3973 1122 4034; x_wconf 88' lang='lat' dir='ltr'><strong>deinde</strong></span> <span class='ocrx_word' id='word_1_349' title='bbox 1164 3974 1321 4035; x_wconf 87' lang='lat' dir='ltr'><strong>Goldastus</strong></span> <span class='ocrx_word' id='word_1_350' title='bbox 1362 3994 1397 4034; x_wconf 87' lang='lat' dir='ltr'><strong>ex</strong></span> <span class='ocrx_word' id='word_1_351' title='bbox 1439 3973 1542 4035; x_wconf 90' lang='lat' dir='ltr'><strong>codice</strong></span> 
     </span>
     <span class='ocr_line' id='line_1_35' title="bbox 244 4076 1542 4161; baseline 0 -19"><span class='ocrx_word' id='word_1_352' title='bbox 244 4080 426 4161; x_wconf 90' lang='lat' dir='ltr'><strong>Sangallensi</strong></span> <span class='ocrx_word' id='word_1_353' title='bbox 458 4081 596 4143; x_wconf 90' lang='lat' dir='ltr'><strong>Hadriani</strong></span> <span class='ocrx_word' id='word_1_354' title='bbox 629 4084 791 4144; x_wconf 89' lang='lat' dir='ltr'><strong>sententias</strong></span> <span class='ocrx_word' id='word_1_355' title='bbox 822 4090 854 4143; x_wconf 92' lang='lat' dir='ltr'><strong>et</strong></span> <span class='ocrx_word' id='word_1_356' title='bbox 880 4081 1022 4160; x_wconf 87' lang='lat' dir='ltr'><strong>epistulas</strong></span> <span class='ocrx_word' id='word_1_357' title='bbox 1051 4081 1143 4143; x_wconf 90' lang='lat' dir='ltr'><strong>edidit</strong></span> <span class='ocrx_word' id='word_1_358' title='bbox 1175 4081 1231 4142; x_wconf 96' lang='lat' dir='ltr'><strong>hoc</strong></span> <span class='ocrx_word' id='word_1_359' title='bbox 1264 4081 1364 4160; x_wconf 87' lang='lat' dir='ltr'><strong>titulo,</strong></span> <span class='ocrx_word' id='word_1_360' title='bbox 1397 4076 1542 4142; x_wconf 74' lang='lat' dir='ltr'><strong>‘Ilosithei</strong></span> 
     </span>
     <span class='ocr_line' id='line_1_36' title="bbox 244 4183 1542 4268; baseline -0.001 -19"><span class='ocrx_word' id='word_1_361' title='bbox 244 4190 377 4267; x_wconf 86' lang='lat' dir='ltr'><strong>magistri</strong></span> <span class='ocrx_word' id='word_1_362' title='bbox 399 4187 475 4250; x_wconf 88' lang='lat' dir='ltr'><strong>liber</strong></span> <span class='ocrx_word' id='word_1_363' title='bbox 498 4189 537 4249; x_wconf 97' lang='lat' dir='ltr'><strong>III</strong></span> <span class='ocrx_word' id='word_1_364' title='bbox 563 4192 718 4251; x_wconf 91' lang='lat' dir='ltr'><strong>continens</strong></span> <span class='ocrx_word' id='word_1_365' title='bbox 742 4188 805 4248; x_wconf 84' lang='lat' dir='ltr'><strong>Divi</strong></span> <span class='ocrx_word' id='word_1_366' title='bbox 828 4187 948 4249; x_wconf 81' lang='lat' dir='ltr'><strong>Adriani</strong></span> <span class='ocrx_word' id='word_1_367' title='bbox 970 4186 1043 4268; x_wconf 92' lang='lat' dir='ltr'><strong>Imp.</strong></span> <span class='ocrx_word' id='word_1_368' title='bbox 1066 4190 1228 4249; x_wconf 89' lang='lat' dir='ltr'><strong>sententias</strong></span> <span class='ocrx_word' id='word_1_369' title='bbox 1252 4199 1281 4249; x_wconf 90' lang='lat' dir='ltr'><strong>et</strong></span> <span class='ocrx_word' id='word_1_370' title='bbox 1304 4183 1454 4267; x_wconf 82' lang='lat' dir='ltr'><strong>epIstolas’</strong></span> <span class='ocrx_word' id='word_1_371' title='bbox 1479 4235 1485 4248; x_wconf 95' lang='lat'><strong>.</strong></span> <span class='ocrx_word' id='word_1_372' title='bbox 1510 4190 1542 4248; x_wconf 89' lang='lat' dir='ltr'><strong>iu</strong></span> 
     </span>
    </p>
   </div>
   <div class='ocr_carea' id='block_1_5' title="bbox 242 4357 1544 4911">
    <p class='ocr_par' dir='ltr' id='par_1_5' title="bbox 242 4357 1544 4911">
     <span class='ocr_line' id='line_1_37' title="bbox 313 4357 1542 4432; baseline -0.001 -16"><span class='ocrx_word' id='word_1_373' title='bbox 313 4361 550 4432; x_wconf 63' lang='lat' dir='ltr'><strong>t)Apographum</strong></span> <span class='ocrx_word' id='word_1_374' title='bbox 564 4361 722 4431; x_wconf 84' lang='lat' dir='ltr'><strong>fragmenti,</strong></span> <span class='ocrx_word' id='word_1_375' title='bbox 737 4361 811 4429; x_wconf 88' lang='lat' dir='ltr'><strong>quod</strong></span> <span class='ocrx_word' id='word_1_376' title='bbox 826 4378 859 4415; x_wconf 88' lang='lat' dir='ltr'><strong>ex</strong></span> <span class='ocrx_word' id='word_1_377' title='bbox 869 4357 988 4414; x_wconf 87' lang='lat' dir='ltr'><strong>Puteani</strong></span> <span class='ocrx_word' id='word_1_378' title='bbox 1002 4358 1096 4415; x_wconf 87' lang='lat' dir='ltr'><strong>codice</strong></span> <span class='ocrx_word' id='word_1_379' title='bbox 1111 4360 1243 4415; x_wconf 81' lang='lat' dir='ltr'><strong>Pithoeus</strong></span> <span class='ocrx_word' id='word_1_380' title='bbox 1254 4360 1387 4428; x_wconf 81' lang='lat' dir='ltr'><strong>ediderat,</strong></span> <span class='ocrx_word' id='word_1_381' title='bbox 1399 4379 1431 4414; x_wconf 87' lang='lat' dir='ltr'><strong>ex</strong></span> <span class='ocrx_word' id='word_1_382' title='bbox 1442 4360 1542 4415; x_wconf 89' lang='lat' dir='ltr'><strong>eodem</strong></span> 
     </span>
     <span class='ocr_line' id='line_1_38' title="bbox 243 4437 1544 4511; baseline -0.002 -13"><span class='ocrx_word' id='word_1_383' title='bbox 243 4443 352 4511; x_wconf 89' lang='lat' dir='ltr'><strong>codice,</strong></span> <span class='ocrx_word' id='word_1_384' title='bbox 370 4445 403 4497; x_wconf 84' lang='lat' dir='ltr'><strong>nt</strong></span> <span class='ocrx_word' id='word_1_385' title='bbox 421 4442 545 4510; x_wconf 82' lang='lat' dir='ltr'><strong>videtur,</strong></span> <span class='ocrx_word' id='word_1_386' title='bbox 564 4440 670 4496; x_wconf 86' lang='lat' dir='ltr'><strong>factum</strong></span> <span class='ocrx_word' id='word_1_387' title='bbox 689 4444 731 4497; x_wconf 87' lang='lat' dir='ltr'><strong>est</strong></span> <span class='ocrx_word' id='word_1_388' title='bbox 749 4442 778 4495; x_wconf 91' lang='lat' dir='ltr'><strong>in</strong></span> <span class='ocrx_word' id='word_1_389' title='bbox 797 4441 892 4495; x_wconf 88' lang='lat' dir='ltr'><strong>codiee</strong></span> <span class='ocrx_word' id='word_1_390' title='bbox 911 4438 1040 4493; x_wconf 88' lang='lat' dir='ltr'><strong>Leidensi</strong></span> <span class='ocrx_word' id='word_1_391' title='bbox 1055 4437 1233 4508; x_wconf 85' lang='lat' dir='ltr'><strong>Scaligerano</strong></span> <span class='ocrx_word' id='word_1_392' title='bbox 1248 4446 1281 4494; x_wconf 80' lang='grc'><strong>61</strong></span> <span class='ocrx_word' id='word_1_393' title='bbox 1298 4482 1304 4493; x_wconf 95' lang='grc'><strong>.</strong></span> <span class='ocrx_word' id='word_1_394' title='bbox 1319 4439 1408 4509; x_wconf 88' lang='lat' dir='ltr'><strong>ipsum</strong></span> <span class='ocrx_word' id='word_1_395' title='bbox 1424 4439 1544 4495; x_wconf 87' lang='lat' dir='ltr'><strong>Puteani</strong></span> 
     </span>
     <span class='ocr_line' id='line_1_39' title="bbox 242 4519 1543 4589; baseline 0 -14"><span class='ocrx_word' id='word_1_396' title='bbox 242 4523 344 4577; x_wconf 89' lang='lat' dir='ltr'><strong>librum</strong></span> <span class='ocrx_word' id='word_1_397' title='bbox 373 4539 445 4577; x_wconf 90' lang='lat' dir='ltr'><strong>nunc</strong></span> <span class='ocrx_word' id='word_1_398' title='bbox 468 4523 553 4577; x_wconf 87' lang='lat' dir='ltr'><strong>etiam</strong></span> <span class='ocrx_word' id='word_1_399' title='bbox 581 4523 610 4576; x_wconf 91' lang='lat' dir='ltr'><strong>in</strong></span> <span class='ocrx_word' id='word_1_400' title='bbox 633 4521 761 4577; x_wconf 82' lang='lat' dir='ltr'><strong>Parisino</strong></span> <span class='ocrx_word' id='word_1_401' title='bbox 787 4519 958 4576; x_wconf 85' lang='lat' dir='ltr'><strong>bibliotheca</strong></span> <span class='ocrx_word' id='word_1_402' title='bbox 983 4521 1089 4589; x_wconf 84' lang='lat' dir='ltr'><strong>extare,</strong></span> <span class='ocrx_word' id='word_1_403' title='bbox 1117 4521 1167 4576; x_wconf 87' lang='lat' dir='ltr'><strong>sed</strong></span> <span class='ocrx_word' id='word_1_404' title='bbox 1194 4535 1298 4589; x_wconf 88' lang='lat' dir='ltr'><strong>magua</strong></span> <span class='ocrx_word' id='word_1_405' title='bbox 1324 4523 1403 4589; x_wconf 87' lang='lat' dir='ltr'><strong>parte</strong></span> <span class='ocrx_word' id='word_1_406' title='bbox 1431 4520 1459 4573; x_wconf 92' lang='lat' dir='ltr'><strong>in</strong></span> <span class='ocrx_word' id='word_1_407' title='bbox 1488 4521 1543 4576; x_wconf 88' lang='lat' dir='ltr'><strong>fine</strong></span> 
     </span>
     <span class='ocr_line' id='line_1_40' title="bbox 243 4599 1543 4672; baseline 0 -17"><span class='ocrx_word' id='word_1_408' title='bbox 243 4601 417 4670; x_wconf 85' lang='lat' dir='ltr'><strong>mutilatum,</strong></span> <span class='ocrx_word' id='word_1_409' title='bbox 445 4619 533 4672; x_wconf 84' lang='lat' dir='ltr'><strong>nuper</strong></span> <span class='ocrx_word' id='word_1_410' title='bbox 555 4602 691 4658; x_wconf 86' lang='lat' dir='ltr'><strong>indicavit</strong></span> <span class='ocrx_word' id='word_1_411' title='bbox 712 4603 746 4656; x_wconf 83' lang='lat' dir='ltr'><strong>A.</strong></span> <span class='ocrx_word' id='word_1_412' title='bbox 767 4601 917 4657; x_wconf 90' lang='lat' dir='ltr'><strong>Boucherie</strong></span> <span class='ocrx_word' id='word_1_413' title='bbox 941 4599 1048 4656; x_wconf 86' lang='lat' dir='ltr'><strong>notices</strong></span> <span class='ocrx_word' id='word_1_414' title='bbox 1070 4603 1100 4656; x_wconf 85' lang='lat' dir='ltr'><strong>et</strong></span> <span class='ocrx_word' id='word_1_415' title='bbox 1121 4599 1237 4656; x_wconf 74' lang='lat' dir='ltr'><strong>&#39;extrahe</strong></span> <span class='ocrx_word' id='word_1_416' title='bbox 1256 4599 1304 4653; x_wconf 89' lang='lat' dir='ltr'><strong>des</strong></span> <span class='ocrx_word' id='word_1_417' title='bbox 1323 4599 1487 4654; x_wconf 81' lang='lat' dir='ltr'><strong>manuscrits</strong></span> <span class='ocrx_word' id='word_1_418' title='bbox 1507 4601 1543 4655; x_wconf 90' lang='lat' dir='ltr'><strong>de</strong></span> 
     </span>
     <span class='ocr_line' id='line_1_41' title="bbox 243 4679 1544 4751; baseline 0.002 -17"><span class='ocrx_word' id='word_1_419' title='bbox 243 4681 272 4734; x_wconf 90' lang='lat' dir='ltr'><strong>la</strong></span> <span class='ocrx_word' id='word_1_420' title='bbox 299 4681 490 4750; x_wconf 76' lang='lat' dir='ltr'><strong>bibliotheque</strong></span> <span class='ocrx_word' id='word_1_421' title='bbox 517 4681 659 4737; x_wconf 81' lang='lat' dir='ltr'><strong>nationale</strong></span> <span class='ocrx_word' id='word_1_422' title='bbox 687 4700 712 4738; x_wconf 90' lang='lat' dir='ltr'><strong>v.</strong></span> <span class='ocrx_word' id='word_1_423' title='bbox 731 4681 822 4736; x_wconf 86' lang='lat' dir='ltr'>XXIII</span> <span class='ocrx_word' id='word_1_424' title='bbox 848 4688 864 4736; x_wconf 77' lang='lat'>2</span> <span class='ocrx_word' id='word_1_425' title='bbox 892 4700 919 4751; x_wconf 86' lang='lat' dir='ltr'><strong>p.</strong></span> <span class='ocrx_word' id='word_1_426' title='bbox 939 4686 990 4735; x_wconf 79' lang='grc'><strong>495</strong></span> <span class='ocrx_word' id='word_1_427' title='bbox 1010 4683 1039 4736; x_wconf 84' lang='lat' dir='ltr'><strong>et</strong></span> <span class='ocrx_word' id='word_1_428' title='bbox 1058 4688 1110 4735; x_wconf 73' lang='lat'><strong>525</strong></span> <span class='ocrx_word' id='word_1_429' title='bbox 1130 4723 1136 4735; x_wconf 90' lang='lat'><strong>.</strong></span> <span class='ocrx_word' id='word_1_430' title='bbox 1155 4696 1220 4734; x_wconf 90' lang='lat' dir='ltr'><strong>nam</strong></span> <span class='ocrx_word' id='word_1_431' title='bbox 1238 4679 1393 4733; x_wconf 88' lang='lat' dir='ltr'><strong>Parisinnm</strong></span> <span class='ocrx_word' id='word_1_432' title='bbox 1417 4682 1544 4736; x_wconf 89' lang='lat' dir='ltr'><strong>codicem</strong></span> 
     </span>
     <span class='ocr_line' id='line_1_42' title="bbox 244 4759 1544 4831; baseline -0.001 -14"><span class='ocrx_word' id='word_1_433' title='bbox 244 4768 327 4831; x_wconf 81' lang='grc'><strong>6103,</strong></span> <span class='ocrx_word' id='word_1_434' title='bbox 356 4763 421 4816; x_wconf 91' lang='lat' dir='ltr'><strong>olim</strong></span> <span class='ocrx_word' id='word_1_435' title='bbox 452 4762 518 4816; x_wconf 82' lang='lat' dir='ltr'><strong>‘Iac</strong></span> <span class='ocrx_word' id='word_1_436' title='bbox 541 4761 659 4816; x_wconf 89' lang='lat' dir='ltr'><strong>Puteani</strong></span> <span class='ocrx_word' id='word_1_437' title='bbox 683 4762 723 4817; x_wconf 83' lang='lat' dir='ltr'><strong>cl.</strong></span> <span class='ocrx_word' id='word_1_438' title='bbox 743 4762 803 4829; x_wconf 80' lang='lat' dir='ltr'><strong>fit’,</strong></span> <span class='ocrx_word' id='word_1_439' title='bbox 831 4761 872 4816; x_wconf 86' lang='lat' dir='ltr'><strong>ita</strong></span> <span class='ocrx_word' id='word_1_440' title='bbox 898 4759 1006 4815; x_wconf 82' lang='lat' dir='ltr'><strong>invenit</strong></span> <span class='ocrx_word' id='word_1_441' title='bbox 1032 4777 1095 4815; x_wconf 89' lang='lat' dir='ltr'><strong>eum</strong></span> <span class='ocrx_word' id='word_1_442' title='bbox 1123 4759 1259 4830; x_wconf 86' lang='lat' dir='ltr'><strong>Scaligeri</strong></span> <span class='ocrx_word' id='word_1_443' title='bbox 1286 4761 1449 4830; x_wconf 84' lang='lat' dir='ltr'><strong>apographo</strong></span> <span class='ocrx_word' id='word_1_444' title='bbox 1478 4779 1544 4816; x_wconf 90' lang='lat' dir='ltr'><strong>con-</strong></span> 
     </span>
     <span class='ocr_line' id='line_1_43' title="bbox 243 4840 1542 4911; baseline 0.001 -14"><span class='ocrx_word' id='word_1_445' title='bbox 243 4843 417 4909; x_wconf 81' lang='lat' dir='ltr'><strong>sentIentem,</strong></span> <span class='ocrx_word' id='word_1_446' title='bbox 432 4846 463 4896; x_wconf 91' lang='lat' dir='ltr'><strong>ut</strong></span> <span class='ocrx_word' id='word_1_447' title='bbox 477 4841 557 4895; x_wconf 87' lang='lat' dir='ltr'><strong>illum</strong></span> <span class='ocrx_word' id='word_1_448' title='bbox 570 4842 625 4896; x_wconf 91' lang='lat' dir='ltr'><strong>boc</strong></span> <span class='ocrx_word' id='word_1_449' title='bbox 638 4841 699 4911; x_wconf 91' lang='lat' dir='ltr'><strong>ipso</strong></span> <span class='ocrx_word' id='word_1_450' title='bbox 715 4840 786 4896; x_wconf 89' lang='lat' dir='ltr'><strong>libro</strong></span> <span class='ocrx_word' id='word_1_451' title='bbox 800 4843 871 4908; x_wconf 89' lang='lat' dir='ltr'><strong>tum,</strong></span> <span class='ocrx_word' id='word_1_452' title='bbox 884 4858 947 4896; x_wconf 89' lang='lat' dir='ltr'><strong>cum</strong></span> <span class='ocrx_word' id='word_1_453' title='bbox 961 4842 1071 4910; x_wconf 85' lang='lat' dir='ltr'><strong>integer</strong></span> <span class='ocrx_word' id='word_1_454' title='bbox 1085 4845 1167 4910; x_wconf 88' lang='lat' dir='ltr'><strong>esset,</strong></span> <span class='ocrx_word' id='word_1_455' title='bbox 1186 4858 1266 4896; x_wconf 88' lang='lat' dir='ltr'><strong>nsum</strong></span> <span class='ocrx_word' id='word_1_456' title='bbox 1281 4857 1341 4896; x_wconf 87' lang='lat' dir='ltr'><strong>esse</strong></span> <span class='ocrx_word' id='word_1_457' title='bbox 1356 4842 1542 4899; x_wconf 86' lang='lat' dir='ltr'><strong>adseveraret.</strong></span> 
     </span>
    </p>
   </div>
   <div class='ocr_carea' id='block_1_6' title="bbox 0 0 1662 5474">
    <p class='ocr_par' dir='ltr' id='par_1_6' title="bbox 0 0 1662 5474">
     <span class='ocr_line' id='line_1_44' title="bbox 0 0 1662 5474; baseline 0 0"><span class='ocrx_word' id='word_1_458' title='bbox 0 0 1662 5474; x_wconf 95' lang='lat' dir='ltr'><strong> </strong></span> 
     </span>
    </p>
   </div>
  </div>
 </body>
</html>
