3316 5474
596 358 653 413 DE
674 359 961 413 oloTHoouarfltn
1370 356 1435 420 265

130 471 153 508 p.
167 458 227 497 2118.
243 459 268 497 ro
283 458 307 499 P.

219 542 385 603 drmarinm
421 543 504 602 locus
534 542 584 603 nbi
618 562 873 623 quarumcumque
903 545 1010 603 artium
1043 545 1240 603 instrumenta
1273 552 1436 622 ponnutor,

130 652 389 710 armamentarium
414 649 465 710 ubi
490 656 604 709 tautum
628 650 684 710 tela
709 666 868 710 armorum.

219 754 340 815 Accedit
363 774 416 835 per
440 774 455 815 e
479 754 516 814 ab
534 755 730 837 ambulando,
753 757 860 817 accidit
883 776 937 837 per
961 759 969 816 i
993 757 1029 817 ab
1052 766 1170 816 eventu.

220 861 379 942 llelzebnb,
403 881 462 922 nou
486 860 620 922 belzebul
643 873 695 924 aut
718 861 868 923 belzebnd.
906 862 1010 944 Belial,
1033 882 1091 923 11011
1116 863 1220 924 Beliar.

90 989 104 1025 a
220 966 311 1047 Byrsa
334 946 564 1049 graeceplatine
589 971 712 1030 corium.

219 1072 318 1133 llellns
345 1074 537 1137 bellissimus:
570 1078 801 1156 comparativum
830 1094 888 1135 11011
918 1075 1018 1155 lubet,
1050 1076 1101 1136 sed
1131 1096 1185 1155 pro
1213 1094 1249 1135 eo
1277 1076 1434 1135 dicendum

131 1182 223 1257 magis
247 1179 342 1241 bellus
366 1191 396 1242 ct
419 1202 435 1242 c
459 1185 608 1243 contrario
632 1185 730 1244 minus
753 1181 862 1264 bellus,
885 1182 913 1242 id
939 1184 1106 1242 estmi1ms
1129 1182 1261 1261 pnlcber.

219 1286 330 1348 lincina
350 1296 396 1349 est
414 1307 471 1367 qua
486 1291 603 1367 signum
623 1288 673 1350 dat
691 1289 855 1368 bucinator,
875 1288 1002 1348 bucinus
1021 1290 1085 1367 ipse
1099 1307 1190 1348 canor
1204 1309 1240 1348 ex
1260 1287 1314 1348 bac
1329 1289 1434 1350 editus,

131 1393 237 1453 bucina
257 1394 412 1474 pastoralis
431 1404 478 1455 est
496 1404 526 1455 et
545 1413 639 1456 cornu
658 1414 784 1456 recurvo
804 1397 850 1475 lrt,
874 1394 951 1454 nmle
971 1405 1001 1455 et
1020 1396 1160 1455 ceratinia
1179 1414 1285 1474 graece
1305 1405 1435 1456 vocatur.

92 1523 117 1558 ro
132 1499 201 1560 tuba
225 1511 323 1561 autem
347 1502 384 1562 de
408 1520 476 1562 aere
501 1502 545 1562 rol
569 1513 692 1582 argento
715 1504 844 1563 cilicitur
867 1511 898 1562 et
921 1501 1168 1562 sollemnitatibus
1191 1513 1358 1582 concrepat

221 1606 389 1687 Baptismus
413 1608 550 1688 baptismi
572 1628 682 1690 genere
707 1609 869 1671 masculino
893 1617 923 1670 et
950 1608 1093 1688 baptisma
1121 1610 1305 1689 baptismatis
1328 1619 1436 1670 neutro

131 1725 162 1774 ot
186 1713 363 1794 baptismum
384 1716 389 1791 Ι
409 1715 547 1794 baptismi
571 1736 664 1796 aeque
689 1725 805 1778 neutro.
1442 1717 1447 1733 '

220 1821 343 1881 barbam
367 1821 509 1903 bominis,
534 1822 640 1883 barbas
663 1823 811 1903 pecudum
834 1823 924 1884 dices.

220 1928 321 1988 anus
344 1927 433 1988 arbor
457 1932 528 2010 erit,
551 1930 663 1991 buxum
686 1933 808 1992 materia
831 1933 903 2011 ipsa.
980 1972 991 1990 .

93 2055 118 2093 15
221 2032 362 2094 Balneum
390 2042 507 2096 veteres
534 2036 673 2098 dixerunt
702 2040 764 2098 sive
791 2036 955 2098 balineum:
983 2038 1055 2098 nibil
1084 2040 1163 2099 enim
1187 2038 1300 2119 differt,
1329 2038 1435 2099 sedin

131 2142 269 2222 priratis3
298 2145 328 2201 ia
356 2141 484 2222 publicis
512 2153 611 2205 antem
639 2146 772 2205 seminini
800 2146 932 2224 generis,
961 2153 991 2204 et
1019 2144 1139 2231 (pridem
1164 2163 1289 2205 numero
1318 2163 1437 2224 semper

131 2248 238 2327 plurali
262 2251 435 2328 frequenter
459 2249 586 2312 balneas.

220 2354 337 2436 balvae,
360 2355 389 2416 id
413 2365 458 2416 est
483 2356 599 2440 thyrae,
623 2378 677 2438 per
700 2359 719 2419 b
742 2360 891 2438 incipiant.

220 2461 375 2523 baratrum
403 2464 594 2543 singulariter
622 2475 734 2526 tantum
764 2466 895 2526 eliertnr.
939 2467 983 2526 sic
1010 2473 1109 2525 antem
1140 2464 1282 2525 vocabant
1311 2464 1436 2543 gentiles

90 2566 228 2628 aolocnm
253 2569 330 2648 apud
354 2571 475 2631 iuleros.

220 2675 381 2737 Blanditiae
411 2687 441 2738 et
469 2677 568 2759 bigae,
595 2681 673 2739 sicut
695 2687 726 2738 et
754 2680 847 2757 trigae
875 2687 904 2739 at
931 2678 1104 2758 quadrigae,
1132 2677 1285 2757 pluraliter
1313 2684 1436 2737 tantum.

132 2782 182 2842 sed
207 2785 237 2842 in
262 2793 432 2844 nostrornm
456 2784 564 2845 litteris
576 2787 767 2864 ‘scriptorum
791 2792 822 2845 et
844 2784 941 2863 bigam
965 2785 1132 2844 invenimus
1157 2793 1185 2844 et
1210 2783 1392 2862 rpradrigam.

220 2889 299 2949 Cana
322 2899 352 2950 et
376 2890 477 2951 Simon
502 2888 673 2951 Cananaeus
695 2908 751 2970 per
774 2889 936 2969 simplicem
960 2910 991 2973 c,
1020 2890 1155 2951 Cbanaan
1180 2899 1210 2950 et
1234 2889 1341 2950 mulier
1364 2888 1435 2949 (lba-

133 3014 242 3055 uanaea
265 2996 465 3076 adspiratione
489 2997 595 3059 addita.

89 3123 118 3161 aa
221 3102 360 3182 Cynomia
384 3122 474 3183 pery
498 3107 609 3185 scripta
628 3107 762 3166 caninam
782 3123 914 3166 muscam
934 3107 1092 3185 siguificat3
1116 3123 1207 3184 cynos
1228 3105 1307 3164 euim
1331 3122 1436 3183 graece

132 3210 213 3268 cauis
241 3208 363 3270 dicitur:
391 3213 543 3271 coenomia
570 3231 624 3292 per
648 3211 851 3292 diphthongon
874 3231 910 3272 oe
934 3230 1121 3272 communem
1145 3228 1291 3290 n111scam3
1319 3228 1434 3269 coenon

131 3317 210 3376 enim
229 3333 334 3394 graece
354 3335 511 3377 commuue
531 3327 590 3400 est,
613 3319 691 3379 unde
711 3318 887 3379 coenobium
906 3337 921 3378 a
939 3320 1089 3378 communi
1108 3319 1166 3378 rita
1187 3335 1293 3377 nomen
1313 3317 1437 3395 accepit.

131 3422 210 3501 qnod
239 3425 269 3484 iu
298 3424 391 3483 exodo
420 3435 449 3485 et
476 3427 506 3485 in
535 3425 674 3505 psalterio
703 3427 734 3486 in
761 3428 866 3506 primis
895 3425 1157 3486 translatumesse
1188 3423 1377 3503 arbitramur,
1405 3429 1439 3482 ut

132 3532 228 3590 omnis
247 3533 365 3609 generis
383 3550 484 3592 musca
503 3534 730 3615 significaretur,
749 3532 801 3593 sed
820 3530 1011 3592 similitudine
1026 3531 1090 3590 soni
1110 3548 1163 3610 per
1182 3530 1328 3591 incuriam
1343 3528 1437 3588 couti-

92 3656 119 3695 so
132 3638 210 3715 gisse
236 3647 268 3698 nt
292 3641 425 3718 cynomia
448 3658 502 3718 pro
527 3640 679 3700 coenomia
703 3637 895 3699 scriberetur.

222 3742 324 3804 Coitos
352 3744 531 3823 generaliter
560 3747 656 3806 omnis
684 3746 822 3806 coeuntia
852 3747 912 3805 sire
936 3746 1053 3805 itineris
1082 3745 1143 3803 sive
1171 3743 1348 3803 concordiae
1375 3746 1437 3805 sire

133 3849 338 3912 conubiornm.

133 3974 297 3982 ----
302 3976 344 3983 --ο

223 4028 235 4075 1
258 4041 432 4092 quarumque
454 4024 481 4075 P
534 4031 550 4078 4
568 4024 710 4079 Belzebub
726 4041 782 4080 uon
801 4024 929 4080 belzebul
947 4028 997 4079 aut
1013 4023 1151 4080 belzebud
1169 4022 1197 4077 P
1210 4021 1367 4077 Beelzebub
1384 4039 1438 4077 uon

132 4103 260 4159 belsebul
279 4107 328 4158 aut
346 4102 480 4158 belsebud
500 4105 561 4173 (aut
578 4103 713 4159 belzebud
732 4103 767 4170 L)
788 4104 856 4157 ML
927 4103 1022 4158 beliab
1041 4105 1137 4172 priore
1155 4103 1212 4157 loco
1230 4101 1259 4154 P
1325 4108 1439 4168 egrae-

132 4199 196 4237 eum
216 4183 254 4236 M
316 4183 437 4239 chaber
456 4200 525 4238 corr.
544 4182 650 4236 habent
669 4182 697 4235 P
756 4185 922 4237 'lecentra
942 4182 979 4234 M
1040 4179 1203 4250 Sbucinua]
1223 4179 1337 4234 becinus
1357 4180 1394 4232 Μ

133 4261 268 4316 ebecina
284 4265 432 4331 posteriore
451 4264 508 4316 loco
528 4262 565 4315 M
625 4261 760 4316 ceratinia
779 4262 845 4316 ML
865 4263 1033 4317 ΚΕΡΑΤΙΝΙΑ
1052 4261 1080 4314 Ρ
1094 4261 1263 4327 reportans
1322 4260 1441 4312 uocatur

133 4358 232 4411 graece
253 4341 291 4394 M
306 4349 360 4411 gen
378 4345 493 4396 uocatur
514 4341 542 4394 P
609 4347 642 4396 10
662 4343 691 4395 et
708 4341 738 4395 in
757 4340 1012 4410 sollempnitatibus
1031 4339 1059 4392 P
1120 4345 1151 4391 11
1172 4339 1200 4391 ei
1218 4344 1281 4392 nate
1298 4336 1441 4406 baptisma

133 4438 183 4478 oro,
204 4423 241 4475 M
323 4429 356 4475 13
380 4421 498 4475 dicimus
522 4421 560 4474 M
640 4426 672 4474 16
696 4419 725 4473 in
744 4422 894 4488 posteriore
916 4422 973 4476 loco
995 4436 1046 4476 om.
1072 4419 1108 4471 M
1113 4416 1181 4483 PL,
1204 4419 1269 4474 odd.
1295 4419 1441 4474 Charisius

129 4519 159 4570 p.
178 4506 261 4570 99,1
345 4508 377 4555 11
396 4502 557 4570 frequenter
575 4499 689 4554 balneas
707 4517 758 4556 om.
777 4500 803 4552 L
880 4506 913 4554 18
932 4499 1036 4554 Beluae
1054 4498 1084 4553 id
1103 4500 1147 4553 est
1164 4499 1261 4567 thyrae
1282 4499 1319 4551 M
1336 4498 1440 4553 Raibae

134 4580 163 4634 id
182 4584 225 4635 eat
244 4584 325 4650 tyrae
345 4581 374 4634 P
390 4582 494 4636 Beluae
513 4580 541 4634 id
561 4581 697 4636 estserae
715 4579 764 4638 Le
842 4584 874 4633 19
894 4578 1045 4634 efferuntur
1064 4579 1092 4632 P
1167 4583 1200 4631 21
1219 4578 1302 4646 bigae
1321 4577 1393 4632 aient
1411 4580 1441 4633 et

134 4678 184 4716 out.
202 4662 239 4714 M
293 4661 442 4730 pluraliter
456 4663 566 4715 tantum
581 4661 696 4717 effertur
711 4660 740 4715 P
757 4658 903 4729 pluraliter
922 4661 1032 4714 tantum
1051 4658 1202 4714 eliemntur
1221 4673 1237 4716 ς
1291 4664 1325 4711 ‘23
1343 4672 1440 4727 symon

133 4739 311 4794 chananaeus
323 4741 351 4793 P
399 4757 488 4795 canan
498 4746 527 4796 et
541 4741 641 4795 mulier
650 4740 821 4810 aspiratione
835 4739 933 4793 addita
942 4740 1104 4794 chananaea
1114 4739 1141 4792 P
1188 4743 1221 4792 26
1232 4737 1358 4792 Cinomia
1372 4737 1439 4805 peri

136 4822 173 4875 M
226 4820 360 4890 scriptum
375 4821 404 4874 P
454 4821 592 4893 aoeanis]
607 4838 691 4878 canoa
705 4821 734 4876 P
784 4825 818 4874 29
837 4818 1005 4890 significaret
1018 4818 1047 4872 P
1097 4826 1130 4873 31
1146 4816 1441 4875 omniaconeuntiaL
