3316 5474
493 365 541 420 DE
560 365 656 420 ARTE
676 367 787 423 METR.
806 368 854 422 ET
872 368 920 422 DE
941 367 1124 424 ORTHOGR.
1394 369 1456 434 221

154 549 299 628 producta
319 558 386 611 autc
406 550 549 631 vocalem,
571 571 599 631 p.
615 549 701 615 2373
725 552 761 613 de
781 555 917 633 genetivo
942 552 1094 623 nominum
1118 555 1148 614 in
1169 555 1216 614 ius
1239 554 1284 615 vel
1309 557 1371 615 ium
1395 556 1458 615 lini·

156 663 267 736 torum3
296 666 545 719 commentatores
573 657 677 719 bonati
705 659 881 740 Pompeium
908 668 938 720 et
962 659 1017 720 Ser
1048 679 1098 720 um
1127 659 1186 741 bis,
1214 680 1242 740 p.
1266 658 1355 723 2350
1383 661 1419 722 de
1443 682 1460 721 v

155 762 253 822 littera
277 771 308 823 et
330 782 357 843 p.
378 759 464 825 2353
488 763 525 824 de
544 764 753 826 communibus
776 765 908 847 syllabis,
930 766 1030 828 Audon
1051 786 1079 828 m
1103 767 1148 827 vel
1171 768 1347 849 Audacium‚
1371 788 1460 848 quem

155 870 240 951 dicit,
269 890 296 948 p.
322 866 408 930 2363
437 869 473 930 de
502 878 627 931 accentu
655 873 908 953 interiectionum,
932 872 1033 940 Victor
1047 892 1131 954 uum,
1157 875 1185 934 h.
1210 894 1234 935 e.
1265 875 1396 938 libellum
1425 877 1461 937 de

156 979 269 1037 ratione
283 983 448 1037 metrorum
463 977 587 1038 Maximo
602 977 753 1039 Victorino
769 978 927 1060 tributum,
946 999 974 1059 p.
990 975 1074 1041 2371
1096 980 1131 1040 de
1152 980 1311 1062 synalipha‚
1330 982 1458 1044 Mallium

156 1083 344 1144 Theodorum
362 1061 401 1162 p.
426 1081 513 1145 2379
543 1085 579 1145 de
607 1084 732 1145 iambico
756 1095 861 1146 metro.
898 1085 933 1146 ad
958 1086 1054 1147 Servii
1078 1088 1286 1148 centimetrum
1310 1092 1461 1168 pertinent

156 1189 228 1251 haec
251 1210 279 1270 p.
304 1188 400 1272 2380,
421 1199 587 1268 praeterea
610 1200 680 1251 sunt
703 1200 801 1252 metra
825 1196 888 1252 ulio
907 1197 1070 1270 perplura,
1101 1212 1180 1269 quoe
1203 1198 1234 1254 in
1257 1197 1345 1255 libris
1367 1201 1460 1258 centi-

156 1306 321 1357 metrorum
348 1299 534 1374 simplicibus
567 1306 736 1358 monstrutu
764 1303 908 1375 exemplis
941 1304 1068 1376 quisque
1095 1305 1235 1379 reperiet.
1287 1301 1322 1361 ab
1356 1303 1460 1364 iisdem

156 1402 328 1463 auctoribus
347 1405 434 1464 ctiam
455 1422 513 1463 non
532 1402 689 1482 adscriptis
713 1403 882 1465 nominibus
902 1406 993 1467 multa
1012 1418 1132 1487 recepta
1151 1418 1234 1490 sunt,
1257 1428 1273 1468 e
1298 1408 1409 1487 quibus
1428 1430 1461 1471 ea

156 1528 230 1588 quae
250 1513 375 1571 maxime
395 1512 585 1571 consentiunt
603 1509 740 1571 indicatis
759 1510 832 1571 locis
851 1520 985 1573 veterum
1004 1524 1168 1592 auctorum,
1188 1532 1262 1592 quos
1277 1515 1355 1577 Reda
1370 1536 1456 1579 secu·

157 1625 206 1678 tus
234 1625 293 1697 est,
320 1619 350 1676 in
379 1616 561 1695 marginibus
589 1616 727 1678 editionis
756 1618 900 1679 adnotavi.
937 1628 1001 1681 arte
1029 1632 1128 1682 autem
1152 1621 1257 1682 Donati
1285 1641 1352 1683 cum
1382 1641 1460 1683 com-

157 1725 310 1784 mentariis
330 1723 425 1802 Sergii
446 1732 476 1784 et
494 1723 628 1803 Pompeii
647 1731 678 1783 et
701 1725 731 1783 in
754 1727 849 1803 prima
872 1734 956 1804 parte
979 1726 1049 1787 libri
1071 1727 1108 1787 de
1128 1726 1245 1807 syllabis
1264 1737 1295 1789 et
1318 1731 1349 1788 in
1368 1729 1458 1807 altera

158 1848 232 1908 quae
256 1840 303 1891 est
325 1829 361 1890 de
386 1830 556 1890 hexametro
576 1849 664 1909 saepe
683 1849 756 1891 usus
776 1839 829 1892 est.
867 1851 902 1892 ex
921 1832 1009 1893 Mallii
1029 1833 1178 1894 Theodori
1202 1834 1278 1895 libro
1301 1836 1338 1895 de
1358 1839 1460 1897 metris

158 1955 225 1996 cum
249 1936 391 2015 quaedam
416 1936 452 1996 de
476 1935 684 1998 communibus
707 1936 827 2016 syllabis
849 1957 877 2018 p.
897 1934 984 2000 2354
1008 1939 1097 1999 etde
1120 1938 1293 2012 hexametro
1312 1952 1342 2003 et
1360 1952 1461 2022 penta·

158 2051 253 2103 metro
281 2062 307 2122 p.
333 2039 419 2103 2365
448 2050 510 2103 tum
540 2043 667 2122 plurima
695 2062 770 2122 quae
800 2046 830 2105 in
854 2046 941 2105 tertia
964 2053 1048 2124 parte
1073 2065 1100 2125 p.
1125 2044 1212 2109 2376
1228 2067 1291 2128 sqq.
1315 2049 1351 2110 de
1375 2052 1463 2110 variis

158 2160 321 2211 metrorum
345 2148 505 2228 generibus
528 2149 668 2229 leguntur
691 2153 782 2230 petita
802 2159 879 2211 sunt.
917 2150 1065 2212 Audacem
1090 2152 1352 2215 descensionibus
1375 2155 1462 2215 hexa-

158 2260 245 2318 metri
272 2277 300 2336 p.
324 2253 420 2335 2368,
452 2258 488 2317 de
517 2275 657 2317 mensura
687 2276 713 2318 r.
741 2260 825 2318 reice
851 2276 879 2337 p.
907 2254 995 2318 2372
1022 2266 1053 2318 et
1079 2277 1104 2318 v.
1136 2278 1218 2335 aquo
1245 2253 1273 2340 pl
1297 2257 1398 2343 2375,
1427 2262 1463 2322 de

158 2363 296 2443 rhythmo
320 2373 350 2424 et
373 2372 468 2424 metro
491 2383 518 2443 p.
543 2360 631 2425 2380
654 2373 775 2425 secutus
799 2372 852 2425 est.
890 2374 1009 2444 praeter
1039 2365 1094 2426 hos
1117 2365 1153 2426 de
1177 2386 1317 2429 mensura
1340 2368 1462 2448 syllaba·

160 2477 225 2530 rum
250 2472 279 2529 in
303 2473 407 2548 primis
432 2489 504 2531 usus
528 2479 575 2531 est
604 2470 710 2531 libellis
733 2471 769 2532 de
793 2471 911 2551 syllabis
940 2471 1089 2554 frnalibus,
1117 2475 1169 2551 qui
1193 2473 1287 2535 Servii
1311 2484 1341 2536 et
1363 2475 1459 2536 Victo·

160 2578 217 2635 rini
240 2575 409 2637 nominibus
433 2579 569 2656 inscripti
592 2577 744 2657 seruntur,
767 2576 895 2656 denique
919 2597 954 2639 ex
974 2577 1100 2639 Charisii
1123 2597 1242 2659 quoque
1263 2588 1294 2640 et
1312 2580 1462 2642 Diomedis

160 2681 243 2742 libris
266 2701 358 2762 pauca
382 2686 503 2763 recepit.
541 2684 706 2745 Charisium
731 2685 864 2745 enimin
888 2687 924 2745 iis
948 2704 1023 2764 quac
1047 2685 1084 2746 de
1107 2705 1132 2745 v.
1153 2691 1292 2748 torculur
1315 2699 1345 2749 et
1365 2693 1462 2766 pulvi-

160 2809 219 2849 παν
238 2810 264 2869 p.
281 2786 367 2850 2759
396 2799 425 2851 et
444 2791 479 2851 de
500 2791 601 2872 regula
620 2790 725 2852 Lucilii
744 2793 774 2851 in
794 2791 963 2853 nominibus
982 2795 1013 2853 in
1033 2795 1080 2853 ius
1099 2792 1144 2854 vel
1163 2796 1224 2855 ium
1243 2796 1334 2856 fluitis
1354 2799 1463 2876 scripta

160 2906 229 2957 sunt
252 2916 280 2976 p.
299 2894 386 2958 2373
406 2906 527 2959 secutus
546 2907 600 2959 est.
637 2917 653 2959 a
672 2897 813 2959 Diomede
833 2908 931 2960 autem
950 2900 1224 2961 commentariolum
1244 2901 1281 2962 de
1302 2902 1462 2980 generibus

160 3006 325 3063 carminum
347 3006 376 3063 in
401 3005 459 3065 bne
482 3004 550 3066 libri
574 3006 718 3084 scriptum
742 3008 864 3085 recepit.

248 3109 328 3170 Alios
346 3119 481 3172 veterum
499 3115 758 3191 grammaticorum
778 3111 870 3172 libros
888 3121 1007 3191 praeter
1026 3131 1078 3174 eos
1097 3131 1172 3191 quos
1196 3114 1256 3175 dixi
1279 3135 1295 3175 a
1314 3116 1392 3177 Beda
1412 3117 1464 3177 ad-

160 3216 270 3277 hibitos
293 3236 357 3278 esse
382 3236 441 3278 non
470 3220 581 3299 inveni,
610 3237 707 3296 neque
731 3218 891 3297 quidquam
915 3221 1049 3299 omnino,
1077 3220 1156 3298 qnod
1185 3221 1305 3299 quidem
1329 3241 1364 3283 ex
1388 3225 1460 3284 anti·

162 3326 265 3402 quiore
285 3325 419 3385 doctrina
442 3328 566 3405 petitum
587 3328 639 3407 sit,
663 3325 740 3405 apud
763 3343 832 3386 eum
856 3325 981 3407 legitor,
1005 3325 1083 3405 quod
1107 3346 1166 3387 non
1186 3329 1216 3387 in
1235 3327 1281 3388 his
1305 3328 1389 3390 libris
1413 3332 1463 3409 qui

161 3449 240 3492 nunc
260 3440 361 3493 extant
384 3434 558 3515 inveniatur>
596 3435 695 3511 itaque
716 3450 783 3493 cum
803 3431 838 3493 ad
863 3433 1028 3512 supplenda
1046 3442 1180 3496 veterum
1204 3439 1464 3514 grammaticorum

161 3549 317 3619 praecepta
346 3538 418 3601 nihil
446 3543 514 3601 novi
541 3539 589 3600 hic
617 3538 692 3600 liber
720 3541 835 3622 alferat,
865 3542 895 3600 in
924 3547 987 3602 arte
1011 3543 1212 3602 recentiorum
1241 3551 1395 3622 poetarum
1419 3542 1464 3602 vel

162 3645 372 3707 modernorum
398 3649 642 3727 versificatorum,
670 3665 745 3726 quos
774 3648 837 3726 ipsc
861 3646 933 3707 dicit
955 3666 983 3726 p.
1007 3643 1112 3729 2354,
1140 3649 1345 3727 cognoscenda
1368 3651 1465 3709 omnis

163 3752 224 3812 lere
248 3755 313 3813 eius
336 3753 447 3815 utilitas
469 3757 564 3834 posita
588 3762 641 3817 est.
679 3773 746 3815 nam
770 3753 806 3814 ad
829 3755 936 3816 horum
960 3773 1048 3815 usum
1071 3774 1104 3814 ea
1132 3774 1207 3834 quae
1230 3755 1266 3816 ab
1290 3758 1464 3836 antiquiori-

163 3857 219 3918 bus
242 3870 397 3939 acceperat
420 3862 651 3922 accommodavit
674 3879 838 3940 eorumque
863 3880 967 3922 versus
990 3861 1157 3941 adscripsit.
1194 3879 1229 3920 ex
1257 3861 1303 3921 his
1332 3864 1463 3922 nomina·

163 3969 215 4027 tim
244 3966 399 4046 appellavit
426 3967 496 4049 hos,
523 3968 698 4042 Iuvencum,
726 3967 929 4050 Ambrosium,
956 3968 1167 4048 Prudentium,
1194 3967 1363 4050 Paulinum,
1391 3968 1465 4028 Pro·

76 4146 79 4151 .
163 4092 297 4155 sperum,
333 4074 499 4155 sedulium,
535 4073 711 4135 Venantium
745 4075 954 4154 Fortunatum,
989 4075 1152 4136 Aratorem.
1197 4075 1288 4136 semel
1318 4096 1346 4156 p.
1377 4071 1466 4136 2380

162 4180 320 4242 l'orlirium
343 4183 517 4261 nominavit,
548 4181 599 4241 sed
624 4183 689 4241 eius
712 4189 861 4260 tamquam
891 4183 995 4261 pagani
1019 4201 1051 4242 se
1074 4185 1220 4242 rationem
1243 4201 1302 4242 non
1325 4180 1464 4241 habuisse

163 4288 242 4348 dicit.
279 4290 309 4347 in
329 4287 465 4366 plurimis
479 4295 576 4346 tamen
592 4285 735 4365 exemplis
754 4285 863 4365 quibus
882 4304 956 4346 usus
973 4294 1031 4367 est,
1050 4289 1168 4347 nomina
1187 4296 1341 4366 poetarum
1356 4288 1464 4346 omisit.

164 4394 215 4453 sed
239 4393 312 4454 haec
335 4396 432 4454 omnia
455 4393 594 4470 indagare
617 4401 648 4453 et
671 4410 707 4452 ex
730 4391 839 4470 quibus
867 4391 940 4451 locis
964 4392 1095 4470 quidque
1122 4394 1248 4471 petitum
1272 4394 1311 4453 sit
1333 4392 1464 4452 indicare

164 4510 197 4560 ut
224 4501 344 4580 longum
368 4508 398 4560 et
426 4498 582 4560 molestum
606 4508 683 4580 erat,
710 4501 751 4560 ita
779 4501 809 4559 in
838 4498 894 4559 boc
922 4517 1032 4577 genere
1056 4501 1235 4577 scriptorum
1263 4518 1368 4579 parum
1392 4499 1464 4560 utile

164 4626 230 4668 esse
259 4607 420 4667 videbatur.
458 4624 550 4684 quare
578 4606 660 4668 nolui
687 4608 717 4666 in
745 4605 792 4666 his
820 4605 943 4666 eandem
971 4624 1105 4685 operam,
1133 4623 1221 4683 quam
1247 4605 1465 4685 antiquioribus

157 4714 360 4794 'scriptoribus
384 4715 531 4795 praestiti,
555 4713 713 4794 collocare,
741 4713 794 4774 sed
817 4713 958 4793 pleraque
981 4731 1041 4773 non
1064 4711 1201 4773 indicatis
1225 4713 1396 4775 auctoribus
1420 4712 1466 4772 rel

164 4820 237 4880 locis
260 4840 276 4880 e
301 4820 408 4900 quibus
431 4823 522 4900 petita
546 4827 616 4882 sunt
639 4817 768 4881 exhibui.
815 4830 820 4841 ·
