3316 5474
701 375 891 434 uxeenera
1374 373 1436 440 311

138 492 160 532 p.
174 486 206 525 to.
220 484 245 522 41
261 481 291 522 Η.

140 563 244 650 ‘ergo’,
268 577 301 629 ut
324 563 443 628 ‘illius
462 585 546 646 ergo
570 559 758 647 venimus',
781 565 859 644 quod
883 573 1006 644 propter
1030 563 1197 624 distantiam
1221 564 1439 624 coniunctionis

138 660 234 754 ‘ergo'
254 676 283 734 in
303 677 468 754 posteriore
487 673 595 754 syllaba
615 672 858 734 circumflectitur
873 720 880 734 .
895 672 960 732 illae
976 689 1094 751 quoque
1113 670 1274 751 particulae
1294 669 1438 731 notandae

139 789 222 861 sunt,
255 799 313 860 que
346 800 380 842 re
409 800 461 863 no,
500 800 575 860 quae
603 798 721 860 semper
748 779 812 840 aliis
839 778 974 859 partibus
1000 778 1234 859 subiunguntur,
1271 787 1304 838 ut
1331 772 1440 836 ‘arma

137 883 343 967 virumque'
360 898 390 948 et
405 882 552 967 ‘quidve
571 881 711 947 dolens’
727 881 887 947 et‘mene
906 888 1054 965 incepto
1073 884 1254 946 desistere
1273 878 1440 944 vietam'.

97 1010 111 1049 1
138 1012 214 1073 quae
242 993 322 1054 illam
352 997 510 1056 novitatem
539 994 661 1075 babent,
695 1003 727 1054 ut
759 1002 790 1054 et
820 995 901 1072 ipsae
934 993 1081 1072 fastigium
1114 991 1240 1072 perdant
1267 1001 1297 1052 et
1324 991 1440 1052 illarum

137 1103 281 1181 partium,
305 1101 414 1180 quibus
437 1101 613 1163 subiunctae
636 1109 719 1181 sunt,
746 1099 922 1160 levationem
945 1101 977 1159 in
1000 1101 1174 1160 novissimas
1197 1099 1322 1180 syllabas
1345 1109 1439 1159 trans·

139 1209 237 1269 lerant
269 1256 276 1269 .
311 1207 393 1269 verbi
425 1211 517 1289 gratia
550 1201 678 1268 ‘virum'
710 1209 741 1268 in
773 1209 872 1286 priore
906 1208 1035 1288 aeuitur,
1067 1200 1246 1286 ‘virumque'
1279 1216 1378 1267 autern
1410 1209 1440 1266 in

140 1318 305 1395 posteriore
329 1318 469 1397 erigitur,
497 1332 571 1395 quae
599 1316 657 1375 iarn
681 1333 741 1375 nou
764 1315 925 1394 posterior,
955 1311 1007 1373 sed
1032 1312 1126 1373 media
1149 1316 1240 1374 trium
1264 1313 1441 1394 syllabarum

139 1426 170 1483 in
202 1441 295 1483 unum
328 1423 514 1484 redactarum
548 1424 697 1501 reperitur
726 1470 733 1483 .
760 1423 983 1482 interiectiones
1015 1439 1130 1503 omnes,
1164 1423 1233 1500 quia
1264 1420 1301 1480 de
1333 1439 1440 1499 graeco

100 1545 126 1584 m
140 1548 277 1590 sermone
302 1533 428 1590 mutuati
451 1548 569 1604 sumus,
597 1528 663 1589 ideo
687 1531 717 1589 in
741 1530 909 1589 novissimis
933 1526 1051 1608 syllabis
1075 1528 1224 1606 fastigium
1247 1529 1380 1610 capiunt,
1408 1537 1441 1588 ut

138 1654 244 1718 papae,
274 1645 360 1719 attat,
386 1636 486 1719 ehem,
510 1645 541 1697 et
563 1645 679 1697 ceterae
703 1636 838 1697 similiter
865 1635 910 1696 vel
938 1644 1058 1696 aeutum
1087 1633 1132 1694 rel
1160 1633 1383 1695 eireumllexum
1406 1637 1437 1694 in

140 1744 242 1805 ultima
266 1753 397 1805 sumunt.

607 1935 666 2000 Du
690 1933 972 2001 BARBARISMO

229 2082 305 2153 0111
331 2090 377 2142 est
400 2078 623 2142 barbarismus?
658 2081 754 2143 Dietio
776 2083 880 2143 vitiosa
900 2128 906 2140 .
926 2080 998 2140 baeu
1022 2089 1121 2140 autem
1144 2079 1276 2142 delinitio
1299 2090 1329 2141 et
1352 2099 1439 2160 gene·

102 2213 126 2249 1
141 2189 210 2249 ralis
237 2198 283 2249 est
311 2198 340 2249 et
369 2188 517 2271 specialis,
549 2191 617 2268 quia
649 2188 740 2250 dietio
773 2196 803 2250 et
835 2196 972 2249 contexta
1005 2189 1098 2247 oratio
1131 2197 1161 2248 ot
1194 2206 1251 2248 trna
1279 2206 1348 2268 pars
1376 2189 1440 2249 eius

139 2297 322 2376 intellegitur
346 2343 352 2356 .
376 2295 559 2357 consuetudo
583 2305 680 2356 autom
705 2295 784 2356 lrunc
807 2304 921 2356 tantum
941 2292 1156 2355 barbarismum
1176 2294 1315 2376 appellat,
1338 2299 1389 2375 qui
1409 2296 1440 2356 tit

139 2407 169 2464 in
190 2424 247 2465 una
267 2412 350 2484 parte
370 2404 513 2463 orationis
533 2449 539 2462 .
558 2401 759 2463 barbarismus
778 2404 870 2481 igitur
888 2419 946 2462 una
967 2409 1012 2461 est
1030 2420 1099 2481 pars
1117 2404 1259 2462 orationis
1278 2413 1439 2482 corrupta.

140 2510 190 2571 sed
219 2510 276 2570 hoc
304 2511 407 2569 vitium
435 2511 465 2568 in
495 2507 590 2569 soluta
619 2511 751 2569 oratione
779 2506 982 2569 barbarismus
1007 2504 1012 2588 Ι
1037 2518 1172 2590 vocatur,
1200 2519 1333 2570 11111111
1362 2509 1438 2589 apud

140 2624 241 2697 poetas
269 2615 477 2695 metaplasmus
506 2614 626 2676 dieitur.
667 2613 872 2676 barbarismus
901 2614 931 2675 et
962 2613 1162 2676 barbarolexis
1194 2616 1264 2695 quid
1298 2619 1375 2677 inter
1407 2636 1438 2677 se

102 2745 128 2783 ao
142 2720 304 2786 differunt?
327 2722 412 2794 Quod
431 2721 632 2782 barbarismus
646 2722 680 2780 ut
692 2724 722 2780 in
737 2730 838 2781 nostra
853 2720 994 2804 loquella,
1012 2720 1211 2782 barbarolexis
1226 2725 1256 2783 in
1270 2726 1440 2803 peregrina:

140 2848 208 2891 nam
233 2828 433 2891 barbarolexis
455 2827 580 2888 barbara
603 2828 693 2888 dictio
716 2835 914 2907 nuncupatur.

229 2935 309 3006 Quot
331 2933 426 2995 modis
449 2933 483 2993 fit
504 2929 728 2995 barbarismus?
764 2932 925 3013 Quattuor,
947 2932 977 2994 id
1000 2944 1047 2994 est
1069 2934 1233 2996 adiectione
1256 2936 1438 2998 detractione

139 3013 335 3104 inmutatione
364 3042 609 3103 transmutatione
633 3061 641 3102 ε
664 3058 730 3101 nam
759 3048 810 3100 ant
836 3039 926 3099 adicit
952 3049 1003 3100 aut
1031 3040 1158 3101 detrabit
1190 3051 1240 3103 aut
1268 3053 1361 3104 mutat
1388 3054 1439 3104 aut

140 3156 317 3210 transmutat
344 3148 471 3209 litteram
500 3145 638 3226 syllabam
669 3156 786 3226 tempus
813 3146 1042 3225 adspirationem
1065 3156 1219 3208 accentum
1244 3199 1250 3212 .
1274 3151 1438 3211 adiectione

100 3279 125 3318 es
140 3259 248 3335 quippe
276 3254 391 3316 litterae
421 3256 452 3314 irt
480 3253 694 3335 barbarismus,
726 3260 761 3314 ut
792 3252 962 3314 audiveram
994 3271 1048 3332 pro
1081 3253 1230 3314 audieram
1264 3264 1293 3316 et
1325 3255 1439 3336 legites,

228 3443 469 3499 tinterieetioues
488 3475 520 3483 -
541 3450 574 3498 11
593 3443 707 3499 sumunt
728 3441 807 3497 Beda
824 3442 858 3497 de
875 3446 928 3497 art.
946 3446 1020 3498 nutr.
1043 3443 1213 3511 2411111111
1232 3443 1438 3499 interiectiouea

139 3526 171 3578 ut
188 3523 327 3578 Audacius
346 3524 397 3590 ait,
420 3523 486 3592 quia
504 3522 539 3578 (11
557 3538 730 3593 3111111111.

229 3720 350 3791 lillius]
376 3720 452 3790 Vere.
472 3721 541 3775 Aen.
566 3717 612 3772 VI
629 3722 685 3773 070
756 3721 854 3773 2euut
872 3718 994 3774 notanda
1012 3720 1050 3774 M
1118 3723 1243 3794 3arma]
1271 3723 1346 3794 Verp.
1365 3724 1436 3781 Aea.

141 3799 162 3852 Ι
180 3805 194 3853 1
267 3804 333 3854 411
355 3801 476 3868 quidone
498 3800 526 3853 Β
550 3801 582 3853 11
604 3796 725 3879 quiduae
750 3798 787 3851 M
810 3798 913 3867 quidue
938 3797 980 3852 F:
1005 3800 1083 3872 Verp,
1105 3803 1174 3856 Aen.
1199 3803 1220 3856 Ι
1240 3809 1258 3857 9
1343 3803 1435 3873 mene]

145 3878 309 3948 71111111.
330 3881 351 3933 I
367 3884 403 3933 37
492 3878 567 3933 11111
595 3875 634 3931 Μ
718 3878 877 3950 tiliarum]
902 3879 1020 3935 aliarum
1046 3883 1074 3935 Β
1163 3888 1179 3936 6
1203 3882 1349 3938 subiuncta
1371 3888 1437 3938 sunt

138 3959 219 4028 leque
239 3961 377 4015 actionem
398 3960 435 4013 M
503 3965 518 4013 't
539 3957 659 4028 gratiam
678 3957 715 4011 M
783 3957 812 4013 in
830 3959 917 4028 priori
937 3960 974 4012 M
1044 3960 1073 4014 iu
1096 3960 1249 4029 posteriore
1273 3963 1389 4034 erigitur
1408 3963 1438 4015 F

137 4041 167 4094 in
185 4041 334 4111 posteriori
352 4041 470 4111 erigitur
485 4041 521 4094 M
533 4039 563 4093 in
576 4039 731 4109 posteriora
745 4039 870 4108 erigatur
883 4037 911 4090 Β
982 4043 998 4091 8
1016 4039 1109 4094 media
1126 4041 1223 4111 trium]
1243 4042 1435 4096 mediarumB

174 4121 238 4175 ain
265 4139 351 4174 unum
377 4120 555 4175 reductorum
582 4120 738 4188 repperitur
756 4118 786 4171 F
807 4119 837 4173 in
863 4136 930 4172 num
958 4120 1135 4175 reducturum
1158 4126 1322 4191 repperetur
1346 4124 1384 4176 M
1406 4123 1435 4176 in

138 4218 223 4255 unum
241 4200 418 4255 redacturum
440 4198 595 4269 repperitur
613 4200 641 4252 Β
660 4240 666 4253 .
685 4199 792 4266 reliqua
809 4199 842 4253 in
859 4198 890 4252 F
906 4201 1005 4254 omissa
1022 4206 1087 4255 aunt
1159 4203 1227 4269 quia
1244 4203 1272 4255 Β
1290 4220 1344 4272 qua
1365 4203 1402 4256 M

139 4288 169 4334 11
191 4298 280 4351 papae
299 4281 394 4335 atthat
412 4280 465 4333 hoe
483 4278 547 4331 hem
566 4279 596 4331 et
614 4280 708 4333 cetera
723 4279 760 4331 M
771 4296 844 4349 pape
862 4282 893 4333 11
909 4283 989 4348 (corr.
1004 4281 1162 4350 1111111111
1181 4284 1246 4337 hem
1259 4286 1289 4337 11
1302 4286 1393 4337 cetere
1407 4283 1435 4336 Β

190 4360 218 4414 11
246 4361 346 4415 ultimo
363 4359 435 4412 BM
450 4363 474 4412 et
492 4357 571 4411 Beda
661 4361 694 4410 13
722 4356 770 4412 ΒΕ
798 4357 1035 4415 BARBARISMO
1062 4378 1112 4416 om.
1136 4363 1206 4416 ΒΜ
1232 4365 1317 4417 unius
1343 4379 1436 4417 aereae

136 4442 226 4509 spatio
252 4443 345 4496 relicto
371 4441 403 4494 iu
430 4440 466 4504 Β,
494 4453 551 4491 nou
577 4437 700 4491 iudicato
726 4456 812 4494 noaue
836 4441 927 4508 partia
953 4442 1035 4495 initio
1058 4443 1090 4496 a'n
1114 4443 1149 4496 M
1229 4450 1261 4496 14
1284 4442 1432 4513 generalia]

137 4520 246 4588 generis
266 4522 303 4574 M
375 4526 407 4573 11
427 4518 504 4588 quia]
524 4533 595 4587 quae
615 4517 652 4570 M
723 4527 756 4575 16
775 4521 921 4591 appellant
939 4537 993 4589 qua
1011 4522 1043 4574 fit
1062 4522 1100 4575 M
1170 4529 1202 4576 18
1221 4522 1286 4593 hoe]
1309 4523 1379 4577 baec
1399 4524 1436 4578 M

174 4607 206 4655 19
226 4601 428 4671 maetaplaama
447 4599 548 4654 dicitur
568 4600 605 4653 M
625 4600 825 4669 metaplasmus
848 4600 951 4656 dicitur
973 4617 1040 4655 uera
1062 4601 1090 4653 Β
1161 4607 1196 4655 10
1215 4600 1379 4657 differuntur
1399 4602 1436 4655 M

171 4685 268 4736 nostra
285 4699 334 4738 om.
354 4682 390 4748 Β,
408 4682 472 4736 add.
494 4681 531 4734 M
600 4685 632 4733 at
653 4697 718 4735 uam
731 4697 782 4737 orn.
797 4682 842 4748 M,
855 4683 920 4737 odd.
934 4682 961 4735 Β
1032 4686 1066 4734 23
1085 4680 1319 4736 transmutatione
1333 4698 1383 4738 om.
1396 4681 1433 4751 Β,

137 4763 201 4818 add.
222 4765 260 4817 M
330 4770 364 4816 24
383 4761 567 4817 adiectionem
586 4761 689 4831 quidpe
708 4761 801 4817 littere
819 4760 853 4814 fit
869 4761 897 4814 Β
916 4761 1071 4817 adiectione
1090 4760 1193 4830 quippe
1212 4762 1258 4816 uel
1276 4763 1309 4816 fit
1327 4763 1364 4817 M

137 4849 171 4897 25
190 4845 222 4897 ut
240 4842 415 4912 audiveram]
434 4844 483 4896 111
501 4841 662 4897 audiueram
683 4841 721 4895 M

189 4952 344 4982 uaunrrcr
358 4950 444 4980 naam
457 4949 501 4982 vn.
1186 4935 1222 4985 24
