3316 5474
556 376 731 431 exsucti
749 375 1016 433 ELOCVTIONVM
1369 371 1436 438 465

134 476 312 525 pmmn
727 472 731 478 '
959 486 961 490 ’

225 561 316 622 Decet
340 571 383 642 te,
407 561 466 622 Cic.
489 560 594 642 Philip.
618 561 643 622 ll
667 564 772 637 (820)
796 581 897 642 quam
921 563 954 623 id
980 572 1026 643 te,
1049 561 1101 622 dii
1124 561 1220 642 honi,
1243 579 1310 622 non
1335 561 1437 621 dece·

135 669 195 730 het
228 717 234 729 .
268 668 353 730 dccet
387 669 452 744 tibi,
486 668 542 729 Sal.
576 668 643 729 hist.
676 668 687 728 l
720 669 836 731 locum
869 669 1061 731 editiorem
1098 687 1198 748 quum
1236 669 1438 730 victoribus

136 776 288 837 decehnt
311 780 420 858 cupit,
443 776 510 837 Ter.
534 776 627 836 hdell.
651 777 698 847 (V
717 778 784 852 8,5)
807 779 856 839 its
880 777 983 838 nohis
1006 777 1120 838 dccet.

226 883 352 945 Dimidio
375 884 485 964 pluris,
507 883 536 943 id
561 893 608 944 est
630 884 734 966 duplo,
757 885 816 945 Cic.
842 886 980 946 hument.
1005 888 1051 958 (in
1078 885 1438 959 l⁷err.11132,75sqq.)

96 1002 109 1040 ⁵
137 991 173 1051 de
197 991 331 1052 decumis
353 989 576 1052 Herbitensium
599 1009 654 1071 per
676 993 855 1074 triennium,
883 1011 951 1053 cum
978 994 1074 1072 primo
1102 1010 1178 1052 enno
1202 991 1337 1052 vendites
1360 990 1439 1052 dicet

137 1100 228 1158 tritici
251 1098 357 1158 modiis
381 1097 471 1177 XVlll
504 1097 636 1179 milibus,
664 1099 795 1159 secundo
825 1101 918 1160 tritici
946 1099 1052 1159 modiis
1084 1097 1161 1157 XXV
1189 1098 1307 1160 milihns
1335 1098 1439 1179 DCCC,

136 1222 213 1265 enno
259 1206 348 1264 tertio
398 1207 614 1285 supreisciente
659 1206 841 1268 Aeschrione
886 1207 1020 1268 vendites
1065 1206 1137 1266 dicit
1177 1207 1334 1268 medimnis
1376 1205 1441 1269 VllI

136 1310 255 1372 milibus
288 1320 422 1392 centum,
454 1312 483 1372 id
513 1320 559 1373 est
586 1311 693 1373 modiis
719 1311 837 1372 XLVlll
864 1312 984 1374 milibus
1015 1312 1076 1392 hu,
1107 1312 1196 1393 dupla
1229 1331 1343 1373 summe
1370 1315 1439 1373 enni

135 1422 278 1499 proximi,
324 1419 508 1481 addicitur
553 1421 741 1480 medimnis
787 1418 864 1479 Vlll
910 1418 1055 1481 milibus
1101 1420 1123 1481 C
1169 1419 1317 1480 dimidio
1362 1421 1438 1480 lere

96 1537 122 1576 1⁰
135 1525 251 1605 pluris
283 1543 384 1606 quem
417 1529 609 1606 superiore
642 1544 732 1586 enno
760 1546 768 1587 :
795 1525 875 1586 idem
904 1544 959 1606 pro
990 1525 1095 1587 Flacco
1124 1527 1254 1600 (MAI)
1286 1526 1440 1587 habehat

136 1633 228 1691 enim
252 1632 377 1693 rhetor
400 1635 469 1695 Istc
498 1633 712 1715 discipulos,
740 1652 828 1713 quos
857 1632 1006 1694 dimidio
1034 1634 1206 1695 redderet
1233 1633 1438 1708 stultiores,

136 1757 238 1819 quem
268 1724 471 1822 acceperst3
499 1743 674 1802 neminem
705 1740 940 1801 temensdeo
968 1741 1149 1802 infatuare
1177 1742 1309 1822 potuit,
1342 1748 1379 1801 ut
1406 1743 1439 1801 ei

136 1864 314 1908 nummum
336 1848 576 1909 concrederet
599 1895 606 1908 .

225 1954 306 2014 Dedo
325 1954 366 2015 illi
386 1958 443 2030 rei,
466 1954 925 2036 Cic.proCaelio(19,47)hic
948 1958 978 2017 si
1001 1975 1037 2017 se
1060 1958 1124 2018 isti
1147 1959 1240 2017 vitae
1264 1956 1440 2038 dedisset,

97 2072 123 2111 1⁶
137 2060 222 2141 Verg.
237 2079 336 2141 georg.
351 2061 404 2122 llll
419 2063 493 2138 (90)
516 2062 605 2124 dede
628 2065 708 2124 neci
724 2110 731 2123 .
745 2062 821 2124 dedo
843 2066 875 2125 In
899 2064 976 2126 illem
999 2084 1078 2146 rem,
1100 2065 1168 2125 Ter.
1183 2064 1292 2125 Andria
1307 2064 1439 2138 (1228)

138 2187 282 2230 caesum
311 2179 345 2230 te
373 2172 407 2230 in
436 2173 644 2252 pristinum,
673 2170 777 2251 llere,
804 2170 928 2232 dedam
951 2171 1019 2253 [per
1042 2170 1161 2248 vitium]
1186 2218 1192 2230 .
1215 2170 1291 2231 dedo
1315 2170 1351 2231 sd
1374 2169 1440 2252 hoc,

139 2269 143 2359 Ι
169 2275 229 2336 Cic.
256 2294 311 2355 pro
339 2276 405 2337 Cor.
429 2277 455 2338 ll
484 2278 523 2338 sd
551 2279 796 2340 mlserrImum
823 2277 1189 2358 crudelissimumque
1216 2278 1439 2339 domiontnm

137 2418 348 2426 ..-—...-—.-

227 2485 317 2539 Codex
336 2486 482 2541 Par-rhesii
517 2486 702 2558 estiment]
725 2485 881 2543 Oommsnt
953 2487 1074 2542 sxvul
1092 2482 1218 2559 milibus]
1237 2485 1341 2541 XLlllI
1359 2490 1404 2551 ὦ

137 2573 152 2621 1
173 2584 258 2636 snpra
275 2566 384 2622 iacente
409 2568 553 2623 eschrione
576 2567 705 2624 vendites
728 2567 826 2622 dicunt
847 2566 996 2623 medimnis
1014 2568 1067 2622 IIII
1086 2569 1152 2623 mib'
1171 2570 1282 2623 centum
1300 2565 1319 2620 ‘c
1339 2566 1439 2622 modiis

136 2646 238 2700 XLVII
258 2645 369 2700 milibus
388 2646 473 2702 dctis:
493 2646 581 2717 dupla
652 2646 766 2719 tisoni]
785 2664 848 2701 cum
930 2653 963 2702 10
987 2645 1086 2701 dimidi
1108 2647 1166 2702 iere
1248 2652 1280 2700 12
1299 2645 1439 2700 nenimem

180 2731 212 2779 14
230 2724 279 2780 isti
296 2726 383 2799 ritus]
403 2727 484 2784 istius
501 2727 565 2783 vise
639 2733 672 2782 16
691 2726 811 2797 pistrinis
829 2744 898 2784 corr.
917 2727 1038 2798 pristinis
1056 2729 1148 2783 eudem
1165 2744 1264 2796 manu,
1282 2731 1314 2781 ut
1331 2727 1440 2782 ridetur

111 2913 113 2918 ⁸
229 2925 361 2996 lDecet]
382 2924 456 2979 Sero.
474 2926 508 2979 in
531 2924 609 2994 Verp.
627 2926 696 2980 Aen.
722 2924 810 2979 VIII
824 2928 894 2981 127*
963 2923 1055 2979 scic.
1078 2923 1108 2979 in
1126 2923 1321 2979 emmenum
1340 2924 1439 2978 Maius

137 3007 169 3059 in
187 3007 304 3060 editione
324 3006 528 3062 Mediolanensi
547 3051 553 3063 .
574 3006 647 3060 ‘trec
662 3007 738 3062 codd.
757 3008 905 3062 comment
921 3023 974 3076 pro
992 3003 1186 3060 frumentsris'
1207 3005 1350 3060 adnotavit
1368 3006 1439 3060 iden

135 3087 168 3140 in
190 3087 306 3140 editione
324 3085 452 3140 Romano
474 3127 481 3139 .
507 3086 662 3142 ‘Cornelius
684 3087 793 3142 Fronto
815 3085 1019 3141 Grammaticus
1041 3087 1074 3140 in
1096 3086 1225 3155 eseernplis
1248 3085 1438 3151 elocuti0num,

137 3168 251 3222 adducit
269 3168 301 3220 in
317 3182 379 3220 voce
397 3164 533 3234 Dimidio,
560 3168 698 3225 Ciceronis
719 3167 814 3233 ends,
841 3184 876 3222 en
898 3167 981 3233 libro,
1005 3182 1081 3236 quens
1102 3165 1169 3220 Tiro
1191 3165 1327 3220 trilucem
1344 3167 1438 3235 edidit,

136 3251 168 3299 ut
194 3247 290 3301 scrihit
320 3245 527 3315 Quinctilicnus
545 3248 591 3305 ish.
620 3249 652 3303 X
676 3248 841 3317 inscriptum
859 3245 1066 3302 Commentsriu
1093 3261 1252 3312 cucurum
1279 3263 1314 3301 en
1340 3248 1440 3315 quihus

135 3335 209 3383 totus
226 3328 271 3380 hic
288 3328 321 3380 de
344 3326 549 3381 Herbitensiurn
576 3330 695 3384 decumis
720 3330 795 3384 locres
821 3329 925 3398 compi
950 3332 1044 3396 potest.
1082 3331 1147 3380 sunt
1172 3330 1262 3380 autern
1288 3327 1353 3380 haec
1370 3347 1379 3379 :
1397 3327 1439 3382 De

137 3407 261 3463 decumis
289 3406 497 3461 Herbitensium
524 3425 574 3477 per
601 3408 751 3464 triennium
780 3425 843 3463 cnm
875 3408 965 3479 primo
993 3423 1066 3461 enno
1093 3405 1222 3462 vendites
1248 3406 1325 3462 dicut
1351 3407 1439 3463 tritici

136 3488 259 3544 modium
278 3486 389 3542 XLIIII.
401 3486 536 3542 'Secundo
556 3489 644 3544 tritici
661 3488 785 3544 modium
803 3487 888 3543 XXV.
903 3487 1016 3543 milibus
1029 3483 1129 3542 DCCC.
1148 3503 1221 3542 nuno
1240 3487 1325 3542 tertio
1343 3505 1439 3558 suprs-

136 3568 255 3623 iaciente
269 3566 439 3623 Aeschrionc
453 3569 581 3625 venditus
596 3569 693 3625 dicunt
709 3568 880 3625 medimnum
894 3569 968 3624 VIII.
982 3568 1052 3622 mill.
1068 3570 1195 3635 centnm,
1214 3568 1243 3622 id
1257 3571 1301 3622 est
1314 3569 1438 3624 modium

136 3648 257 3703 XLVIII.
268 3647 367 3704 millib.
378 3648 433 3703 DC.
448 3649 535 3720 duplo
548 3667 657 3705 summe
671 3647 737 3703 anni
751 3647 884 3718 proximi.
894 3648 1034 3703 addicitur
1047 3648 1219 3702 medimnum
1229 3648 1303 3704 VIII.
1313 3649 1438 3705 millibus

137 3729 166 3784 O.
186 3728 302 3783 dimidio
321 3728 379 3783 fere
397 3728 484 3798 pluris
503 3746 588 3798 qaum
612 3728 754 3800 superiore
781 3728 865 3783 suno’
892 3728 928 3783 F.
954 3727 1071 3783 Vrsinus
1093 3729 1125 3782 in
1144 3728 1199 3783 Cic.
1218 3730 1251 3782 in
1275 3728 1350 3785 Verr.
1370 3731 1387 3785 l.
1406 3746 1439 3798 c.‚

136 3823 191 3874 not.
211 3819 243 3872 in
261 3818 381 3875 Ciceron.
401 3820 440 3873 ed.
461 3821 591 3889 Antverp.
615 3838 641 3874 a.
660 3824 732 3875 1581
748 3835 778 3888 p.
798 3822 853 3872 177
942 3822 958 3871 6
976 3816 1065 3872 tritici
1087 3816 1213 3871 modium
1235 3817 1326 3871 XVIII
1346 3821 1438 3889 prino

136 3901 193 3955 loco
211 3900 288 3968 aprsd
307 3898 460 3954 Otrerorurn
476 3901 597 3955 restituit
615 3900 763 3968 Zumptius
839 3905 953 3969 tsnprs
971 3896 1120 3953 sdiiciente
1139 3898 1198 3951 coll.
1213 3897 1269 3952 Cic.
1284 3899 1302 3954 l.
1316 3916 1338 3954 e.
1353 3905 1439 3966 32,77

137 3995 221 4048 snpra
238 3978 343 4033 sdiecIt
355 3979 488 4034 Aeschrio
503 3981 616 4034 coniecit
630 3979 852 4045 Lindernannus,
871 3978 1021 4033 sdiicisme
1038 3979 1079 4032 rel
1096 3977 1199 4032 licente
1212 3978 1346 4034 Baiterus
1359 3982 1437 4049 apud

139 4059 270 4113 Orellirnn
298 4076 402 4114 eunus.
421 4061 453 4113 in
472 4058 528 4114 Oie.
547 4061 578 4114 in
603 4058 758 4114 Vern'III
773 4063 811 4114 30
824 4076 855 4128 p.
870 4063 929 4114 320
946 4060 987 4112 ed.
1000 4075 1049 4115 sec.
1136 4057 1206 4112 dicit
1228 4058 1438 4115 Lindemannus

175 4146 208 4193 10
227 4139 349 4194 habebnt
376 4138 451 4193 enim
478 4139 573 4193 rhetor
599 4139 653 4193 iste
680 4139 873 4194 adulescentes
892 4139 1026 4207 quondum
1045 4138 1212 4208 locupletes,
1231 4156 1302 4207 qnos
1320 4139 1439 4195 dimidio

137 4220 265 4274 redderet
288 4219 430 4274 stultiores
454 4218 561 4285 (licere,
588 4220 637 4274 ubi
659 4219 782 4274 habebnt
809 4219 883 4274 enim
906 4218 1056 4288 discipulos
1083 4217 1274 4274 adolescentes
1302 4219 1438 4288 quondum

136 4300 291 4370 locupletes
314 4300 428 4352 coniecit
446 4299 557 4354 Rauius
579 4316 637 4354 oar.
658 4301 714 4355 lect.
733 4300 771 4354 ad
789 4298 845 4354 Cic,
864 4304 933 4353 orat.
952 4316 977 4353 o.
996 4301 1040 4354 ΙΙ
1052 4317 1081 4368 p.
1101 4305 1154 4355 145
1241 4306 1274 4353 13
1293 4315 1439 4354 nummum

137 4379 302 4433 concederet
330 4379 375 4443 M,
400 4396 544 4432 nummum
571 4378 661 4432 ullum
689 4379 815 4433 crederet
840 4379 933 4435 Cicero
1024 4386 1057 4434 14
1079 4397 1131 4449 pro
1149 4378 1255 4449 Coelio]
1279 4395 1329 4448 pro
1349 4376 1438 4434 coeno

139 4460 239 4513 Maius
257 4461 289 4512 in
306 4463 422 4527 utraque
444 4459 586 4513 edits'one.
609 4459 663 4513 ‘tta
685 4464 740 4513 tres
762 4460 838 4514 codd.
857 4458 936 4513 Edit.
957 4459 988 4513 L.
1007 4457 1130 4528 Othone,
1154 4477 1224 4529 quae
1244 4461 1353 4514 ridden
1373 4475 1439 4514 veru

138 4539 240 4595 lectio.
261 4538 352 4593 Cedere
369 4555 443 4591 unus
462 4536 568 4593 Coelio’
593 4539 737 4594 adnotavit
759 4541 830 4594 idem
852 4541 885 4592 in
906 4541 1023 4594 editim
1041 4538 1196 4594 Romana.
1286 4539 1332 4594 hic
1359 4539 1382 4596 si
1408 4558 1438 4596 se

138 4619 189 4686 (vel
211 4621 282 4686 sese)
308 4618 357 4672 isti
379 4617 456 4672 vitus
480 4617 602 4673 dedisset
624 4619 726 4674 codices
750 4619 888 4676 cunonis
911 4661 918 4674 .
942 4619 1096 4675 dedidisset
1119 4622 1211 4690 lepisse
1233 4621 1342 4676 ridetur
1363 4622 1438 4676 Aru·

136 4697 234 4750 cianus
253 4741 259 4752 .
279 4698 325 4752 hic
344 4698 367 4753 si
386 4717 415 4754 se
432 4699 514 4753 istius
533 4698 597 4754 vise
615 4700 740 4756 dedisset
759 4718 812 4771 pro
835 4701 989 4770 [representa
1010 4702 1145 4755 nationis
1158 4717 1213 4770 pro
1231 4701 1264 4754 L.
1286 4700 1388 4756 Othone
1405 4720 1439 4757 ec
1507 4739 1509 4742 -

138 4776 280 4831 Frontone
303 4784 433 4846 posunct
459 4778 590 4847 Siponius
681 4787 713 4836 16
740 4781 902 4838 verberibus
926 4797 1038 4836 cussum
1059 4784 1089 4836 te
1111 4780 1142 4835 in
1164 4781 1325 4852 pistrinum,
1350 4780 1438 4850 Deve,

138 4856 239 4910 dedum
257 4875 344 4927 usque
362 4860 398 4913 nd
416 4877 512 4914 necem
534 4860 676 4916 Terentius
