3316 5474
225 333 293 400 344
797 335 954 390 avuncls

225 433 378 482 mMME

226 537 280 599 ego
309 522 367 580 mei
399 519 470 580 mihi
504 537 552 580 me
580 537 595 579 a
624 537 685 600 me,
717 521 789 580 item
822 537 877 580 nos
910 528 1046 581 nostrum
1078 518 1163 580 nobis
1196 537 1251 580 uos
1279 538 1294 580 a
1324 518 1410 580 uobis
1438 567 1444 581 .
1473 523 1533 582 iam

226 626 373 688 secundae
397 644 542 707 personae
566 644 618 686 sex
642 645 728 687 casus
752 634 929 707 occurrunt,
956 635 989 688 tu
1019 628 1063 687 tui
1091 625 1144 688 tibi
1172 637 1201 689 te
1226 646 1243 688 o
1267 646 1282 688 a
1306 635 1352 707 te,
1379 629 1451 688 item
1479 646 1533 688 vos

225 741 357 794 vestrum
385 731 468 793 vobis
491 752 543 792 vos
566 751 584 791 o
607 752 624 793 a
647 731 743 815 vobis;
773 735 844 795 item
874 751 1019 814 personae
1048 735 1167 814 tertiae,
1195 733 1243 794 ille
1271 733 1351 794 illius
1378 733 1419 795 illi
1447 734 1532 796 illum

226 837 304 899 oab
328 839 392 922 illo,
420 848 449 901 et
477 839 631 919 pluraliter
658 839 701 900 illi
729 839 848 902 illorum
877 840 935 901 illis
962 839 1028 900 illos
1056 858 1073 899 o
1102 838 1138 900 ab
1167 840 1225 900 illis
1248 887 1255 900 .
1280 858 1350 900 sane
1378 843 1472 921 prima
1501 850 1533 903 et

192 1020 198 1031 ι
225 945 370 1028 secunda,
401 945 432 1006 id
464 955 510 1007 est
541 965 596 1026 ego
629 954 659 1007 et
686 955 733 1030 tu,
767 957 826 1009 tam
854 950 885 1008 in
914 947 1057 1027 singulari
1088 965 1211 1008 numero
1240 964 1329 1026 quam
1360 950 1397 1008 in·
1423 947 1559 1027 pluralis

224 1056 343 1135 generis
371 1055 468 1114 omnis
496 1061 572 1114 est.
596 1061 695 1115 cetera
724 1063 823 1115 autem
851 1056 1026 1134 pronomina
1053 1053 1170 1116 diverso
1198 1072 1307 1134 genere
1335 1053 1533 1138 declinantur,

225 1163 304 1222 sieut
326 1163 357 1222 in
381 1162 490 1223 ceteris
514 1160 625 1241 regulis
649 1161 782 1241 legimus.

761 1351 821 1418 DIl
843 1350 991 1418 VERBO

312 1497 442 1560 Verbum
466 1499 537 1580 quid
561 1496 629 1561 est?
664 1500 737 1561 Pars
761 1482 909 1560 orationis¹
931 1516 1000 1559 cum
1027 1517 1155 1579 persona
1178 1509 1208 1560 et
1235 1508 1369 1580 tempore
1393 1509 1531 1580 agentem

224 1609 445 1688 patientemque
474 1607 652 1687 significans.
688 1605 785 1667 Verbo
813 1614 887 1684 quot
913 1601 1074 1666 accidunt?
1111 1587 1245 1688 Septem,
1275 1607 1399 1686 qtralitas
1426 1609 1529 1668 coniu-
1547 1624 1573 1662 m

224 1715 302 1792 gatio
326 1732 421 1794 genus
446 1732 588 1775 numerus
612 1716 705 1794 ligura
734 1723 850 1793 tempus
878 1730 1014 1792 persona.
1052 1711 1183 1783 Qualitas
1211 1712 1369 1775 verborum
1398 1716 1429 1774 in
1457 1723 1530 1792 quot

224 1829 326 1899 partes
349 1818 513 1882 dividitur?
551 1820 584 1881 ln
608 1821 697 1901 duas,
720 1819 749 1881 id
774 1828 819 1881 est
842 1821 873 1879 in
896 1817 999 1879 modos
1023 1827 1054 1879 et
1077 1821 1107 1879 in
1131 1820 1249 1880 lormas.

312 1927 392 1988 Modi
420 1927 579 1988 verborum
607 1936 680 2007 quot
709 1922 800 1988 suot?
842 1925 978 2004 Septem,
1009 1924 1200 2008 indicativus,
1227 1929 1433 2007 imperativus,
1461 1946 1529 2007 pro·

225 2037 375 2116 missirus,
403 2036 566 2114 optativus,
593 2035 814 2113 coniunctivus,
842 2032 990 2112 infinitus,
1019 2032 1223 2112 lupersonalis.
1266 2033 1444 2095 ludicativus
1475 2053 1530 2095 cur

224 2141 322 2201 dictus
346 2137 413 2202 est?
450 2141 535 2212 Quod
558 2159 613 2221 per
637 2141 733 2220 ipsum
753 2139 917 2199 indicamus
937 2136 1007 2217 quid
1027 2156 1160 2220 agamus,
1184 2149 1217 2200 ut
1235 2149 1307 2219 puta
1325 2143 1571 2220 interrogatus1⁵

224 2246 295 2325 quid
320 2248 424 2308 luciam
447 2247 514 2307 dico
538 2246 591 2308 tibi
616 2241 720 2325 ‘lego'z
743 2246 816 2306 haee
839 2246 919 2306 enim
943 2245 1117 2323 significatio
1137 2247 1294 2307 indicantis
1314 2256 1367 2308 est.
1400 2246 1529 2327 lmpera·

225 2355 302 2414 tirus
325 2372 417 2432 quare
441 2350 573 2414 dicitur?
611 2353 685 2425 Ouia
710 2355 954 2433 significationem
984 2351 1072 2412 hahet
1098 2352 1276 2436 imperandi,
1305 2362 1338 2415 ut
1365 2363 1435 2434 puta
1464 2354 1529 2433 lege

117 2446 125 2451 ⁴
224 2458 297 2520 doce
322 2458 428 2520 scribe.
474 2459 675 2520 Promissivus
698 2479 753 2521 cur
776 2459 873 2521 dictus
906 2455 973 2520 est?
1010 2459 1083 2530 Quia
1112 2463 1291 2540 peripsum
1319 2463 1529 2542 promittimus,

224 2568 255 2626 in
279 2567 380 2627 luturo
404 2565 474 2645 quid
499 2584 633 2645 agamus,
656 2573 689 2625 ut
712 2575 783 2645 puta
807 2566 901 2644 legam
925 2566 1029 2626 latiam
1053 2613 1059 2625 .
1084 2565 1141 2626 hoe
1165 2569 1243 2627 euim
1266 2569 1421 2649 promitto,
1448 2568 1527 2646 quod

224 2672 351 2734 necdum
384 2674 468 2735 lacio.
515 2671 669 2752 Optativus
707 2691 798 2751 quare
837 2668 968 2734 dicitur?
1015 2672 1090 2743 Quia
1127 2674 1371 2753 significationem
1407 2673 1571 2753 optandiso

223 2778 325 2860 habet,
357 2789 391 2841 ut
424 2782 538 2841 utinam
566 2779 696 2840 dicerem
725 2779 853 2840 lacerem
884 2778 1022 2858 legerem.
1066 2780 1278 2841 Coniunctivus
1310 2799 1365 2841 cur
1397 2777 1528 2841 dicitur?

224 2886 299 2958 Quia
324 2889 387 2947 sine
411 2888 622 2947 coniunctione
646 2886 769 2947 aliarum
792 2881 960 2947 ¹orationum
984 2903 1044 2948 uon
1068 2886 1171 2968 implet
1194 2902 1314 2948 sensum
1338 2885 1497 2947 locutionis
1521 2934 1527 2946 .

223 2995 248 3054 si
272 2997 350 3054 enim
374 3002 489 3055 tantum
512 2991 614 3053 dixero
639 2988 718 3054 ‘eum
742 2989 886 3076 clamem',
910 2993 1018 3074 pendet
1038 2991 1043 3075 Ι
1063 3013 1169 3056 sensus
1193 3003 1223 3054 et
1246 2993 1358 3073 indiget
1385 3002 1419 3054 ut
1447 3011 1526 3054 com-

222 3100 352 3183 pleatur,
374 3100 469 3162 adicio
494 3095 573 3160 ‘cum
598 3099 736 3179 elarnem,
759 3118 849 3178 quare
874 3117 921 3160 me
945 3109 1043 3160 tacere
1063 3095 1209 3182 credisi’,
1233 3095 1312 3161 ‘cum
1336 3099 1449 3180 loquar,
1473 3119 1528 3160 cur

222 3225 270 3268 me
294 3209 382 3270 silere
405 3203 517 3269 dioisi'
542 3255 548 3268 .
572 3208 639 3267 ideo
668 3225 739 3286 ergo
767 3208 973 3268 coniunctivns
1002 3207 1107 3268 modus
1130 3208 1253 3289 dicitur,
1281 3209 1349 3286 quia
1373 3208 1527 3286 coniungit
1541 3222 1569 3262 ss

223 3312 279 3375 sibi
303 3314 374 3375 alias
397 3314 593 3388 elocutiones,
618 3323 652 3374 ut
675 3312 791 3392 expleat
809 3330 940 3373 sensum.
978 3311 1113 3374 lniinitus
1132 3314 1336 3375 condicitur?
1374 3312 1447 3383 Quia
1468 3333 1527 3375 non

222 3421 321 3502 explet
348 3439 468 3482 sensum
498 3422 554 3480 nisi
583 3420 696 3480 adiecta
724 3418 779 3478 alia
807 3418 950 3497 particula
979 3417 1074 3494 verbi,
1107 3428 1141 3480 ut
1168 3428 1239 3499 puta
1272 3419 1385 3499 legere:
1417 3420 1528 3498 pendet

223 3531 301 3589 enim
325 3546 450 3588 sensus:
479 3526 572 3586 adicis
596 3525 660 3586 volo
686 3527 727 3585 vis
751 3523 812 3585 vult
836 3531 866 3584 et
893 3523 998 3603 imples
1029 3542 1164 3608 sensum,
1193 3526 1293 3607 legere
1322 3525 1400 3607 volo,
1428 3524 1527 3604 legere

222 3637 280 3717 vis,
307 3633 406 3714 legere
436 3632 507 3694 vult.
549 3631 748 3712 lupersonalis
776 3649 831 3691 cur
859 3626 990 3691 dicitur?
1034 3630 1124 3711 Quia,
1152 3635 1209 3694 nisi
1237 3651 1363 3712 persona
1392 3651 1428 3694 cx
1457 3651 1524 3712 pro·

223 3739 392 3823 nominibus
415 3739 527 3800 adiecta
552 3739 655 3818 luerit,
679 3745 792 3798 certam
815 3739 929 3816 agentis
947 3754 1104 3815 personam
1124 3757 1183 3798 non
1202 3740 1318 3821 delinit,
1342 3749 1375 3799 ut
1395 3739 1503 3818 legitur
1519 3786 1525 3798 .
1540 3756 1568 3794 oo

222 3845 328 3925 quodsi
351 3845 494 3906 adiciatur
513 3864 548 3905 ox
572 3843 799 3925 pronominibus
817 3861 960 3924 persona,
983 3845 1083 3903 statim
1102 3846 1276 3924 significatio
1296 3847 1361 3905 eius
1381 3846 1526 3927 expletur,

222 3963 256 4015 ut
277 3952 386 4033 legitur
410 3970 426 4012 a
450 3970 510 4034 me,
534 3970 550 4010 a
574 3961 616 4033 te,
639 3950 675 4011 ab
699 3950 757 4010 illo.

221 4129 433 4139 ..---

309 4241 425 4311 tenne]
449 4238 507 4293 aine
530 4238 558 4291 Β
631 4244 646 4291 6
671 4237 801 4307 numero]
824 4253 879 4291 non
905 4236 942 4288 M
1012 4238 1154 4292 docteres
1181 4239 1217 4292 M
1288 4238 1400 4294 diuerso
1422 4257 1527 4309 genera

220 4321 376 4377 declinatur
394 4320 422 4374 Β
494 4316 975 4382 cunvussssoom.13,aunn1
1047 4323 1080 4370 10
1099 4317 1238 4388 significet
1251 4318 1279 4371 B
1352 4318 1523 4390 coniugatio]

221 4403 379 4459 coniunctio
402 4404 429 4455 Β
504 4405 533 4452 11
561 4398 708 4452 verborum
732 4415 782 4452 om.
808 4397 855 4462 M,
881 4397 944 4450 odd.
968 4397 996 4451 Β
1074 4406 1106 4452 12
1131 4403 1159 4453 et
1185 4400 1214 4452 in
1237 4398 1342 4453 formas
1365 4402 1395 4452 et
1417 4399 1525 4467 reliqua

220 4501 304 4552 quare
326 4482 493 4553 promisiuos
516 4480 618 4535 dicitur
641 4479 698 4546 (18)
721 4478 788 4546 quio
809 4493 860 4546 per
882 4476 974 4546 ipsum
998 4479 1188 4547 promittimus
1209 4479 1246 4531 M
1316 4484 1351 4533 16
1369 4479 1524 4546 indicemus

220 4562 287 4631 quid
307 4563 416 4633 ugimm
433 4562 461 4615 Β
535 4567 568 4615 18
586 4575 636 4629 per
654 4575 682 4612 se
700 4557 793 4626 ipsum
811 4556 839 4609 B
912 4563 944 4612 19
963 4558 1065 4612 facium
1080 4576 1130 4616 om.
1147 4560 1196 4625 M,
1214 4558 1320 4612 oddB
1393 4567 1428 4615 20
1447 4564 1525 4631 opta-

219 4640 294 4695 tivus
319 4673 345 4680 —
374 4648 408 4696 21
432 4642 555 4711 legerem
579 4656 629 4693 ont.
656 4637 703 4705 M,
727 4640 791 4692 odd.
815 4639 843 4692 B
914 4643 949 4691 23
975 4654 1037 4691 cnm
1062 4638 1181 4693 clamem
1206 4640 1243 4692 M
1265 4656 1327 4692 cum
1351 4637 1473 4692 clament
1496 4637 1525 4691 Β

254 4721 298 4790 ut]
317 4723 367 4775 out
383 4721 412 4775 Β
483 4727 518 4775 26
538 4722 569 4773 ut
587 4717 700 4788 expleat
717 4717 745 4771 Β
764 4719 796 4772 ut
815 4717 945 4786 conplent
964 4718 1001 4770 M
1070 4735 1127 4772 uon
1142 4718 1236 4786 explet
1251 4719 1288 4771 M
1301 4733 1356 4770 nou
1370 4717 1525 4786 expleatB

255 4807 289 4855 28
308 4804 337 4855 et
355 4817 404 4855 om.
424 4800 461 4867 B,
479 4802 544 4857 odd.
564 4799 601 4853 M
671 4804 705 4852 32
724 4799 852 4868 expletur
869 4797 897 4850 B
915 4797 1049 4867 impletur
1061 4799 1106 4884 ,M
