3316 5474
207 363 273 426 232
800 364 921 419 Bonan

207 475 228 512 p.
242 464 302 503 essa.
316 464 342 504 ss
357 464 380 505 n.

208 557 254 608 est
277 547 363 627 longa
387 549 534 626 permissu
559 551 676 626 poetico
700 551 730 608 in
753 549 824 629 hoc,
1008 623 1018 637 .

367 653 516 714 frondea
540 655 633 715 licus
656 665 733 715 erat
756 657 859 716 cuins
883 656 917 715 in
942 653 1073 715 robore
1098 655 1248 730 nullum,

207 759 287 838 quod
314 778 409 838 genus
433 759 558 840 syllabae
587 763 665 822 inter
693 763 795 842 longas
820 761 864 823 vel
893 749 1013 823 omnino
1036 762 1243 841 refugiendum
1268 762 1313 823 vel
1340 763 1511 843 parcissime

175 879 176 882 ’
209 865 413 946 usurpandum
437 875 490 928 est
527 866 606 929 unde
631 877 661 929 ot
683 871 713 928 in
737 858 955 929 recentioribus
979 870 1075 948 poetis
1098 887 1157 928 non
1184 868 1268 929 facile
1292 869 1357 929 eins
1380 871 1512 929 invenies

208 972 389 1055 exemplum,
417 976 550 1053 quamvis
578 982 608 1035 et
635 973 712 1052 apud
743 972 896 1052 Virgilium
924 990 983 1033 non
1011 975 1221 1056 rarissimum„
1242 975 1319 1054 apud
1351 975 1540 1036 llomerum⁵

209 1072 576 1158 vcro'lrequentissimnm
599 1081 775 1160 reperiatur.
812 1081 883 1140 item
907 1078 1013 1140 modus
1037 1089 1082 1141 est
1105 1083 1242 1162 quintus,
1265 1099 1333 1141 cum
1356 1100 1425 1160 pars
1449 1101 1513 1142 ora·

209 1187 298 1248 tionis
320 1186 429 1248 desinit
448 1190 488 1257 ‚in
513 1187 715 1267 diphthongon
739 1195 884 1265 sequente
908 1188 1006 1248 statim
1029 1186 1120 1248 altera
1145 1188 1253 1250 vocali:
1283 1197 1330 1249 est
1353 1191 1431 1249 enim
1460 1208 1514 1268 per

208 1300 344 1353 naturam
362 1292 448 1372 longa
467 1296 497 1354 in
517 1293 586 1375 hoc,
610 1289 744 1353 ‘llusae
763 1287 953 1374 Aonides';
976 1302 1023 1354 est
1040 1312 1095 1374 per
1114 1293 1262 1355 licentiam
1280 1294 1379 1356 brevis
1398 1297 1429 1355 in
1449 1295 1514 1376 hoc,

209 1393 365 1459 ‘insulae
390 1398 488 1460 lenio
512 1403 546 1460 io
570 1394 720 1480 magno',
743 1398 821 1478 qnod
845 1401 1027 1479 posteriores
1050 1409 1154 1479 poetae
1179 1403 1271 1480 magis
1294 1403 1324 1461 in
1348 1420 1406 1462 una
1429 1412 1514 1481 parte

209 1507 350 1566 orationis
378 1507 443 1567 heri
470 1506 636 1569 voluerunt.
674 1506 751 1568 unde
781 1525 835 1568 nec
863 1506 953 1568 herlus
975 1506 1143 1587 exemplum
1168 1506 1252 1568 facilc
1275 1509 1306 1567 iu
1329 1507 1512 1570 nostratibus
1529 1521 1554 1558 ¹⁰

209 1612 395 1692 poematibus
418 1616 560 1675 invenies.
593 1623 622 1675 at
645 1631 712 1675 cum
737 1613 937 1694 diphthongus
957 1632 973 1673 a
992 1612 1084 1673 vocali
1108 1612 1229 1675 alterius
1253 1613 1335 1674 verbi
1357 1616 1515 1695 excipitur,

210 1728 273 1780 turn
297 1719 372 1780 hanc
395 1740 451 1800 per
470 1721 650 1801 synalipham
674 1721 895 1783 transiliendam
916 1738 982 1780 esse
1002 1720 1152 1801 dicebant,
1176 1729 1210 1781 ut
1227 1720 1357 1800 Prosper
1376 1723 1406 1781 in
1430 1740 1514 1802 prae·

210 1826 319 1887 latione
343 1828 587 1907 epigrammatum

369 1951 434 1994 nec
459 1943 605 1995 nostrae
629 1935 693 1996 hoc
717 1936 795 2014 opis
819 1943 887 2016 est,
910 1933 970 1994 sed
995 1933 1036 1994 ab
1060 1933 1123 1994 illo
1147 1936 1302 1995 sumitur
1324 1935 1381 1995 hic
1405 1954 1477 2017 ros,

426 2043 486 2120 qui
510 2043 640 2103 siccam
663 2059 787 2122 rupem
811 2039 964 2101 fundere
987 2041 1098 2100 iussit
1121 2057 1238 2119 aquas.
1530 2053 1554 2090 1⁵

212 2158 313 2209 sextus
336 2147 442 2208 modus
465 2159 524 2228 est,
548 2159 582 2209 ut
604 2148 736 2209 hortatus
760 2149 814 2228 ait,
838 2165 905 2208 carm
929 2146 1073 2226 producta
1097 2145 1205 2207 vocalis
1229 2155 1275 2207 est
1303 2147 1394 2208 vocali
1423 2147 1514 2209 altera

211 2263 426 2335 consequente:
445 2263 496 2321 est
519 2258 597 2315 eninr
621 2255 706 2334 longa
730 2257 760 2315 in
784 2254 854 2329 hoc,

371 2381 388 2421 o
413 2364 546 2423 utinam
570 2365 604 2423 in
629 2362 804 2424 thalamos
827 2362 936 2422 invisi
959 2360 1125 2421 Caesaris
1149 2362 1274 2443 issem;

212 2468 311 2529 hrcris
333 2470 364 2528 in
389 2467 459 2550 hoc,
966 2472 968 2476 ’

371 2584 405 2636 tc
429 2575 604 2657 Corydon,
627 2596 645 2636 o
669 2576 781 2657 Alexi,
806 2575 920 2636 trahit
943 2593 1005 2636 sua
1029 2592 1205 2654 quemque
1231 2575 1403 2656 voluptas.

212 2681 291 2761 qrrod
316 2682 450 2743 moderni
474 2684 690 2743 versificatores
709 2685 739 2743 in
759 2681 861 2743 cadem
885 2682 983 2760 potius
1007 2688 1090 2760 parte
1109 2684 1252 2744 orationis
1276 2685 1373 2744 lacere
1392 2701 1516 2743 consue-

213 2798 297 2868 runt,
320 2800 354 2850 ut
378 2785 458 2849 ‘Eoi
480 2808 611 2849 venere
635 2783 741 2868 magi'
765 2798 795 2849 et
991 2793 997 2804 ’

372 2896 585 2976 splendidus
609 2898 769 2957 auctoris
793 2896 834 2974 de
859 2897 997 2957 vertice
1020 2895 1137 2973 lulget
1159 2890 1278 2978 Eous!

156 3086 158 3090 ι
213 3012 244 3063 et
266 3022 373 3064 rursus
396 3003 480 3083 longa
505 3012 551 3064 est
574 3022 627 3083 per
651 3012 785 3063 naturam
809 3005 862 3085 ita,
1083 2991 1089 3000 ’

373 3110 522 3190 angelus
546 3114 702 3171 intactae
725 3111 862 3170 cecinit
885 3118 1078 3190 properata
1101 3109 1245 3190 Mariae,

215 3217 314 3278 brevis
337 3236 391 3296 per
414 3217 563 3278 licentiam
587 3201 648 3291 itas
1175 3275 1179 3283 .

373 3324 511 3386 exultat
534 3325 663 3386 Mariae
688 3343 763 3384 cum
787 3327 900 3404 prima
924 3323 1100 3384 adtamina
1124 3326 1247 3385 sensit.

215 3440 246 3492 at
259 3451 326 3493 oum
342 3431 427 3510 longa
443 3431 551 3493 vocalis
567 3431 611 3491 vel
626 3435 713 3492 etiam
729 3431 840 3512 brevis,
860 3449 935 3510 (μαψ
955 3439 1070 3509 partem
1085 3432 1225 3490 terminat
1241 3433 1397 3513 orationis,
1411 3435 1519 3512 excipi-

216 3549 265 3600 tur
288 3557 304 3598 a
329 3538 434 3619 vocali,
457 3538 579 3599 alterius
603 3539 685 3599 verbi
707 3540 839 3618 priorem
862 3557 916 3617 per
939 3536 1120 3616 synalipham
1144 3536 1316 3618 absumunt,
1340 3547 1373 3599 ut
1392 3539 1520 3618 Prosper

374 3663 450 3705 nam
474 3648 503 3705 si
527 3655 559 3706 te
584 3648 720 3706 virtute
744 3654 804 3705 tua
828 3644 867 3704 ad
892 3642 1067 3704 caelestia
1090 3641 1217 3703 credas
1533 3652 1559 3690 ³⁰

428 3752 616 3834 scandere,
639 3752 679 3812 de
704 3753 847 3831 superis
870 3749 997 3830 pulsus
1021 3751 1056 3809 iu
1079 3749 1147 3808 ima
1170 3748 1282 3831 cadis3

216 3860 349 3938 quamvis
374 3866 404 3918 ct
428 3857 533 3918 hrator
557 3861 688 3919 imitatus
711 3868 828 3919 veteres
851 3856 960 3917 dixerit

376 3984 393 4025 ο
417 3967 553 4025 utinam
577 3968 716 4026 nostris
739 3964 919 4025 voluisses
944 3961 1015 4022 lida
1039 3963 1209 4022 iuventus

307 4145 322 4191 3
343 4138 422 4204 Quod
440 4154 528 4206 genus
548 4168 580 4176 -
602 4145 617 4192 d
636 4137 792 4206 reperiatur
812 4135 893 4190 Mati.
916 4134 1014 4189 I'heod.
1035 4138 1100 4200 587,
1119 4138 1153 4187 14

308 4305 321 4352 1
346 4300 483 4368 permissu
506 4298 651 4368 (permisso
671 4297 702 4351 F
724 4314 792 4352 corr.
812 4315 854 4351 eu
872 4298 900 4362 f)
923 4292 1033 4364 poetico
1054 4293 1084 4348 in
1108 4279 1160 4348 boc
1179 4294 1243 4348 Μ’
1262 4292 1298 4356 in¹
1315 4295 1368 4349 hoe
1386 4295 1521 4364 permisso

218 4378 328 4448 poetico
350 4377 378 4430 P
449 4384 464 4432 6
483 4379 638 4447 reperiatur
656 4376 771 4447 quintus
790 4378 887 4432 modus
905 4378 949 4432 est
967 4374 994 4427 L
1066 4381 1082 4428 8
1102 4373 1211 4446 Musae]
1231 4375 1265 4441 cs.
1281 4374 1377 4444 [Mac.
1393 4373 1474 4444 Via-t]
1490 4377 1522 4428 dc

217 4459 295 4525 final.
310 4475 341 4526 p.
361 4462 428 4523 230,
448 4463 484 4512 18
556 4463 572 4511 9
591 4456 710 4527 insulae]
731 4456 809 4525 Verp.
824 4458 892 4511 Aen.
913 4457 976 4509 III
992 4461 1047 4513 211
1123 4462 1155 4509 to
1173 4454 1246 4508 unde
1265 4470 1316 4507 nee
1334 4453 1416 4507 huius
1431 4472 1520 4509 erem-

1209 4546 1256 4576 lton

219 4592 297 4661 plum
316 4590 400 4645 facile
418 4589 511 4659 (focile
530 4607 579 4647 ora.
600 4592 632 4658 P,
651 4591 715 4644 odd.
730 4593 762 4658 p)
784 4590 845 4643 FP
863 4590 938 4645 unde
962 4588 1044 4644 buius
1064 4587 1220 4657 exemplum
1239 4585 1321 4641 facile
1341 4587 1367 4639 L
1442 4595 1471 4640 11
1493 4592 1523 4642 at

219 4689 282 4726 cum
302 4671 332 4724 1⁴¹
347 4671 456 4724 utrum
476 4670 502 4723 L
521 4674 648 4726 autenm
668 4672 696 4724 Ρ
759 4677 790 4724 16
810 4669 949 4741 Donatus]
964 4672 1121 4737 p.369,11
1191 4674 1224 4721 18
1243 4665 1394 4736 outinom]
1414 4667 1523 4721 Lucan.

220 4750 347 4804 Pharsal.
375 4749 460 4803 VIII
478 4756 530 4804 ὅθι
549 4752 584 4816 cf.
604 4750 679 4819 Scap.
699 4750 854 4818 dcsyll.p.
874 4752 992 4812 479,19
1074 4753 1108 4802 20
1126 4749 1155 4800 te
1175 4747 1314 4818 Corydon]
1340 4747 1417 4815 Vera.
1437 4751 1521 4804 bucol.

148 4889 149 4893 ,
219 4836 249 4898 2,
267 4836 303 4884 65
375 4835 409 4882 22
430 4831 473 4885 eoi
492 4829 552 4884 Ir’L
572 4846 623 4884 eoo
642 4830 692 4886 ςΡ
760 4835 794 4883 23
813 4827 899 4897 fulgit
917 4828 948 4882 F
1013 4835 1046 4882 ⁶27
1066 4826 1237 4882 exultantL
1301 4833 1335 4881 29
1354 4828 1479 4884 absumit
1497 4832 1523 4884 L
