3316 5474
629 400 677 454 ns
697 399 986 455 osrnossnrrns
1184 461 1188 470 ⁶
1283 473 1289 484 Ι
1395 395 1458 458 991

153 516 174 551 p.
190 503 248 542 ssos.
264 505 276 542 s
291 503 315 541 r.

244 587 403 646 Servitium
433 584 589 646 multitudo
619 595 664 644 est
692 604 860 664 servorum,
888 588 1015 645 servitus
1043 583 1178 642 condicio
1207 580 1363 641 serviendi.
1407 579 1459 640 sed

154 703 270 754 veteres
294 693 499 753 indifferenter
522 693 676 751 servitium
701 698 731 750 et
754 710 808 769 pro
832 693 975 750 servitute
999 697 1173 768 posuerunt.

244 800 358 879 Sinapi,
387 803 465 859 sieut
493 807 523 859 et
551 802 675 878 gummi,
703 817 841 877 graecum
871 806 930 877 est,
958 806 988 856 et
1011 795 1133 856 Plautus
1161 795 1234 854 dixit
1257 787 1382 876 (Pseud
1408 793 1462 852 III

154 910 188 981 2,
211 901 268 990 28)
293 903 445 967 ‘teritur
473 902 615 986 sinapi’,
638 909 725 966 cuius
752 907 907 984 genetivus
931 921 998 963 cum
1022 921 1036 960 s
1064 903 1225 982 profertur,
1253 903 1345 960 ceteri
1373 918 1460 960 casus

128 1015 267 1074 ssimites
291 1023 362 1074 sunt
386 1015 572 1072 nominativo.

244 1120 354 1181 Sibiius
378 1120 436 1180 diei
459 1128 593 1197 oportet:
617 1117 762 1198 Vergilius
786 1112 899 1201 (bucol.
923 1120 953 1191 5,
976 1111 1034 1197 82)

316 1246 391 1287 nam
415 1244 529 1303 neque
557 1244 608 1284 me
633 1235 767 1286 tantum
793 1226 971 1284 venientis
995 1223 1128 1283 sibilus
1152 1225 1277 1283 austri.

155 1335 206 1395 sed
227 1344 256 1394 et
276 1344 382 1394 neutro
402 1350 510 1412 genere
531 1333 649 1411 qnidam
669 1332 820 1412 dixerunt,
840 1341 873 1392 ut
892 1330 1047 1391 Cornelius
1068 1331 1196 1390 Severus
1221 1325 1271 1389 ‘et
1294 1349 1355 1390 sua
1375 1348 1459 1389 con-

155 1443 305 1501 cordant
340 1440 445 1501 sibila
474 1457 577 1499 saera
610 1433 802 1499 dracones'
836 1448 865 1498 et
893 1437 991 1497 blaeer
1024 1436 1175 1496 theriacen
1205 1432 1327 1514 ‘longo
1362 1454 1459 1521 reso·

115 1565 141 1602 ιο
156 1529 277 1608 nantia
302 1547 407 1608 sibila
432 1541 549 1609 cotio'.
976 1621 983 1633 ι

246 1655 293 1715 Sat
317 1666 346 1715 et
371 1654 532 1716 masculino
556 1672 665 1732 genere
690 1662 720 1713 et
745 1663 851 1714 neutro
876 1653 992 1712 dicitnr.
1048 1636 1054 1643 ’

245 1763 391 1822 Saturitas
419 1767 448 1823 iu
478 1761 544 1822 cibo
572 1769 687 1844 tarnim
715 1760 833 1839 dicitur,
862 1761 891 1818 in
920 1763 1028 1819 ceteris
1053 1778 1122 1819 vero
1151 1762 1285 1831 satietas,
1314 1758 1366 1818 s'ed
1390 1756 1459 1817 Ver·

155 1870 243 1948 gilius
266 1864 354 1950 (Aen.
387 1871 448 1928 VII
468 1863 546 1951 298)
571 1865 680 1928 ‘odiis
703 1875 910 1927 exsaturata
935 1862 1096 1944 quievit'.

246 1976 365 2036 Simiam
390 1984 527 2035 auctores
551 1977 690 2036 dixerunt
714 1977 801 2035 etiam
825 1977 856 2034 in
881 1973 1042 2034 masculino
1066 1992 1184 2052 genere,

114 2097 140 2135 ιδ
244 2082 371 2160 Strigem
397 2081 471 2142 banc
491 2085 520 2142 in
545 2083 758 2160 significatione
778 2082 838 2140 avis
858 2080 952 2161 dicas3
977 2082 1067 2157 striga
1087 2088 1185 2141 antem
1205 2091 1356 2141 castrense
1376 2100 1458 2141 voca·

155 2188 256 2249 bulum
277 2201 319 2248 est
341 2188 527 2248 intervalium
548 2196 713 2248 turmarum
732 2189 917 2267 significans,
942 2191 971 2247 in
992 2207 1050 2266 qno
1070 2190 1139 2266 equi
1159 2191 1356 2267 stringuntur,
1381 2189 1458 2249 unde

155 2297 242 2355 etiam
267 2298 385 2373 strigosi
411 2296 551 2354 dictentur
574 2313 700 2374 corpore
725 2295 890 2355 macilento.

245 2402 341 2480 Stirps
358 2405 386 2461 iu
398 2402 609 2479 significatione
624 2400 737 2461 subolis
754 2402 895 2461 feminino
905 2420 1014 2479 genere
1024 2401 1148 2481 dicitur3
1163 2403 1214 2462 sed
1230 2421 1298 2462 eum
1310 2405 1460 2462 materiam

155 2509 308 2589 significat,
324 2509 486 2569 masculino
502 2508 587 2568 motio
603 2503 738 2587 ‘stirpem
753 2504 903 2569 recisum’.
932 2509 1072 2568 dixerunt
1087 2518 1183 2569 tamen
1199 2514 1286 2570 etiam
1307 2512 1336 2569 iu
1352 2510 1474 2602 llssfllfi's

114 2618 271 2677 secatione
287 2615 398 2675 subolis
414 2615 575 2674 masculino
589 2632 707 2694 genere,
717 2622 750 2674 ut
761 2615 906 2675 Posterius
919 2610 994 2693 ‘qni
1009 2618 1159 2694 stirpem
1173 2616 1275 2676 occid
1282 2620 1308 2676 it
1324 2611 1460 2676 meum'.

246 2722 319 2780 Sero
344 2740 493 2800 mmmm,
517 2721 546 2780 id
571 2731 616 2779 est
639 2719 771 2801 divulgo,
794 2724 885 2781 serui.
924 2739 991 2780 sero
1015 2721 1131 2801 fruges,
1155 2726 1225 2782 sevi.
1263 2741 1339 2802 sero,
1362 2723 1391 2783 id
1416 2731 1461 2782 est

156 2828 273 2907 claudo,
297 2828 375 2888 uncle
400 2848 464 2887 sero
489 2828 580 2905 dicta,
603 2830 712 2888 serari:
735 2827 894 2888 Terentius
919 2821 1074 2909 (Euuuelr.
1100 2829 1172 2888 IIII
1195 2829 1225 2901 6,
1249 2824 1306 2910 25)
1332 2825 1461 2890 ‘tutavi

156 2944 260 3013 atque
285 2934 452 2995 obseravi
476 2930 633 2995 ostium’.
1326 2920 1328 2924 ,

247 3042 407 3120 Suffmgnr,
436 3059 494 3099 non
523 3041 665 3120 sutlrago,
693 3051 722 3100 et
751 3043 928 3118 suffragatus
956 3060 1037 3123 sum,
1065 3061 1123 3101 non
1153 3046 1316 3122 suffragari.
1355 3042 1462 3103 sorbeo

119 3164 145 3202 ²⁵
160 3149 276 3229 sorberi,
295 3168 353 3208 uon
374 3151 478 3226 sorpsi.
517 3150 645 3220 somnio,
665 3167 723 3207 nou
744 3150 884 3227 somnior,
903 3156 933 3207 et
952 3152 1107 3228 somniari,
1127 3168 1184 3209 non
1205 3153 1368 3209 somniatus
1387 3168 1461 3209 sum.

250 3257 376 3335 Sanguis
400 3265 458 3335 est,
482 3255 551 3314 ditm
577 3252 712 3334 manet;t
756 3256 868 3315 effusus
893 3272 961 3313 vero
985 3274 1083 3315 cruor.

245 3363 396 3423 Sumimns
415 3364 484 3441 ipsi,
507 3363 669 3440 accipimus
687 3360 724 3420 ab
743 3360 808 3419 aiio.
845 3363 888 3420 sic
909 3379 978 3421 cum
1001 3361 1118 3441 danius,
1141 3363 1299 3422 dicendum
1323 3357 1463 3442 ‘accipe’3

158 3489 227 3530 cum
252 3471 451 3549 perrnittimus
475 3471 530 3547 ipsi
555 3467 673 3547 toliere,
697 3466 854 3527 dicentium
880 3462 996 3526 ‘sume'.

248 3598 260 3641 1
287 3604 428 3641 servorum
452 3602 502 3639 om.
529 3587 563 3639 M
636 3593 652 3638 3
677 3584 773 3654 Sinopi
795 3586 830 3638 M
856 3583 961 3654 sinapis
982 3584 1011 3638 P
1032 3586 1128 3654 senspi
1152 3586 1177 3638 L
1249 3591 1279 3642 et
1301 3587 1349 3657 ple
1371 3591 1417 3642 tus
1435 3588 1461 3641 d.

158 3670 272 3723 territur
300 3667 389 3736 sinapi
415 3667 443 3717 P
469 3669 498 3719 et
525 3667 633 3736 plnstus
662 3665 734 3719 dixit
758 3665 870 3719 Teritur
898 3664 996 3733 synopi
1021 3665 1057 3718 M
1084 3671 1113 3720 et
1141 3667 1286 3735 pluraliter
1314 3669 1410 3739 senapi
1438 3668 1464 3720 L

221 3761 237 3805 6
259 3750 396 3819 Vergilius
416 3764 465 3801 one
486 3749 511 3799 L
593 3754 607 3801 ‘t
628 3764 749 3814 nemque
768 3764 812 3799 me
831 3749 941 3800 tuntum
965 3745 992 3798 in
1013 3745 1149 3800 uenientis
1170 3749 1198 3800 P
1278 3756 1293 3803 8
1317 3755 1348 3802 ut
1367 3768 1416 3802 oni.
1438 3748 1466 3800 P

221 3835 250 3885 et
274 3829 398 3884 numitor
425 3827 596 3882 concordant
618 3845 634 3884 ς
662 3831 691 3881 et
719 3846 768 3881 sus
790 3826 941 3881 concordes
963 3826 1033 3879 dant
1058 3827 1202 3882 Charisius
1224 3847 1255 3898 p.
1280 3835 1329 3896 81,
1353 3835 1389 3883 17

119 3963 124 3972 ,
159 3919 175 3966 9
199 3913 293 3980 neers]
317 3909 393 3962 clera
417 3908 560 3977 Charisius
658 3907 800 3961 theriacen
824 3894 909 3976 longa
933 3905 961 3958 P
981 3905 1110 3961 theticon
1134 3907 1218 3977 longo
1244 3909 1280 3961 M
1302 3910 1400 3964 theris.
1436 3916 1465 3964 et

159 3992 278 4045 necteris
296 4005 348 4042 eon
368 3988 450 4055 longe
470 3987 495 4038 L
548 3987 709 4041 resonantis
725 3988 798 4042 tibis
816 3987 888 4041 colio
907 3984 990 4038 sibila
1011 3984 1039 4036 P
1103 3995 1134 4039 10
1154 3989 1227 4043 collo
1242 3988 1360 4042 Serenus
1379 4006 1465 4042 suane

160 4073 271 4125 sibilum
292 4069 340 4122 Ssl
359 4084 374 4123 ς
458 4072 488 4117 11
509 4081 610 4134 genere
629 4070 659 4118 et
677 4070 774 4121 neutro
793 4066 896 4120 dicitur
914 4067 939 4118 L
958 4083 1059 4136 genere
1079 4072 1177 4121 neutro
1196 4068 1299 4121 dicitur
1320 4069 1347 4120 P
1363 4087 1464 4136 genere

160 4149 261 4202 dicitur
281 4151 309 4200 et
329 4149 426 4199 neutro
448 4145 483 4196 M
539 4151 570 4196 13
591 4145 662 4198 odiis
677 4149 804 4200 saturato
823 4146 847 4197 L
866 4145 923 4197 odii
940 4147 1101 4201 saturatos
1157 4155 1190 4199 14
1209 4151 1338 4202 suctores
1358 4148 1463 4201 doctio-

159 4247 203 4282 res
222 4229 270 4286 ςΙ,
336 4233 368 4279 15
388 4223 500 4276 hancei
520 4223 548 4275 in
569 4225 604 4276 M
670 4231 701 4279 16
720 4223 794 4279 unde
813 4225 897 4278 etism
913 4224 1025 4292 stn'gosi
1041 4225 1077 4277 M
1095 4226 1168 4279 unde
1188 4229 1272 4281 etism
1292 4227 1424 4296 stringosi
1439 4227 1464 4279 L

160 4308 233 4361 unde
252 4309 282 4361 et
299 4305 429 4374 strigosie
450 4305 478 4355 P
550 4310 582 4357 18
601 4304 705 4358 sobolis
726 4305 773 4370 M,
792 4321 842 4359 om.
864 4304 892 4355 P
960 4303 1091 4356 dicuntur
1112 4305 1139 4356 P
1211 4313 1243 4358 19
1262 4307 1377 4374 stirpem
1397 4307 1463 4359 reci-

161 4406 221 4441 sum
241 4387 292 4444 §L
316 4387 431 4454 stirpem
451 4384 565 4438 recisem
588 4382 615 4434 P
637 4385 753 4452 stirpam
776 4384 894 4438 recisum
918 4385 953 4437 M
958 4405 966 4435 :
991 4383 1067 4452 Very.
1088 4387 1156 4438 Aen.
1178 4386 1251 4439 XII
1273 4392 1332 4441 208
1354 4386 1410 4440 imo
1429 4386 1464 4441 de

161 4471 248 4539 stirpe
272 4469 390 4523 recisum
477 4471 511 4518 10
535 4464 639 4518 sobolis
664 4466 700 4518 M
779 4465 915 4533 pacabius
941 4465 998 4518 PL
1078 4474 1109 4520 11
1136 4467 1255 4521 mmoris
1275 4469 1312 4521 M
1391 4469 1464 4522 serni

161 4568 211 4603 our.
225 4550 294 4602 PM
299 4549 323 4600 L
378 4555 411 4601 11
426 4548 499 4600 unde
514 4563 575 4599 sero
589 4545 665 4599 dicta
681 4545 718 4597 M
729 4545 802 4599 unde
817 4563 893 4599 serra
907 4546 983 4601 dicta
994 4547 1103 4601 Punde
1118 4553 1147 4601 et
1160 4563 1223 4600 sers
1235 4547 1312 4601 diets
1326 4550 1369 4602 est
1382 4548 1430 4606 sL

162 4630 253 4684 sereni
263 4626 447 4683 nitterentins
458 4626 493 4678 M
536 4625 682 4678 Terentius
693 4628 723 4679 tu
733 4624 780 4678 sbi
791 4628 876 4694 atque
886 4627 988 4682 ostium
999 4631 1099 4683 obsera
1108 4628 1183 4682 intus
1194 4645 1226 4682 es
1234 4628 1313 4681 libris
1322 4628 1441 4683 Terentii
1448 4645 1465 4686 ς

214 4709 305 4765 tutoni
324 4712 409 4776 atque
428 4707 557 4761 obseroui
580 4708 614 4760 M
631 4706 723 4762 tntsui
742 4708 827 4774 etque
846 4706 949 4774 (edqns
970 4707 1010 4775 P)
1035 4706 1182 4761 obserunui
1204 4708 1258 4761 PL
1276 4715 1300 4761 et
1319 4709 1402 4762 cocles
1420 4726 1464 4762 ex·

158 4793 236 4860 plan.
257 4791 288 4842 in
307 4788 379 4841 Dori.
395 4804 424 4854 p.
441 4791 537 4851 543,2
602 4795 635 4842 13
655 4787 769 4858 ostium]
789 4803 820 4841 os
839 4788 919 4841 tuum
938 4787 964 4840 L
979 4847 992 4857 ᾗ
1027 4793 1061 4842 14
1081 4806 1134 4841 non
1150 4790 1243 4857 pomo
1261 4790 1319 4842 loeo
1336 4805 1386 4842 om.
1404 4788 1432 4840 P

162 4879 196 4927 16
215 4871 313 4924 monet
330 4882 347 4924 ς
368 4868 465 4920 Albini
483 4867 600 4937 ortbopr.
618 4886 645 4937 p.
661 4873 724 4933 310,
739 4871 778 4922 26

1198 4962 1252 5011 ts*
