3316 5474
661 361 709 415 na
728 361 826 417 anan
845 363 1010 420 narnien
1420 367 1483 434 231

182 470 203 506 p·
218 459 276 499 2368.
290 461 317 499 bd
331 460 355 499 P.
375 471 378 474 ’
394 498 407 524 α

182 547 307 604 etitem

343 637 436 712 mors
460 654 534 714 iera
557 672 620 734 per
643 653 820 716 hominem
844 658 1012 718 miserum
1037 658 1107 719 sibi
1130 657 1292 719 subdidit
1314 659 1444 721 orbem.

183 758 233 819 ubi
252 761 323 820 item
342 759 461 838 qnidam
479 763 738 839 grammaticorum
753 761 876 823 dubium
895 772 1010 843 ponunt
1024 766 1205 845 exemplum,
1220 760 1338 844 ‘terga
1357 767 1484 846 latiga-

183 883 258 926 mus
283 860 408 927 basta’.
455 884 521 926 uam
550 870 605 928 etsi
632 886 691 929 non
712 868 732 928 b
753 879 944 951 sequeretur,
971 889 1036 931 naus
1063 881 1160 933 tamen
1182 891 1248 932 esse
1274 882 1375 952 posset
1398 872 1484 953 longa

155 975 295 1053 spoetica
316 972 447 1054 lieentia,
466 975 533 1052 qnia
553 973 648 1054 plenis
666 974 792 1054 pedibus
811 978 973 1057 superfuit,
992 979 1069 1039 sicut
1092 978 1148 1039 boc
1167 978 1247 1058 quod
1271 981 1342 1040 item
1361 990 1486 1061 ponunt,

341 1083 456 1140 omnia
481 1081 595 1141 vineit
617 1099 725 1163 amor,
749 1090 784 1143 et
807 1100 870 1143 nos
894 1082 1060 1146 cedamus
1083 1088 1209 1167 amori,
1413 1074 1416 1079 ⁵

182 1186 233 1247 ubi
261 1204 326 1246 mor
354 1187 420 1248 ideo
448 1189 545 1268 potnit
572 1187 711 1269 produci,
739 1191 808 1268 qnia
836 1199 904 1270 post
926 1209 1064 1252 emensos
1092 1190 1183 1272 pedes
1212 1194 1344 1272 integros
1370 1200 1485 1272 partem

183 1295 320 1364 terminat
347 1297 502 1376 orationis,
532 1297 648 1355 tametsi
677 1294 785 1356 vocalis
813 1304 964 1375 sequatur.
1013 1300 1119 1359 tertios
1148 1297 1253 1359 modus
1281 1307 1327 1359 est
1357 1298 1484 1377 syllabae

182 1403 361 1481 communis,
389 1419 456 1461 cnm
481 1400 604 1461 verbum
626 1400 743 1480 aliquod
771 1403 802 1462 iu
827 1402 956 1464 vocalem
979 1403 1119 1464 desinens
1142 1413 1310 1484 correptam
1336 1406 1484 1485 excipbur

144 1520 198 1567 toa
221 1505 336 1568 duabus
358 1506 603 1589 consonantibus,
630 1527 756 1587 quarum
784 1512 867 1589 prior
894 1513 933 1572 sit
958 1530 988 1572 s:
1015 1521 1065 1572 est
1092 1514 1172 1572 enim
1195 1520 1300 1573 natura
1329 1511 1428 1572 brevis
1453 1514 1484 1572 in

182 1615 237 1675 boc
261 1615 429 1693 Fortunati,

340 1721 530 1782 ordinibus
553 1725 663 1783 variis
686 1723 762 1783 alba
787 1723 994 1803 smaragdus
1018 1726 1126 1806 inest;

181 1839 227 1890 est
249 1832 394 1911 positione
418 1830 503 1909 longa
527 1832 557 1890 in
581 1829 637 1892 hoc
661 1831 788 1913 Sednlii,

340 1937 505 1998 adveniat
528 1955 675 2018 regnum
699 1939 765 1998 iam
788 1939 926 2017 iamque
951 1938 1095 2000 seilicet
1118 1939 1217 2001 illud.

141 2054 248 2105 1⁵cum
280 2063 349 2105 vero
379 2064 393 2105 s
423 2046 453 2104 in
484 2046 579 2125 capite
609 2045 691 2106 verbi
722 2045 812 2105 inerit
839 2048 1014 2106 consonanti
1041 2046 1090 2107 alii
1119 2045 1266 2127 subiecta,
1298 2064 1484 2125 nequaqnam

180 2160 278 2232 potest
301 2151 432 2212 ultimam
457 2151 538 2212 verbi
561 2153 670 2231 prioris
691 2151 830 2231 syllabam
854 2152 1033 2234 producere,
1056 2171 1132 2232 quae
1155 2156 1185 2213 in
1210 2153 1330 2214 brevem
1353 2154 1484 2214 desierat

182 2259 323 2340 vocalem,
346 2268 379 2320 ut
403 2258 542 2320 Sedulios
1232 2280 1256 2321 ο

339 2375 435 2427 stare
459 2366 570 2427 eboro
594 2376 629 2428 et
650 2366 808 2445 placidis
831 2367 1001 2428 caelestia
1025 2367 1180 2448 psallere
1205 2367 1339 2449 verbis,

179 2482 210 2535 et
232 2473 413 2535 Fortunatus
524 2500 535 2514 ·

139 2589 166 2626 ²⁰
340 2578 487 2640 vocibus
510 2579 666 2641 alternis
689 2581 808 2642 divina
832 2590 993 2663 poemata
1016 2581 1193 2663 psallunt;

180 2690 312 2769 falsoque
340 2687 442 2748 definit
464 2687 625 2768 Pompeius
648 2708 663 2749 s
687 2708 746 2750 non
775 2707 862 2769 posse
887 2689 1068 2770 liquescere,
1091 2690 1147 2750 uisi
1172 2690 1235 2768 ipsa
1258 2688 1428 2770 antecedat,
1452 2696 1484 2749 ut

181 2793 319 2879 ‘ponite
348 2813 428 2874 spes
455 2795 525 2855 sibi
554 2791 735 2876 quisque’.
772 2797 849 2857 hanc
873 2794 1011 2874 Virgilius
1039 2804 1069 2856 et
1096 2797 1126 2855 in
1158 2794 1254 2855 medio
1281 2795 1370 2856 verbo
1398 2794 1483 2856 alteri

179 2907 353 2965 consonanti
377 2903 587 2982 praepositam,
611 2902 662 2962 nbi
680 2902 867 2964 commodum
887 2902 983 2982 duxit,
1006 2900 1183 2981 liquentium
1205 2896 1208 2983 l
1230 2920 1311 2963 more
1335 2901 1484 2983 transiliit,

339 3011 504 3071 bortatur
528 3007 736 3070 binestheus
760 3028 852 3071 nunc
876 3027 969 3070 nunc
992 3010 1173 3088 insurgite
1197 3011 1319 3091 remis;

139 3121 236 3180 ²⁵uisi
264 3119 340 3179 sorte
368 3118 448 3177 bunc
471 3135 589 3177 versum
617 3119 658 3177 ita
681 3116 881 3178 scandendum
909 3124 1061 3196 putamuS,
1089 3124 1121 3176 ut
1147 3117 1186 3176 sit
1212 3115 1299 3176 borta
1323 3116 1483 3198 spondeus,

180 3235 228 3287 tur
257 3244 324 3287 mne
354 3223 516 3304 spondeus,
544 3223 648 3283 stheus
678 3241 757 3283 nunc
788 3221 952 3303 spondeus,
984 3202 1151 3282 conibnetis
1181 3221 1295 3282 seilicet
1324 3220 1484 3303 vocalibus,

179 3331 258 3411 quod
281 3330 484 3411 diphthongon
509 3338 621 3390 vocant
656 3329 736 3390 unde
759 3328 834 3390 bene
859 3329 1006 3408 Donatus,
1025 3346 1093 3389 cnm
1116 3328 1153 3388 de
1176 3328 1358 3408 liquentibus
1381 3328 1483 3408 loque·

179 3446 262 3500 retur
285 3438 405 3519 litteris,
435 3437 509 3500 dixit
531 3437 698 3519 specialiter
722 3437 758 3499 de
777 3436 836 3506 bac
860 3432 902 3497 ‘et
926 3455 940 3496 s
963 3435 1061 3497 littera
1084 3454 1155 3496 suae
1178 3435 1332 3497 cniusdam
1355 3444 1483 3516 potesta-

179 3549 217 3607 tis
236 3554 296 3625 est,
314 3564 389 3624 quae
408 3547 439 3605 in
459 3546 563 3604 metris
581 3543 757 3623 pierumque
776 3546 833 3605 tim
852 3545 1043 3604 consonantis
1062 3537 1190 3604 amittit’.
1219 3552 1265 3604 est
1282 3544 1360 3604 enim
1376 3542 1482 3604 modus

138 3659 165 3698 ³⁰
179 3662 303 3731 quartus
327 3651 451 3731 syllabae
476 3654 656 3734 communis,
679 3669 747 3712 oum
770 3661 838 3731 post
860 3651 966 3732 pedem
989 3650 1152 3731 quemlibet
1175 3669 1232 3712 una
1252 3650 1361 3730 syllaba
1385 3650 1483 3711 brevis

180 3760 355 3820 remanserit
379 3759 414 3819 de
435 3758 536 3840 verbo,
560 3776 635 3838 qnae
656 3757 699 3819 vel
722 3759 753 3819 in
774 3759 902 3820 vocalem
921 3758 1061 3819 desinens
1079 3760 1244 3839 excipiatur
1262 3777 1279 3818 a
1298 3766 1480 3819 consonante

180 3864 260 3925 verbi
293 3868 446 3945 sequentis
474 3866 518 3925 vel
546 3869 575 3926 in
604 3876 816 3927 consonantem
844 3864 984 3925 desinens
1012 3867 1177 3944 excipiatur
1205 3885 1221 3924 a
1249 3863 1348 3925 littera
1375 3864 1480 3927 vocali:

179 3979 225 4031 est
248 3973 326 4030 enim
352 3981 455 4032 natura
479 3971 577 4033 brevis
600 3975 630 4033 io
654 3972 725 4053 boc,

340 4081 444 4139 cuius
467 4097 556 4140 onus
579 4079 655 4139 leve
679 4087 747 4160 est,
770 4079 872 4138 euius
895 4079 977 4155 iuga
1001 4078 1097 4138 ierre
1122 4096 1228 4138 suave
1254 4085 1321 4159 estq

267 4241 283 4288 3
303 4233 460 4302 exemplum
479 4234 588 4302 ponunt
606 4233 633 4285 P
700 4232 792 4301 terga]
818 4230 894 4300 Vcrp.
910 4231 979 4284 Aere
995 4229 1104 4283 VIIII
1121 4237 1190 4285 61οε
1208 4232 1243 4297 cf.
1263 4230 1338 4285 Sero.
1357 4233 1389 4284 irc
1407 4231 1482 4285 Dore.

174 4331 204 4382 p.
224 4317 288 4380 424,
308 4319 342 4367 15
407 4310 548 4382 somnio]
573 4311 650 4381 Vero.
670 4311 755 4365 bucol.
774 4315 819 4376 10,
837 4315 874 4364 69
938 4311 1098 4379 ‘tinbegros
1115 4309 1200 4378 pedes
1218 4309 1245 4362 L
1308 4314 1341 4364 to
1360 4309 1483 4366 desierat

178 4393 256 4459 nPs
269 4393 379 4447 deserat
397 4393 428 4445 F
444 4391 612 4449 desinerits
689 4398 722 4447 19
740 4391 901 4446 lnmnncins
920 4389 951 4443 F
1024 4395 1057 4442 21
1078 4389 1176 4443 delinit
1195 4390 1222 4442 P
1236 4388 1347 4446 di..nit
1364 4388 1395 4442 F
1411 4389 1481 4444 diiii·

178 4472 251 4528 niuii
268 4472 426 4539 fdefininil
444 4472 471 4524 L
524 4469 655 4540 propeius
669 4468 700 4522 F
716 4487 783 4526 corr.
798 4468 945 4539 pompeins
962 4471 988 4536 s:
1010 4469 1104 4538 Pomp.
1118 4487 1147 4537 p.
1162 4474 1225 4534 117,
1239 4474 1278 4524 23
1334 4469 1397 4538 ipsa
1409 4468 1486 4537 LPs

178 4554 233 4624 ipsi
252 4553 282 4607 F
352 4559 385 4607 22
410 4551 517 4622 ponite]
543 4550 619 4620 Vero.
639 4550 708 4604 Aen.
729 4550 782 4603 XI
798 4554 853 4604 309
935 4555 969 4604 23
993 4550 1129 4605 transiliit
1150 4551 1183 4604 ui
1204 4550 1248 4604 est
1270 4549 1400 4605 hortabor
1421 4549 1482 4609 sP:

186 4633 261 4702 Verp.
282 4633 350 4686 Aen.
376 4632 402 4685 V
418 4637 472 4686 189
550 4636 584 4685 24
608 4647 681 4685 nunc
704 4630 782 4685 sanci
802 4630 936 4698 scriptum
957 4630 1037 4685 babet
1059 4630 1096 4697 F,
1120 4631 1162 4685 bis
1184 4629 1262 4696 LPf
1335 4634 1369 4683 25
1392 4630 1424 4684 ui
1446 4629 1483 4684 cit

178 4712 256 4779 LPf
271 4713 302 4764 ut
320 4710 374 4823 gh
421 4719 453 4767 ‘27
474 4710 612 4782 Donatus]
630 4727 658 4779 p.
678 4714 782 4776 368,2
854 4716 889 4764 29
908 4713 1024 4777 fortasse
1041 4712 1085 4764 est
1102 4709 1171 4764 ilem
1190 4710 1289 4765 modus
1308 4712 1425 4780 querius

179 4843 213 4891 30
231 4838 346 4905 querius
364 4795 490 4905 syllabae
510 4834 539 4888 P
