3316 5474
236 359 303 425 354
805 360 962 418 Avnncls

155 508 159 519 ,
235 462 390 510 mmmm

236 547 306 606 item
340 548 486 608 adversus
519 547 664 625 signifieat
696 554 725 608 ct
756 549 947 627 participium
976 595 982 608 .
1012 552 1128 608 circum
1162 548 1307 626 signiticat
1339 555 1369 607 et
1399 565 1505 608 nomen
1530 596 1537 609 .

234 661 353 733 praeter
386 654 531 732 significat
561 662 592 713 et
623 653 808 737 adverbium,
845 663 877 716 ut
909 654 986 734 apud
1020 653 1191 716 Sallustium
1224 649 1385 734 ‘praeter
1418 673 1539 715 rerum

195 786 203 805 ·
235 759 444 841 capitalium
481 755 747 848 condemnatis'
780 809 787 820 .
819 767 888 841 post
920 761 1065 840 signifieat
1101 769 1131 821 et
1167 760 1353 842 adverbium,
1390 770 1423 822 ut
1459 762 1537 840 apud

234 866 388 947 Virgilium
412 863 534 947 ‘longo
557 878 640 948 post
663 877 824 948 tempore
849 862 964 929 venit’
984 916 990 929 .
1010 876 1113 928 eontra
1137 869 1335 948 siguificatet
1357 868 1538 950 adverbium,

235 983 268 1036 ut
291 982 362 1055 puta
385 970 500 1036 ‘contra
523 971 646 1036 laciens'
670 1025 676 1037 .
700 995 768 1037 cum
792 977 938 1056 signitioat
956 983 986 1036 et
1005 974 1190 1057 adverbium,
1214 985 1247 1037 ut
1266 975 1342 1056 apud
1363 974 1567 1037 Ciceroneme

159 1134 163 1141 .
236 1078 330 1143 ‘cum
353 1082 416 1142 hos
439 1078 641 1143 audiebam'
666 1131 672 1144 .
695 1101 766 1162 prae
790 1083 935 1162 significat
959 1090 989 1143 ct
1007 1082 1193 1165 adverbium,
1215 1093 1249 1145 ut
1267 1083 1345 1164 apud
1364 1084 1538 1144 Terentium

236 1184 245 1213 ‘
252 1207 335 1269 prae
355 1197 392 1249 ut
410 1185 535 1250 buius'
551 1237 557 1250 .
572 1193 636 1251 sine
652 1183 657 1271 t
673 1191 818 1269 significat
831 1198 862 1251 et
877 1189 999 1251 verbum
1013 1237 1020 1250 .
1035 1208 1126 1270 super
1145 1193 1289 1271 significat
1308 1198 1338 1251 et
1357 1189 1538 1272 adverbium,

236 1305 269 1358 ut
283 1296 360 1376 apud
376 1295 528 1376 Virgilium
549 1293 674 1377 ‘super
697 1299 768 1376 ipsi
791 1296 1015 1358 Dardanidae
1037 1292 1191 1358 inlensi'
1206 1345 1213 1358 .
1228 1316 1261 1358 re
1280 1307 1311 1358 ot
1328 1315 1370 1380 se,
1389 1300 1413 1358 si
1432 1315 1538 1376 presso

235 1413 360 1466 accentu
392 1407 638 1486 pronuntientur,
670 1407 905 1485 praepositiones
938 1424 1003 1467 esse
1036 1407 1243 1484 reperiuntur,
1276 1413 1308 1465 ut
1338 1413 1409 1484 puta
1437 1405 1536 1465 resero

236 1513 328 1593 reicr,
351 1520 486 1593 separato
510 1531 634 1574 securus
659 1513 807 1574 seduxit.
831 1521 861 1573 at
884 1531 954 1573 vero
977 1531 1009 1573 re
1033 1521 1133 1594 etse,
1162 1514 1187 1572 si
1210 1520 1297 1572 acuto
1321 1520 1444 1573 accentu
1468 1531 1536 1592 pro·
1554 1531 1580 1569 xo

234 1621 424 1701 nuntientur,
451 1638 510 1679 non
538 1623 787 1702 praepositiones,
817 1618 868 1681 sed
897 1619 953 1680 boe
981 1618 1059 1699 quod
1088 1620 1254 1699 significant
1277 1619 1475 1700 appellantur,
1504 1630 1537 1679 ut

235 1734 305 1805 puta
330 1725 430 1805 regula
453 1729 528 1787 retia
552 1729 637 1806 rctiS,
665 1726 754 1786 sedeo
779 1728 864 1787 senui
889 1744 1028 1805 sequor.
1053 1728 1096 1787 sic
1123 1729 1211 1787 etin
1240 1728 1348 1787 ceteris
1371 1724 1479 1786 talibus
1503 1745 1536 1785 re

236 1842 265 1893 et
284 1851 325 1914 se,
348 1832 466 1912 quando
486 1835 546 1919 sint
569 1835 803 1912 praepositiones
827 1841 857 1893 et
880 1833 997 1912 quando
1016 1833 1080 1894 aliis
1099 1833 1233 1914 partibus
1252 1835 1394 1894 orationis
1413 1850 1535 1912 respon-

235 1937 336 2013 deant,
360 1958 415 2018 per
437 1949 613 2001 accentuum
638 1960 727 2002 sonos
750 1941 951 2003 dinoscentur.

324 2046 424 2108 Tenus
443 2051 692 2128 praepositionem
707 2048 845 2128 Virgilius
860 2051 949 2110 metri
967 2051 1144 2110 necessitate
1163 2051 1299 2128 genetivo
1318 2051 1400 2111 casui
1420 2051 1537 2109 numeni
1553 2064 1580 2105 rs

234 2145 356 2232 pluralis
380 2158 564 2238 praeposuit,
587 2165 621 2217 ut

470 2280 616 2323 crurum
640 2271 745 2323 tenus
768 2281 784 2322 a
808 2270 925 2323 mento
949 2262 1112 2342 palearia
1135 2264 1300 2344 pendent

324 2384 405 2446 lnter
428 2405 528 2447 coram
552 2395 582 2448 et
604 2387 699 2467 palam
723 2389 957 2469 praepositiones
980 2388 1056 2450 bane
1079 2390 1181 2451 volunt
1203 2388 1294 2467 aliqui
1314 2407 1379 2449 esse
1398 2387 1535 2449 differen-

235 2493 319 2574 tiam,
342 2503 376 2554 ut
394 2493 488 2573 palam
509 2496 586 2554 notis
606 2494 650 2554 vol
669 2497 777 2575 ignotis
797 2495 987 2580 respondeat,
1005 2480 1039 2559 ut
1058 2507 1128 2577 puta
1147 2496 1242 2577 palam
1262 2497 1412 2577 omnibus,
1435 2514 1534 2556 coram

236 2607 335 2660 autem
359 2603 437 2661 notis
461 2610 575 2662 tantum
599 2602 790 2686 respondeat,
813 2612 847 2664 ut
870 2613 940 2684 puta
964 2623 1064 2665 coram
1087 2614 1185 2685 patre,
1208 2623 1308 2664 coram
1332 2606 1432 2665 amico.
1551 2621 1578 2660 ao

325 2726 386 2786 Con
419 2737 449 2787 et
481 2729 511 2786 in
544 2729 792 2810 praepositiones,
825 2729 850 2787 si
879 2747 893 2787 s
922 2727 968 2788 vel
998 2727 1012 2788 l
1039 2727 1147 2790 litteris
1179 2739 1416 2808 praeponuntur,
1449 2737 1536 2788 acuto

235 2843 360 2896 accentu
375 2836 620 2916 pronuntiantur,
643 2844 676 2896 ιιῑ
695 2844 765 2915 puta
783 2834 915 2895 insolens
933 2836 1073 2919 inlestus,
1096 2854 1283 2915 consequens
1302 2836 1469 2917 coniessns;
1493 2837 1536 2895 sie

235 2949 265 3001 et
288 2949 387 3002 cetera
412 2941 487 3003 talia.

322 3048 356 3108 ln
384 3057 414 3109 et
441 3048 477 3108 ad
505 3052 739 3129 praepositiones
767 3049 924 3111 voluerunt
951 3048 1027 3109 banc
1054 3049 1144 3129 aliqui
1176 3048 1285 3109 babere
1318 3048 1536 3129 discretionem,

234 3155 290 3216 boc
314 3163 417 3216 estut
444 3158 537 3234 siquis
566 3156 643 3216 dicat
672 3151 714 3216 ‘in
744 3156 839 3216 lorum
864 3150 921 3237 co',
948 3158 978 3215 in
1005 3158 1103 3235 ipsum
1132 3158 1228 3217 lorum
1253 3175 1285 3215 sc
1309 3157 1351 3215 ire
1376 3156 1576 3236 signiticet325

235 3270 264 3324 at
287 3282 357 3324 vcro
381 3265 474 3343 siquis
498 3263 576 3323 dicat
600 3283 631 3324 sc
655 3262 691 3323 ad
715 3264 816 3323 iorum'
831 3264 889 3344 ire,
913 3262 947 3322 ad
967 3262 1064 3324 locum
1084 3266 1136 3343 qui
1155 3272 1200 3324 est
1217 3265 1298 3323 iuxta
1318 3264 1415 3322 lorum
1434 3265 1535 3323 veniro

235 3370 406 3449 significet.
427 3370 478 3431 sed
497 3370 553 3430 boe
574 3370 678 3430 Cicero
699 3368 874 3448 improbavit
892 3371 922 3429 in
941 3371 1093 3431 invectivis
1112 3370 1214 3430 dicens
1238 3364 1346 3448 ‘quod
1370 3368 1536 3428 vitandae

234 3480 457 3558 suspicionis
481 3497 588 3539 causa
611 3477 652 3537 ad
676 3477 832 3538 Marcum
854 3475 1025 3556 Lepidum
1049 3486 1082 3539 te
1102 3477 1267 3538 babitare
1287 3473 1377 3535 velle
1397 3474 1536 3556 dixisti,

326 3728 338 3774 1
359 3720 427 3774 item
447 3720 587 3790 significat
604 3720 784 3790 participium
803 3719 944 3789 significat
962 3762 969 3774 .
989 3720 1129 3792 signifieat
1151 3722 1181 3775 et
1202 3736 1303 3775 nomen
1327 3737 1375 3788 per
1398 3717 1537 3789 significat

235 3802 265 3857 et
292 3800 455 3856 oduerbium
479 3802 508 3855 et
530 3800 605 3869 apud
628 3799 786 3855 sallustium
809 3817 859 3869 per
881 3817 972 3854 rerum
995 3800 1039 3854 B:
1066 3801 1252 3869 suppleaocota
1273 3800 1403 3869 praebuit
1428 3798 1536 3854 Probus

232 3897 261 3949 p.
286 3885 366 3945 1424
441 3887 457 3933 2
488 3881 609 3951 praeter]
634 3880 746 3934 Sallust.
773 3879 853 3935 Catil.
878 3885 944 3946 36ss
1023 3886 1040 3934 4
1063 3880 1161 3950 longo]
1191 3879 1268 3948 Verg.
1293 3880 1378 3934 bucol.
1401 3885 1465 3945 1‚30

235 3961 332 4015 contra
345 3957 484 4028 significat
499 3960 662 4015 aduerbium
676 3961 704 4014 Β
736 4006 740 4011 .
776 3968 877 4030 tpros
896 3960 1036 4030 significat
1054 3965 1083 4016 et
1095 3961 1260 4016 ednerbinm
1274 3963 1304 4015 at
1317 3959 1392 4028 apud
1404 3958 1535 4028 pfntuns.

236 4040 301 4095 Sine
324 4039 464 4109 significat
486 4039 649 4094 oduerbium
667 4040 708 4094 B:
732 4057 799 4110 pme
822 4040 963 4110 significat
985 4044 1014 4096 et
1031 4041 1206 4109 adverbium,
1232 4044 1264 4096 ut
1281 4040 1356 4111 apud
1375 4039 1536 4094 Terentium

237 4120 315 4191 ‘prae
334 4124 367 4175 ut
389 4121 471 4175 huius
489 4119 591 4175 rabies’
613 4163 618 4174 .
640 4120 698 4175 sine
718 4121 857 4190 significat
874 4124 903 4176 et
920 4121 1048 4189 verbum,
1073 4125 1105 4176 ut
1122 4122 1197 4192 opud
1215 4121 1375 4176 Terentium
1401 4118 1473 4174 ‘sins
1492 4136 1535 4173 mo

233 4201 378 4271 pervenire
398 4218 452 4270 qno
470 4202 546 4257 volo'
568 4200 678 4255 Probus
693 4219 722 4270 p.
741 4206 841 4267 149,17
917 4217 983 4270 prae
1002 4202 1046 4274 ut]
1070 4202 1174 4257 Terent.
1194 4202 1323 4256 Eunuch.
1344 4202 1385 4253 11
1402 4205 1465 4264 3,10

236 4288 252 4336 8
272 4297 355 4351 super
373 4281 428 4351 ipsi
447 4281 563 4336 dardani
582 4325 588 4336 .
609 4300 629 4337 s.
649 4282 683 4336 de
702 4281 804 4336 infensi
821 4282 867 4335 B:
882 4281 958 4351 Verp.
978 4283 1047 4338 Aen.
1063 4283 1105 4335 ΙΙ
1118 4288 1151 4337 71
1226 4287 1259 4334 10
1278 4282 1406 4348 separato
1425 4296 1536 4333 securus

234 4361 355 4432 seduxit]
375 4360 457 4415 sedeo
477 4361 554 4415 senui
573 4377 674 4429 sequor
691 4360 719 4413 B
733 4382 741 4413 :
756 4362 790 4427 cs.
804 4361 883 4427 intro
898 4367 934 4416 12
1009 4368 1040 4416 11
1060 4360 1124 4431 hoe]
1144 4361 1190 4415 hie
1203 4361 1230 4413 Β
1304 4365 1337 4411 12
1356 4358 1438 4412 sedeo
1458 4359 1535 4413 senui

235 4442 345 4512 sequor]
366 4443 495 4510 separato
515 4458 624 4496 securus
643 4442 754 4497 seduxit
767 4442 794 4494 Β
809 4462 817 4493 .·
832 4442 865 4508 cs.
880 4458 966 4511 supra
981 4447 1016 4496 10
1087 4441 1116 4494 in
1135 4439 1234 4495 ceteris
1252 4437 1316 4494 aliis
1334 4439 1361 4491 Β
1434 4444 1467 4491 14
1487 4456 1536 4507 per

234 4525 380 4576 accentum
398 4538 479 4576 sonos
493 4521 520 4573 Β
593 4527 624 4575 17
646 4539 740 4576 crurus
758 4523 840 4574 tenus
853 4521 895 4572 B:
916 4521 993 4591 Vcrp.
1007 4539 1095 4592 georg.
1111 4522 1174 4574 ΙΙΙ
1186 4525 1222 4575 53
1296 4524 1328 4572 18
1347 4517 1424 4572 Inter
1443 4536 1536 4573 coram

234 4600 329 4670 palam
348 4600 563 4670 praepositionis
580 4601 654 4655 hanc
673 4602 773 4656 uolunt
791 4601 879 4670 eliqni
898 4618 956 4656 esse
975 4601 1196 4672 praepositiones
1215 4601 1247 4654 nt
1259 4600 1287 4652 Β
1358 4598 1535 4668 tutantem]

234 4681 375 4734 mmB
438 4681 699 4736 mmmmB
763 4682 1093 4751 mmmmm&
1156 4679 1536 4748 mmmmmmms

233 4760 275 4814 B:
295 4760 350 4815 (lic.
370 4763 402 4815 in
421 4762 502 4817 Galil.
522 4763 543 4815 Ι
560 4768 624 4829 8,19
643 4783 652 4814 .·
670 4762 705 4828 cs.
729 4762 806 4832 Serp.
825 4763 934 4831 emplum
957 4763 990 4816 in
1011 4763 1084 4818 Doo.
1112 4780 1139 4831 p.
1169 4765 1273 4830 517,22
1365 4766 1398 4815 28
1427 4762 1535 4832 dixisti]

234 4840 361 4896 existiB
