3316 5474
248 368 314 432 452
738 366 912 422 ARVSIANI
932 366 1051 421 MESSH

248 481 271 518 p.
285 472 331 512 atr.
346 471 384 509 ata
400 470 426 508 u.
758 473 765 488 ·

250 557 371 615 statim
394 555 523 615 Romae
547 562 581 614 et
604 554 643 614 ad
670 553 791 614 urbem
814 571 989 632 quaerere
1009 560 1043 613 et
1061 555 1199 631 agitare
1219 570 1296 612 cum
1317 552 1402 613 suis
1424 556 1574 635 coepit,

249 661 278 722 id
310 669 357 722 est
388 663 417 722 in
451 660 524 722 urbe
557 669 588 721 et
619 662 771 741 proiectus
804 663 861 721 iam
893 662 971 721 circa
1005 658 1110 720 urbem
1139 707 1145 720 .
1178 658 1229 718 sed
1261 661 1386 738 gravius
1423 659 1573 722 adfertur

249 767 415 848 exemplum
440 769 550 847 primae
570 770 693 829 actionis
712 770 741 828 in
758 767 879 828 Verrem
894 767 994 844 (8,22)
1018 786 1056 828 ex
1082 767 1137 827 his
1161 767 1262 845 quasi
1285 765 1418 828 decem
1445 768 1572 829 fiscos

249 875 289 935 ad
313 884 517 936 senatorem
541 875 640 937 illum
667 875 825 935 relictos

337 982 487 1043 adsuesco
510 982 568 1043 illis
592 981 695 1063 rebus,
718 981 802 1061 Verg.
826 983 897 1042 Aen.
921 980 984 1042 Vlll
1008 982 1102 1054 (174)
1130 983 1310 1041 sociorum
1340 981 1570 1044 adsuescite
1594 999 1608 1038 s

249 1091 412 1150 mensis.
436 1089 578 1150 adsuesco
607 1089 684 1150 illam
713 1108 790 1168 rem,
821 1088 899 1148 idem
928 1087 999 1150 den.
1022 1086 1058 1146 Vl
1087 1088 1178 1160 (833)
1212 1106 1253 1147 ue
1286 1097 1386 1148 tanta
1425 1091 1570 1150 animis

248 1195 453 1257 adsuescite
478 1195 570 1256 ltclla
594 1244 601 1256 .
625 1196 766 1256 adsuetus
789 1194 831 1256 illi
854 1197 911 1277 rei,
935 1193 1018 1273 Verg.
1043 1195 1113 1254 hen.
1137 1193 1187 1255 v11
1211 1188 1309 1276 (490)
1333 1213 1569 1276 mensaeque

248 1302 421 1363 adsuetus
445 1302 552 1363 herili
576 1351 582 1362 .
606 1302 747 1363 adsuetus
772 1303 882 1382 lacere,
905 1300 984 1362 idem
1007 1300 1076 1361 hen.
1101 1300 1178 1361 Vllll
1202 1301 1290 1373 (51])

506 1409 649 1470 adsueti
672 1407 778 1487 longo
803 1426 923 1469 muros
945 1407 1140 1468 defendere
1164 1405 1258 1467 bello
1282 1454 1288 1466 .

339 1515 620 1590 adsiduitatis.
645 1516 792 1577 Siciliensi
816 1517 862 1588 (io
893 1515 977 1576 l'err.
1002 1515 1040 1575 ΙΙ
1059 1514 1169 1587 3383)
1194 1512 1368 1573 Sthenius
1392 1525 1469 1597 est,
1502 1517 1606 1579 hiero

249 1626 309 1702 qui
333 1623 435 1684 nobis
458 1624 612 1704 adsidet,
636 1623 930 1683 Thermitanus*
954 1637 1068 1699 neque
1088 1619 1254 1680 adsidere
1274 1618 1471 1682 Gabinium
1499 1635 1567 1687 aut

229 1730 383 1817 ,alloqui
415 1733 449 1791 in
483 1734 582 1791 curia
615 1733 801 1810 quisquam
834 1727 989 1790 audebat
1017 1776 1023 1788 .
1052 1726 1166 1787 adsidet
1198 1726 1279 1787 illum
1312 1729 1340 1787 in
1375 1727 1426 1788 illa
1461 1743 1566 1813 parte,

249 1837 305 1898 Sal.
330 1837 390 1916 lug.
415 1839 510 1911 (tta)
535 1838 659 1899 dextra
683 1837 922 1898 Adherbalem
946 1835 1095 1896 adsedit.
1117 1829 1121 1917 Ι

338 1944 504 2006 Abhorrerc
527 1945 623 2026 illum,
651 1946 710 2006 llic.
734 1964 787 2025 pro
811 1944 946 2005 Cluentio
970 1944 1091 2016 (MAI)
1125 1960 1223 2002 nemo
1256 1942 1354 2002 illum
1384 1948 1565 2008 corrririo

248 2051 392 2130 dignum
415 2050 614 2133 iudicabat,
651 2069 771 2112 onrries
800 2049 1100 2131 aspernabantur,
1137 2067 1257 2108 omnes
1289 2048 1603 2133 abhorrebant,1s

248 2176 372 2218 (turries
395 2167 433 2219 ut
456 2158 611 2237 aliquam
635 2161 820 2218 immanem
845 2177 882 2219 ac
906 2161 1148 2238 perniciosam
1168 2155 1317 2216 bestiam
1336 2164 1562 2238 pestemque

249 2263 436 2342 fugiebant
450 2312 456 2324 .
471 2264 632 2325 abhorrere
652 2265 687 2324 ab
708 2264 771 2345 illo,
788 2265 860 2339 ,Teu
880 2264 968 2344 lleoy.
989 2267 1023 2336 (I
1029 2265 1053 2324 V
1069 2264 1157 2338 492)
1177 2262 1374 2323 abhorrere
1393 2267 1492 2325 anim
1502 2286 1522 2327 u
1531 2287 1561 2327 ur

248 2370 332 2431 huic
357 2370 458 2431 rideo
482 2391 497 2431 a
522 2374 668 2451 nuptiis.

338 2478 452 2538 hdnare
483 2478 518 2539 ad
547 2497 610 2539 cam
644 2497 721 2559 rem,
754 2480 812 2539 Cic.
845 2479 881 2539 de
914 2497 975 2558 rep.
1002 2476 1029 2536 ll
1061 2469 1153 2552 (49)
1175 2488 1212 2538 ut
1244 2475 1283 2535 ad
1317 2494 1390 2535 cam
1424 2477 1560 2540 urbem

249 2603 349 2664 qimm
374 2586 511 2647 incolas
535 2589 650 2667 possit
673 2586 803 2646 adnare
828 2634 834 2647 .
858 2585 966 2645 adnare
990 2584 1031 2645 illi
1055 2587 1114 2664 rei,
1139 2583 1222 2662 Verg.
1243 2586 1312 2643 Aen.
1332 2582 1344 2641 l
1364 2584 1459 2657 (538)
1486 2585 1600 2648 hucao

247 2695 352 2770 pauci
376 2697 508 2755 restris
531 2695 737 2754 adnavimus
760 2696 842 2754 oris.

337 2799 499 2878 adgredior
522 2801 618 2882 illum,
642 2800 725 2880 l'erg.
750 2805 819 2861 Aen.
843 2799 894 2859 llll
918 2800 989 2874 (92)

435 2906 569 2968 talibus
593 2907 804 2986 adgreditur
828 2907 999 2968 Venerem
1024 2906 1192 2966 Saturnia
1217 2905 1324 2965 dictis
1349 2909 1381 2963 ‚⁴

249 3012 406 3091 adgredior
428 3014 462 3075 ad
487 3014 572 3094 illud,
596 3014 699 3075 Cicero
723 3034 777 3094 pro
800 3014 936 3075 Cluentio
960 3013 1038 3088 (aa)
1062 3011 1254 3090 adgredior
1277 3011 1316 3071 ad
1341 3013 1491 3074 crimen.

222 3134 224 3139 '
337 3121 531 3182 hcoounnoda
564 3121 633 3182 ltnic
666 3123 722 3201 rei,
756 3120 839 3200 Verg.
872 3121 941 3180 Aen.
974 3118 1014 3179 xl
1047 3120 1137 3191 (5⁴22)
1170 3117 1393 3178 accoutmoda
1428 3120 1595 3182 tranatico

248 3246 498 3307 armorumque
533 3228 624 3289 dolis
658 3276 664 3288 .
697 3227 935 3287 accommodatus
962 3227 998 3286 ad
1029 3225 1102 3286 hanc
1131 3244 1208 3306 reni,
1236 3225 1296 3287 Cic.
1327 3245 1381 3305 pro
1410 3225 1553 3289 lilitentio

249 3334 372 3414 (taso)
405 3342 480 3393 arte
512 3333 659 3411 quadam
693 3333 882 3413 praeditus
914 3333 954 3392 ad
988 3331 1159 3393 libidines
1192 3331 1553 3395 adolescentulorum

249 3439 455 3499 excitandas
483 3440 745 3500 accounnodata
770 3487 776 3498 .
800 3438 991 3499 adoonnnodo
1021 3439 1089 3499 huic
1117 3442 1174 3519 rei,
1202 3437 1285 3517 Vrrg.
1310 3443 1379 3499 heti.
1404 3437 1428 3497 ll
1454 3442 1553 3514 (393)

247 3544 427 3622 laterique
460 3545 705 3607 adcommodat
737 3564 857 3605 ensem
881 3592 887 3605 .
912 3544 1103 3606 adcommoda
1137 3545 1172 3606 ad
1206 3545 1280 3606 hanc
1313 3565 1388 3622 rem,
1421 3546 1482 3606 tlte.
1512 3547 1552 3607 de

229 3649 337 3731 ‘repl
357 3652 488 3724 (tato)
508 3651 777 3713 adcoinmodabo
797 3651 836 3712 ad
857 3669 944 3733 eam,
968 3653 998 3712 si
1015 3661 1157 3732 potero,
1180 3670 1317 3711 orituram
1336 3654 1551 3715 orationem.
1567 3668 1594 3708 ao

877 3853 918 3881 tux

338 3892 426 3948 Codex
446 3894 594 3948 Parrhasii
641 3896 763 3949 titonia
839 3846 948 3948 seirath
966 3895 1064 3950 orbem
1082 3897 1168 3950 deleta
1186 3913 1209 3950 a,
1228 3896 1301 3951 cirea
1319 3901 1344 3950 ct
1361 3897 1553 3965 strperaeu'pta
1629 3922 1636 3935 ·

246 3975 325 4029 iuxta
347 3975 419 4041 αῑία,
446 3979 477 4027 ut
505 3974 624 4042 uidetur,
649 3993 734 4030 ariana
819 3975 868 4029 sed
891 3974 984 4044 grauia
1011 3975 1055 4030 his
1083 3975 1207 4030 adfertur
1235 3977 1391 4045 exemplum
1416 3992 1431 4029 e
1455 3976 1552 4044 pirima

247 4108 540 4164 factionisinVerrem
614 4116 647 4164 10
658 4109 810 4164 Siciliensis
820 4058 928 4163 thenius
1001 4114 1033 4162 13
1049 4110 1121 4180 lug]
1136 4110 1205 4180 uirg.
1281 4116 1313 4164 15
1327 4110 1552 4178 aspernabantur

284 4196 317 4244 tt
336 4191 498 4259 pestemque
517 4190 736 4257 aspernebantur
754 4188 912 4259 fugiebant,
934 4189 980 4242 scd
1003 4188 1089 4243 deleta
1108 4208 1130 4244 e.
1150 4192 1368 4260 aspernabantur
1448 4197 1483 4244 ’26
1504 4208 1551 4245 ac·

247 4269 450 4339 commodatos]
470 4270 650 4325 accommoda
722 4277 755 4325 ‘28
775 4270 995 4340 accommodata]
1015 4272 1256 4325 accommodatum
1329 4278 1362 4325 30
1381 4270 1414 4323 ad
1435 4288 1469 4324 ea

335 4438 483 4509 ‘agrarios
502 4438 627 4493 adfertur
645 4441 796 4496 llouoeuaa
813 4458 841 4509 p.
860 4445 906 4506 37,
933 4458 1018 4510 grave
1045 4441 1088 4495 his
1113 4441 1238 4496 adierim
1256 4441 1335 4507 MP,
1363 4440 1476 4511 gravius
1504 4443 1551 4499 his

247 4520 371 4575 adfertur
389 4537 423 4574 ex
443 4519 468 4573 G
487 4519 695 4576 lacedemonum
768 4527 800 4574 10
819 4520 877 4591 hic]
901 4519 925 4575 is
944 4522 1047 4576 codices
1066 4521 1203 4578 Ciceronis
1276 4529 1306 4576 11
1328 4520 1550 4580 Thermitanus.

247 4600 373 4655 adsidere
391 4600 473 4654 illum
492 4599 547 4654 Cic.
568 4618 656 4671 neque
676 4602 802 4656 adsidere
824 4602 860 4654 M
879 4643 884 4654 .
905 4601 1020 4654 alterum
1039 4600 1177 4657 Oicmoais
1199 4603 1348 4672 exemplum
1371 4619 1403 4655 car
1426 4602 1498 4657 libro
1517 4606 1552 4658 de

247 4683 305 4736 sais
324 4680 446 4735 consiliis
463 4681 650 4749 depromptam
669 4699 721 4736 csse
740 4683 898 4751 suspicatur
916 4681 1031 4735 Beicrua
1051 4681 1106 4735 Gir.
1125 4687 1193 4736 orat.
1212 4684 1311 4752 [rapta.
1327 4701 1356 4751 p.
1378 4687 1431 4735 aaa

247 4765 281 4813 24
299 4759 449 4828 adgrediar
466 4761 502 4813 ad
522 4759 625 4814 crimen
645 4761 737 4815 Cicero
809 4765 843 4814 28
862 4761 1057 4832 adcommodo]
1077 4761 1151 4817 aton.
1166 4780 1195 4830 p.
1211 4767 1267 4817 944
1339 4768 1372 4814 30
1392 4777 1550 4820 accommo-

247 4838 375 4895 debead
394 4857 469 4908 eam,
488 4841 512 4896 si
530 4844 660 4911 potuero,
680 4858 789 4895 omnem
807 4841 887 4895 illam
906 4841 1058 4896 orationem
1079 4842 1162 4897 codex
1181 4841 1318 4897 Giccreais
