3316 5474
240 379 307 445 272
835 381 956 438 BEDAE

239 492 261 530 p.
275 483 335 523 area.
350 481 376 522 aa
390 481 415 521 Ρ.

328 566 452 627 Emanat
476 567 542 627 fons
566 569 627 627 sive
652 577 731 628 terra
755 587 875 650 aquam,
899 569 928 630 id
953 578 998 630 est
1021 571 1115 647 gignit
1138 588 1171 628 ac
1198 568 1348 652 producit,
1377 579 1407 631 et
1430 579 1551 632 emanat

239 693 314 754 aqua
333 672 369 733 dc
390 682 468 734 terra
488 676 549 733 sive
569 675 666 755 fonte,
685 674 714 735 ld
734 685 780 737 est
798 674 932 755 profluit:
955 674 1117 753 Gregorius
1136 671 1214 755 ‘qui
1236 676 1337 738 locus
1356 697 1372 738 a
1391 676 1550 738 Romana

240 779 329 842 urbe
361 779 597 859 quadraginta
628 783 705 842 fere
736 781 882 843 milibus
912 781 1051 842 distans
1083 782 1235 860 frigidas
1266 792 1374 862 atque
1404 786 1549 865 perspi·

239 905 324 949 onas
347 896 487 949 emanat
510 883 644 969 aquas',
667 890 829 949 etiterum
852 884 889 947 de
913 886 1017 947 eodem
1042 887 1180 968 sepulcro
1205 885 1322 950 ‘illius
1346 891 1550 970 fraglantia

239 996 438 1055 suavitatis
462 988 664 1055 emanarit'.
1563 1011 1577 1049 a

327 1100 495 1182 Exprobrat
514 1104 565 1181 qui
584 1111 798 1163 commemorat
817 1121 893 1181 quae
911 1103 1074 1182 praestitit,
1097 1101 1259 1182 obprobrat
1278 1105 1330 1183 qui
1349 1103 1547 1184 obprobrium

239 1209 382 1289 obiectat,
404 1209 460 1269 boc
484 1218 530 1270 est
553 1211 664 1270 vitium.

328 1315 509 1396 Expectatur
532 1324 690 1395 venturus,
713 1323 866 1393 spectatur
888 1317 941 1394 qui
964 1314 1080 1376 videtur
1103 1316 1147 1376 rel
1171 1315 1323 1396 probatur.

327 1423 485 1485 Exercitus
507 1420 672 1502 laboribus,
696 1423 875 1482 exercitatus
898 1420 1013 1483 studiis.
1114 1400 1120 1411 ⁸

327 1531 491 1591 Exstruere
520 1538 567 1590 est
593 1530 624 1588 in
652 1528 743 1588 altum
773 1537 903 1609 struere,
932 1529 1082 1589 iustruere
1111 1532 1203 1590 aciem
1232 1530 1276 1590 vel
1305 1531 1464 1611 actionem,
1495 1529 1546 1590 ad·
1564 1546 1590 1583 ιο

239 1646 357 1698 struere
376 1637 541 1716 adflrmare,
560 1642 736 1695 construere
755 1637 784 1693 iu
805 1633 948 1696 struendo
968 1637 1158 1716 coniungere,
1176 1632 1371 1718 substruere}
1395 1655 1426 1697 re
1447 1636 1545 1715 aliqua

240 1762 329 1823 supra
353 1745 448 1824 posita
472 1740 724 1803 subterstruere.

327 1849 476 1910 Excubiae
500 1867 554 1928 per
577 1846 610 1928 b,
634 1851 756 1909 exuviae
779 1867 834 1928 per
857 1868 873 1907 v
898 1847 1080 1909 scribendae.

327 1955 497 2018 Eorundem
522 1965 551 2015 et
575 1955 735 2016 earundem
760 1974 812 2034 per
836 1975 855 2016 n
879 1956 1082 2035 exprimenda,
1106 1973 1165 2016 non
1188 1975 1243 2036 per
1267 1976 1304 2017 m.

328 2096 457 2158 Fimbria
479 2115 588 2176 genere
612 2097 754 2158 feminino
778 2105 809 2157 ot
831 2094 981 2157 fimbrium
1004 2095 1114 2158 dicitur
1138 2107 1253 2159 neutro.
1561 2114 1587 2151 1⁵

328 2202 415 2264 Fides
439 2202 506 2263 ndei
529 2202 566 2263 de
590 2201 779 2283 credulitate,
802 2202 875 2263 tides
899 2201 964 2262 fldis
987 2202 1024 2263 de
1048 2202 1171 2284 cborda3
1194 2215 1319 2282 utraque
1344 2223 1377 2265 es
1399 2203 1494 2285 longa.

326 2309 459 2370 Flemina
482 2317 566 2388 sunt,
590 2309 639 2370 ubi
663 2309 815 2371 abundant
837 2327 926 2371 crura
949 2311 1106 2391 sanguine3
1133 2310 1276 2392 plemiua,
1305 2329 1373 2371 cum
1397 2313 1427 2372 in
1453 2313 1545 2371 mani-

241 2417 297 2479 bus
321 2415 366 2476 vel
388 2418 420 2476 in
443 2415 568 2495 pedibus
591 2414 708 2476 callosis
732 2415 806 2476 sulci
830 2423 909 2476 suut.
969 2472 971 2476 .

328 2523 433 2584 Fastus
461 2521 498 2582 de
525 2520 664 2600 superbia
694 2521 765 2581 facit
801 2521 930 2582 fastuum
958 2522 1094 2599 genetivo
1122 2521 1241 2603 plurali,
1273 2523 1367 2583 fastus
1396 2523 1432 2583 de
1461 2521 1545 2584 libris

241 2632 312 2691 facit
335 2631 487 2690 fastorum.
1557 2644 1599 2682 ιο.

329 2737 425 2816 Euogi
448 2753 535 2815 agere
559 2743 621 2817 est,
644 2735 766 2815 defungi
788 2751 938 2814 peragere.

328 2843 452 2904 Fremor
475 2852 522 2903 est
544 2861 680 2904 murmur
703 2843 870 2922 hominum,
894 2842 1031 2901 fremitus
1055 2842 1193 2902 ferarum.

296 2976 301 2994 ·
328 2950 449 3011 Flavum
477 2950 603 3011 dicimus
631 2947 770 3023 rubeum,
798 2951 876 3009 sicut
903 2940 1013 3030 (Vera.
1037 2950 1144 3024 georg.
1174 2948 1195 3007 I
1219 2942 1277 3030 96)
1307 2948 1397 3009 flava
1427 2948 1546 3030 Ceres,

241 3059 359 3119 furvum
382 3059 515 3136 nigrum,
538 3057 650 3136 fulvum
677 3056 762 3135 nigro
788 3054 928 3136 rubeum,
951 3056 1030 3116 sicut
1052 3052 1164 3114 fulvum
1187 3053 1302 3116 leonem
1327 3057 1466 3137 dicimus,
1489 3055 1545 3117 lul·

241 3183 304 3225 vam
328 3162 454 3243 aquilam
478 3173 509 3225 et
533 3162 645 3224 fulvum
668 3181 774 3224 aurum
797 3170 828 3222 et
851 3153 960 3242 (Verg.
979 3163 1053 3222 Aen.
1073 3161 1145 3220 XII
1167 3155 1246 3242 792)
1271 3157 1385 3223 ‘fulva
1408 3178 1587 3243 pugnasse

240 3270 281 3331 dc
310 3269 401 3331 nube
430 3266 615 3351 tuentem',
643 3288 717 3349 quae
746 3267 869 3329 baberet
896 3269 1016 3346 igneum
1044 3264 1153 3346 aliquid
1185 3268 1221 3329 de
1251 3270 1371 3330 caelesti
1395 3278 1425 3330 et
1448 3269 1544 3331 sordi·

241 3377 312 3438 dum
331 3377 367 3438 do
387 3376 514 3456 lugubri.
543 3376 655 3438 fulvum
674 3384 755 3439 certe
775 3393 890 3457 aurum,
909 3375 958 3435 cui
976 3373 1012 3434 ad
1031 3373 1169 3435 decorem
1191 3374 1358 3454 splendoris
1377 3378 1424 3437 sui
1446 3376 1545 3455 nigelli

241 3484 351 3563 aliquid
375 3483 501 3545 additur.

329 3591 439 3651 Forum
469 3600 575 3651 neutro
603 3609 712 3670 genere
741 3588 868 3649 dicimus
895 3587 993 3648 locum
1016 3587 1107 3649 rebus
1130 3591 1251 3669 agendis
1279 3590 1472 3670 destinatum,
1500 3589 1545 3649 vel

242 3717 308 3759 cum
325 3699 536 3758 commercium
552 3697 766 3776 significamus3
780 3696 861 3756 foros
875 3693 1037 3755 masculine
1055 3694 1185 3758 tabulata
1200 3699 1332 3779 navium,
1347 3697 1398 3759 ubi
1417 3699 1546 3775 remiges
1560 3712 1588 3750 so

242 3803 360 3884 sedent,
383 3811 414 3864 et
436 3821 554 3883 semper
576 3801 740 3882 pluraliter.

334 4045 480 4116 taquam]
500 4062 574 4114 aqua
593 4045 621 4098 P
690 4043 760 4099 ade
778 4045 855 4100 fonte
876 4045 935 4101 sine
955 4046 989 4101 de
1008 4048 1083 4101 terra
1100 4048 1127 4101 L
1198 4048 1302 4119 3fere]
1322 4049 1408 4103 ferme
1427 4045 1475 4104 eL

242 4127 430 4197 tfraglanlia
448 4126 473 4179 L
491 4125 642 4195 flagrantia
657 4125 726 4179 ΜΡ
741 4124 931 4194 fragrantias
1003 4129 1175 4197 dexprobal
1194 4129 1222 4183 P
1291 4127 1430 4197 approbat
1449 4125 1477 4176 P

243 4214 275 4262 13
296 4207 429 4263 excubiae
448 4223 496 4276 per
515 4206 534 4260 b
553 4206 704 4260 eorundem
722 4207 751 4259 et
769 4204 920 4261 earundem
943 4223 1030 4276 pern
1048 4223 1113 4262 non·
1121 4224 1172 4277 per
1190 4226 1218 4262 m
1237 4207 1354 4262 exuuiae
1374 4221 1424 4274 per
1442 4222 1461 4256 u
1480 4204 1546 4258 scri·

240 4288 349 4344 bendae
368 4287 549 4357 exprimenda
567 4303 621 4340 non
640 4302 690 4355 per
708 4302 735 4337 m
755 4283 781 4336 L
835 4286 997 4342 scribendae
1016 4304 1066 4342 om.
1083 4288 1120 4352 Μ
1173 4295 1207 4342 14
1226 4286 1386 4343 eorumdem
1405 4287 1435 4338 et
1449 4301 1546 4338 earun-

242 4369 306 4424 dem
322 4386 403 4438 pern
418 4383 474 4422 non
488 4383 538 4436 per
552 4385 569 4420 ιι
586 4366 614 4419 P
667 4373 700 4420 16
720 4383 749 4421 ea
764 4366 849 4437 longa
864 4367 901 4421 Μ
904 4366 931 4420 L
948 4367 992 4421 eat
1008 4367 1094 4438 longa
1107 4369 1160 4443 syP
1213 4373 1245 4422 lt
1264 4365 1387 4437 plemina
1399 4364 1547 4432 posteriore

242 4450 299 4504 loco
318 4448 407 4518 Caper
422 4464 451 4515 p.
470 4451 516 4512 99,
533 4451 561 4515 9,
581 4447 693 4502 flemina
712 4448 770 4502 PL
787 4446 918 4501 flenmina
937 4446 974 4499 Μ
1043 4454 1076 4503 18
1095 4448 1206 4504 callosis
1224 4447 1252 4502 L
1271 4446 1380 4502 collosia
1400 4447 1438 4499 M
1460 4447 1545 4500 callo·

242 4529 280 4583 ris
301 4528 329 4581 P
346 4527 443 4583 callosi
463 4526 551 4598 Caper
616 4535 647 4583 19
666 4528 755 4585 laotos
774 4527 809 4582 de
826 4525 905 4581 libris
923 4525 971 4584 La
1042 4533 1076 4582 90
1093 4527 1174 4598 facit]
1195 4525 1311 4582 etfacit
1331 4525 1358 4576 P
1420 4532 1453 4579 99
1472 4544 1546 4579 mur-

224 4624 304 4682 'mor
324 4607 352 4661 P
432 4613 467 4661 34
486 4607 678 4678 nigranigrn
699 4608 728 4661 P
811 4612 845 4661 25
864 4608 894 4660 et
910 4605 990 4661 fulua
1007 4624 1147 4680 pugnasse
1164 4605 1199 4661 de
1220 4605 1290 4659 ΜΡ
1307 4607 1339 4657 ut
1356 4605 1434 4658 fulua
1452 4623 1548 4675 pogna

243 4703 273 4740 ae
292 4685 326 4740 de
344 4686 371 4739 L
389 4688 422 4741 ul
439 4686 531 4757 fuloaa
549 4703 657 4756 pugnas
676 4687 746 4746 des
819 4690 852 4739 97
872 4684 964 4755 nigilli
985 4686 1014 4740 P
1083 4693 1117 4741 98
1140 4684 1253 4739 additur
1268 4685 1306 4737 Μ
1323 4683 1410 4739 addat
1429 4686 1457 4738 P
1474 4692 1498 4739 el
1517 4692 1548 4739 ot

242 4766 350 4820 videtur
368 4766 394 4819 L
412 4767 567 4825 addaturs·
639 4774 674 4823 30
692 4763 901 4834 commercium]
920 4766 1055 4820 mercium
1074 4765 1103 4818 P
1173 4769 1206 4817 31
1226 4765 1256 4817 el
1273 4780 1383 4833 semper
1401 4765 1548 4834 pluraliter

242 4864 293 4903 om.
315 4847 349 4916 P,
364 4852 428 4916 post
446 4853 507 4915 973,
529 4856 541 4901 1
561 4847 632 4903 facit
649 4847 748 4901 haberat
768 4846 848 4902 ML:
865 4846 900 4913 cf.
921 4845 1029 4902 Olearia.
1043 4861 1073 4914 p.
1093 4848 1137 4916 71,
1155 4848 1195 4900 99
