3316 5474
162 359 229 426 478
654 365 829 422 asisium
848 367 968 423 unssu
1013 324 1016 329 ⁴

66 492 73 503 .
164 461 340 511 1111111511.

253 546 317 607 lluc
337 548 468 630 include,
499 550 585 626 l'erp.
600 569 680 630 geor.
696 552 722 612 ll
736 553 812 624 (76)
835 552 903 613 buc
926 552 1080 614 alienum
1104 574 1143 615 ex
1167 555 1306 618 arbore
1331 576 1491 638 germen

165 655 381 716 includunt.
401 654 460 717 buc
483 675 620 738 espurge,
643 661 722 720 idem
744 677 825 740 geor.
845 660 898 720 llll
923 661 997 735 (62)
1020 661 1088 723 buc
1112 671 1148 723 tu
1172 665 1300 725 iussos
1326 684 1489 747 asperge

164 780 319 842 sapores.
365 763 539 845 buccados,
563 768 642 826 idem
664 785 744 845 geor.
764 767 789 827 ll
813 767 908 841 (213)

323 870 390 930 buo
414 888 497 951 ager
521 870 582 933 ille
605 872 718 933 malus
741 873 938 954 dulcesque
962 893 978 935 a
1001 876 1164 937 lontibus
1186 879 1308 941 undae

324 977 533 1059 adplenum
557 979 774 1042 calcentur.
841 992 849 1011 ⁰

254 1084 372 1145 inhians
395 1084 437 1145 illi
460 1088 517 1167 rei,
545 1086 631 1162 l'erp.
655 1088 725 1148 ben.
749 1087 802 1147 llll
825 1088 898 1163 (63)

823 1196 1072 1276 pecudumque
1095 1198 1253 1261 reclusis

332 1298 546 1380 pectoribus
569 1302 712 1362 inhians
736 1300 795 1380 [et]
819 1305 996 1382 spirantia
1020 1303 1181 1366 consulit
1204 1317 1302 1390 exta,

165 1407 225 1468 Cic.
249 1409 279 1467 in
299 1406 558 1482 Catil.lll(8,19)
583 1426 684 1486 quern
708 1411 909 1469 inauratum
933 1411 967 1471 iu
991 1411 1171 1491 Capitolio
1194 1432 1346 1493 parvum
1369 1428 1485 1500 atque

165 1514 358 1576 lactantem
382 1514 558 1576 uberibus
582 1515 717 1596 lupinis
744 1515 941 1578 inhiantem
970 1518 1082 1579 luisse
1112 1523 1333 1583 meministis
1361 1572 1370 1586 .
1397 1527 1523 1588 inbio¹⁰

166 1621 244 1682 illam
268 1640 345 1704 rem,
368 1620 452 1702 Verg.
476 1641 575 1703 georg.
600 1623 626 1683 ll
650 1624 746 1696 (463)

380 1748 443 1790 nec
468 1732 585 1791 varios
608 1730 750 1791 inhiant
773 1734 868 1792 varia
893 1732 1077 1794 testudine
1101 1743 1255 1813 postes.

256 1835 392 1916 Indulget
411 1835 456 1897 illa
476 1856 522 1917 re,
549 1837 635 1914 l‘erp.
655 1856 754 1917 georg.
773 1837 826 1897 llll
846 1838 937 1912 (198)
957 1858 1020 1900 nec
1045 1840 1240 1902 concubitu
1264 1844 1484 1932 indulgent,

166 1943 234 2004 Ter.
262 1943 342 2004 luel.
371 1946 407 2016 (1
430 1944 514 2018 138)
542 1947 676 2005 vestitu
706 1946 813 2005 nimio
841 1945 1008 2025 indulges
1032 1995 1038 2007 .
1062 1947 1195 2028 indulget
1221 1948 1264 2010 illi
1288 1954 1348 2031 rei,
1387 1955 1482 2032 l'erq.

167 2053 237 2111 hen.
262 2050 287 2110 ll
310 2050 411 2124 (776)
1496 2073 1522 2114 u

367 2156 449 2236 quid
473 2159 571 2218 iuvat
595 2161 719 2219 insano
743 2168 879 2220 tautum
903 2160 1093 2240 indulgere
1117 2162 1232 2224 labori
1256 2212 1262 2225 .

258 2264 360 2344 implet
392 2263 440 2324 illa
472 2284 519 2345 re,
552 2264 635 2344 Verg.
668 2267 739 2326 hen.
772 2266 812 2327 lll
845 2268 940 2340 (431)
972 2271 1121 2329 animam
1154 2272 1182 2330 si
1215 2273 1312 2332 veris
1344 2275 1481 2356 implet

168 2371 292 2452 Apollo
316 2419 322 2430 .
346 2370 507 2450 implentur
530 2371 609 2432 illius
632 2374 689 2452 rei,
720 2373 806 2448 l‘rrp.
830 2375 899 2434 hert.
925 2373 937 2433 l
961 2375 1051 2449 (216)

323 2477 523 2557 implentur
546 2481 682 2539 veteris
706 2479 835 2541 Bacchi
858 2482 1078 2561 pinguisque
1103 2484 1240 2544 leriuae
1264 2533 1271 2546 .
1292 2485 1305 2562 Ι“

258 2586 362 2645 lunare
383 2584 463 2645 illum
484 2584 593 2667 locum,
617 2585 701 2666 Verg.
716 2588 786 2647 heu.
802 2586 838 2648 Vl
853 2588 944 2661 (131)
964 2587 1018 2649 bis
1038 2589 1180 2669 Stygios
1205 2594 1332 2653 innare
1357 2594 1478 2679 lacus,
1492 2608 1519 2649 2⁰

168 2693 247 2754 idem
270 2711 368 2773 georg.
394 2693 418 2752 ll
442 2694 534 2767 (151)
559 2702 760 2755 torrentem
785 2695 911 2756 undam
934 2694 1024 2755 levis
1047 2699 1189 2758 innatat
1216 2697 1318 2760 alonis
1338 2749 1344 2760 ,
1366 2704 1477 2765 innare

168 2800 217 2862 illu
250 2800 329 2880 loco,
369 2799 455 2875 l'erp.
487 2801 558 2860 heu.
593 2801 655 2860 vul
688 2802 781 2876 (691)
813 2801 939 2882 pelago
976 2803 1103 2865 crudas
1139 2807 1263 2867 intrare
1304 2811 1478 2873 revulsas

168 2906 367 2988 Cycladas,

258 3013 398 3075 lncumbo
422 3014 464 3075 illi
489 3017 545 3096 rei,
576 3015 662 3090 terp,
686 3014 752 3076 buc.
776 3016 876 3089 (8‚16)

374 3121 583 3182 incumbens
607 3124 716 3182 tereti
741 3121 870 3184 Damon
894 3126 946 3183 sic
971 3127 1092 3204 coepit
1114 3124 1228 3186 olivae
1252 3173 1259 3187 .
1490 3146 1517 3185 ss

168 3229 308 3291 incumbo
341 3228 419 3290 illam
452 3247 529 3309 reus,
562 3227 618 3288 Sal.
652 3227 719 3289 hist.
752 3228 791 3288 lll
823 3239 859 3290 ut
892 3233 1075 3292 sustinere
1113 3251 1265 3312 corpora
1302 3234 1476 3316 plerique

169 3344 397 3417 nequeuntes
425 3355 519 3396 arma
548 3355 608 3396 sua
639 3338 790 3415 quisque
819 3338 959 3397 instans
986 3338 1214 3400 incumberet
1238 3386 1244 3399 .
1268 3341 1411 3402 iucumbo
1436 3344 1475 3404 ad

169 3497 380 3507 .-.—.--——-

259 3591 348 3645 Codex
365 3588 513 3644 Parrhasii
538 3589 705 3659 lilergom.
756 3587 861 3642 ‘tidem
876 3604 925 3643 om.
941 3594 1053 3659 utroque
1067 3591 1123 3645 loeo
1174 3591 1271 3663 3ΙΙ]Ι
1319 3594 1473 3651 uinhiant

205 3673 288 3741 Verg.
308 3688 357 3724 om.
424 3676 456 3724 10
475 3669 641 3740 inhiantem]
662 3669 815 3736 inhiantes,
833 3669 879 3724 sed
896 3670 1011 3723 deletos
1079 3677 1109 3724 12
1129 3669 1269 3726 nivarius
1330 3679 1363 3726 13
1384 3674 1474 3747 Verg.

169 3772 219 3809 om.
301 3767 335 3804 ne
353 3751 503 3805 concubitu
586 3757 617 3804 14
636 3750 770 3804 restituto
789 3749 876 3803 nimio
956 3748 1038 3820 Verg.
1058 3767 1108 3805 out.
1192 3759 1224 3807 18
1244 3751 1326 3823 Verg.
1346 3770 1398 3809 om.

170 3841 201 3888 21
222 3834 330 3888 torrent
348 3830 452 3885 undam
471 3830 546 3885 leves
618 3836 651 3883 22
671 3829 754 3898 Verg.
773 3845 823 3885 ortt.
895 3829 1006 3900 pellago
1079 3837 1114 3885 24
1133 3830 1216 3901 Verg.
1236 3848 1285 3887 om.

258 3971 381 3980 --a——r

260 4047 378 4101 laliena
393 4045 529 4116 Vergilius
579 4043 827 4113 ipccorumqueG
878 4050 910 4098 10
920 4043 1106 4099 lactentomG
1158 4053 1249 4101 121111
1258 4047 1349 4102 varios
1358 4048 1478 4107 inhiant

169 4109 287 4204 pulchra
295 4125 437 4183 testudine
448 4126 542 4195 postes
558 4124 694 4196 Vergilius
730 4131 764 4180 26
776 4128 808 4179 ut
817 4123 951 4178 sustinere
961 4140 1079 4193 corpora
1087 4125 1213 4195 plerique
1223 4131 1395 4196 nequeuntes
1406 4131 1476 4186 lessi

170 4229 247 4267 arma
260 4227 312 4264 sua
330 4207 448 4277 quiaque
466 4208 572 4263 stantes
586 4204 780 4260 incumberent
795 4205 894 4259 Carrio
907 4203 975 4259 Sall.
990 4204 1051 4258 best.
1066 4205 1163 4274 fragm.
1175 4223 1205 4274 p.
1223 4211 1257 4261 79
1271 4207 1311 4260 ed.
1326 4206 1401 4262 Hac.
1413 4210 1476 4265 coll,

171 4292 244 4347 Sero.
264 4292 296 4345 in
320 4290 397 4359 Verp.
416 4292 485 4344 Aen.
507 4291 528 4342 I
530 4289 559 4342 X
577 4293 636 4344 229
656 4286 779 4342 ostendit
797 4302 864 4356 ergo
881 4285 939 4339 iam
958 4300 1005 4338 eos
1024 4284 1155 4340 diuturna
1174 4285 1294 4339 statione
1313 4284 1451 4355 fatigatos
1468 4331 1475 4342 .

170 4372 245 4441 quod
268 4373 362 4425 autem
387 4371 478 4433 stant,
506 4371 535 4421 et
554 4367 673 4422 Romani
696 4366 781 4421 moris
805 4369 847 4420 est
871 4370 900 4420 et
922 4365 1040 4420 bellicae
1063 4365 1238 4420 necessitatis
1258 4408 1264 4420 .
1284 4366 1356 4420 bunc
1375 4372 1477 4425 antem

171 4451 263 4507 standi
282 4448 409 4504 habitum
428 4448 457 4502 et
476 4446 624 4501 Sallustius
642 4445 689 4500 lib.
704 4446 742 4500 Ill
760 4446 826 4500 bist.
841 4448 1054 4512 commemorat,
1074 4449 1106 4498 ut
1120 4445 1183 4500 lessi
1197 4462 1274 4500 arma
1288 4461 1338 4498 sua
1352 4447 1477 4517 quisque

170 4534 276 4586 stantes
311 4529 470 4584 incumbere
499 4573 505 4583 .
531 4528 608 4596 apud
634 4529 804 4581 drusiacum
842 4532 998 4594 corrupta-m
1035 4528 1136 4583 codicis
1166 4529 1331 4596 serapionem
1364 4529 1477 4598 reliqui,

171 4627 335 4681 quamquam
367 4612 443 4664 stans
475 4607 649 4663 incumberet
678 4607 884 4676 prcusutoticum
917 4609 1056 4678 scripsisse
1088 4612 1216 4676 apparet,
1247 4607 1319 4676 quod
1350 4608 1477 4673 defendit

172 4690 299 4743 Kritsius
317 4688 385 4745 Soli.
404 4689 466 4743 tat.
485 4691 582 4758 fruges.
600 4706 628 4756 p.
648 4693 706 4743 295
727 4730 732 4741 .
753 4688 882 4742 Sallustii
906 4693 996 4743 autem
1014 4688 1096 4742 cerba
1114 4688 1144 4741 in
1162 4689 1236 4742 huso
1250 4687 1345 4756 potius
1362 4690 1477 4745 modam

171 4770 298 4824 videntur
316 4769 483 4824 restituendo
502 4784 569 4831 esse,
587 4767 653 4821 fessi
672 4770 701 4821 et
720 4767 854 4822 sustinere
873 4783 989 4837 corpora
1002 4768 1128 4836 plerique
1143 4769 1314 4836 nequeuntes
1328 4783 1409 4822 arma
1423 4788 1478 4827 sua

171 4848 289 4921 quisquo
307 4852 413 4905 stantes
430 4847 590 4904 incumbere
662 4855 695 4903 27
715 4846 839 4917 quisquis
857 4847 964 4904 instans
985 4848 1022 4901 M
