<?xml version="1.0" encoding="UTF-8"?>
<!DOCTYPE html PUBLIC "-//W3C//DTD XHTML 1.0 Transitional//EN"
    "http://www.w3.org/TR/xhtml1/DTD/xhtml1-transitional.dtd">
<html xmlns="http://www.w3.org/1999/xhtml" xml:lang="en" lang="en">
 <head>
  <title>
</title>
<meta http-equiv="Content-Type" content="text/html;charset=utf-8" />
  <meta name='ocr-system' content='tesseract 3.04.00' />
  <meta name='ocr-capabilities' content='ocr_page ocr_carea ocr_par ocr_line ocrx_word'/>
</head>
<body>
  <div class='ocr_page' id='page_1' title='image "./grammaticilatin00keilgoog_0318.png"; bbox 0 0 3316 5474; ppageno 0'>
   <div class='ocr_carea' id='block_1_1' title="bbox 135 368 1464 532">
    <p class='ocr_par' dir='ltr' id='par_1_1' title="bbox 135 368 1464 532">
     <span class='ocr_line' id='line_1_1' title="bbox 663 368 1464 432; baseline 0.006 -5"><span class='ocrx_word' id='word_1_1' title='bbox 663 374 952 428; x_wconf 69' lang='lat' dir='ltr'><strong>carnotenorum</strong></span> <span class='ocrx_word' id='word_1_2' title='bbox 1398 368 1464 432; x_wconf 81' lang='lat'><strong>299</strong></span> 
     </span>
     <span class='ocr_line' id='line_1_2' title="bbox 135 471 339 532; baseline -0.01 -21"><span class='ocrx_word' id='word_1_3' title='bbox 135 523 140 532; x_wconf 33' lang='grc' dir='ltr'>Ι</span> <span class='ocrx_word' id='word_1_4' title='bbox 155 484 176 520; x_wconf 76' lang='lat'><strong>1».</strong></span> <span class='ocrx_word' id='word_1_5' title='bbox 192 472 301 513; x_wconf 79' lang='lat' dir='ltr'><strong>asar-ss</strong></span> <span class='ocrx_word' id='word_1_6' title='bbox 315 471 339 510; x_wconf 81' lang='lat' dir='ltr'><strong>r.</strong></span> 
     </span>
    </p>
   </div>
   <div class='ocr_carea' id='block_1_2' title="bbox 111 553 1464 3741">
    <p class='ocr_par' dir='ltr' id='par_1_2' title="bbox 111 553 1464 3741">
     <span class='ocr_line' id='line_1_3' title="bbox 155 553 1464 640; baseline -0.002 -22"><span class='ocrx_word' id='word_1_7' title='bbox 155 567 213 618; x_wconf 89' lang='lat' dir='ltr'><strong>tur.</strong></span> <span class='ocrx_word' id='word_1_8' title='bbox 259 556 356 618; x_wconf 85' lang='lat' dir='ltr'><strong>Cerno</strong></span> <span class='ocrx_word' id='word_1_9' title='bbox 380 567 410 616; x_wconf 92' lang='lat' dir='ltr'><strong>et</strong></span> <span class='ocrx_word' id='word_1_10' title='bbox 433 575 536 616; x_wconf 83' lang='lat' dir='ltr'><strong>cresco</strong></span> <span class='ocrx_word' id='word_1_11' title='bbox 561 569 591 618; x_wconf 91' lang='lat' dir='ltr'><strong>et</strong></span> <span class='ocrx_word' id='word_1_12' title='bbox 614 559 706 638; x_wconf 83' lang='lat' dir='ltr'><strong>glisco</strong></span> <span class='ocrx_word' id='word_1_13' title='bbox 730 561 759 619; x_wconf 93' lang='lat' dir='ltr'><strong>in</strong></span> <span class='ocrx_word' id='word_1_14' title='bbox 785 578 876 620; x_wconf 92' lang='lat' dir='ltr'><strong>unum</strong></span> <span class='ocrx_word' id='word_1_15' title='bbox 900 560 1095 640; x_wconf 89' lang='lat' dir='ltr'><strong>praeteritum</strong></span> <span class='ocrx_word' id='word_1_16' title='bbox 1116 553 1121 637; x_wconf 80' lang='grc' dir='ltr'>Ι</span> <span class='ocrx_word' id='word_1_17' title='bbox 1143 558 1308 638; x_wconf 86' lang='lat' dir='ltr'><strong>perlectum</strong></span> <span class='ocrx_word' id='word_1_18' title='bbox 1331 558 1464 636; x_wconf 82' lang='lat' dir='ltr'><strong>veniunt,</strong></span> 
     </span>
     <span class='ocr_line' id='line_1_4' title="bbox 156 664 1463 747; baseline 0.001 -26"><span class='ocrx_word' id='word_1_19' title='bbox 156 664 234 743; x_wconf 92' lang='lat' dir='ltr'><strong>quod</strong></span> <span class='ocrx_word' id='word_1_20' title='bbox 259 672 306 725; x_wconf 91' lang='lat' dir='ltr'><strong>est</strong></span> <span class='ocrx_word' id='word_1_21' title='bbox 329 666 418 724; x_wconf 83' lang='lat' dir='ltr'><strong>crevi.</strong></span> <span class='ocrx_word' id='word_1_22' title='bbox 456 666 543 744; x_wconf 90' lang='lat' dir='ltr'><strong>cupio</strong></span> <span class='ocrx_word' id='word_1_23' title='bbox 567 669 664 746; x_wconf 90' lang='lat' dir='ltr'><strong>cupivi</strong></span> <span class='ocrx_word' id='word_1_24' title='bbox 688 669 759 728; x_wconf 85' lang='lat' dir='ltr'><strong>iacit</strong></span> <span class='ocrx_word' id='word_1_25' title='bbox 782 677 812 728; x_wconf 91' lang='grc' dir='ltr'><strong>ει</strong></span> <span class='ocrx_word' id='word_1_26' title='bbox 836 668 923 747; x_wconf 85' lang='grc' dir='ltr'>ειιρίἰ.</span> <span class='ocrx_word' id='word_1_27' title='bbox 964 665 1070 726; x_wconf 83' lang='lat' dir='ltr'><strong>Casses</strong></span> <span class='ocrx_word' id='word_1_28' title='bbox 1094 668 1167 726; x_wconf 89' lang='lat' dir='ltr'><strong>retia</strong></span> <span class='ocrx_word' id='word_1_29' title='bbox 1192 665 1333 726; x_wconf 90' lang='lat' dir='ltr'><strong>dicuntur</strong></span> <span class='ocrx_word' id='word_1_30' title='bbox 1356 674 1386 723; x_wconf 92' lang='lat' dir='ltr'><strong>et</strong></span> <span class='ocrx_word' id='word_1_31' title='bbox 1410 681 1463 742; x_wconf 88' lang='lat' dir='ltr'><strong>per</strong></span> 
     </span>
     <span class='ocr_line' id='line_1_5' title="bbox 155 761 1462 854; baseline -0.001 -24"><span class='ocrx_word' id='word_1_32' title='bbox 155 770 214 830; x_wconf 96' lang='lat' dir='ltr'><strong>duo</strong></span> <span class='ocrx_word' id='word_1_33' title='bbox 238 790 252 830; x_wconf 93' lang='lat' dir='ltr'><strong>s</strong></span> <span class='ocrx_word' id='word_1_34' title='bbox 280 761 483 831; x_wconf 73' lang='lat' dir='ltr'><strong>scribuntur.¹</strong></span> <span class='ocrx_word' id='word_1_35' title='bbox 509 772 660 854; x_wconf 82' lang='lat' dir='ltr'><strong>Comedia,</strong></span> <span class='ocrx_word' id='word_1_36' title='bbox 688 777 818 834; x_wconf 90' lang='lat' dir='ltr'><strong>carmina</strong></span> <span class='ocrx_word' id='word_1_37' title='bbox 846 792 921 853; x_wconf 91' lang='lat' dir='ltr'><strong>quae</strong></span> <span class='ocrx_word' id='word_1_38' title='bbox 951 775 981 833; x_wconf 91' lang='lat' dir='ltr'><strong>iu</strong></span> <span class='ocrx_word' id='word_1_39' title='bbox 1009 773 1150 832; x_wconf 81' lang='lat' dir='ltr'><strong>conviviis</strong></span> <span class='ocrx_word' id='word_1_40' title='bbox 1180 779 1338 851; x_wconf 91' lang='lat' dir='ltr'><strong>canuntur,</strong></span> <span class='ocrx_word' id='word_1_41' title='bbox 1369 788 1422 848; x_wconf 91' lang='lat' dir='ltr'><strong>per</strong></span> <span class='ocrx_word' id='word_1_42' title='bbox 1446 788 1462 829; x_wconf 92' lang='lat' dir='ltr'><strong>c</strong></span> 
     </span>
     <span class='ocr_line' id='line_1_6' title="bbox 155 875 1462 961; baseline -0.001 -24"><span class='ocrx_word' id='word_1_43' title='bbox 155 877 327 958; x_wconf 83' lang='lat' dir='ltr'><strong>simplicem.</strong></span> <span class='ocrx_word' id='word_1_44' title='bbox 365 877 514 939; x_wconf 85' lang='lat' dir='ltr'><strong>Comburo</strong></span> <span class='ocrx_word' id='word_1_45' title='bbox 534 898 673 960; x_wconf 87' lang='lat' dir='ltr'><strong>comparo</strong></span> <span class='ocrx_word' id='word_1_46' title='bbox 693 899 838 961; x_wconf 91' lang='lat' dir='ltr'><strong>compono</strong></span> <span class='ocrx_word' id='word_1_47' title='bbox 862 899 916 960; x_wconf 94' lang='grc' dir='ltr'>ρει·</span> <span class='ocrx_word' id='word_1_48' title='bbox 936 899 965 940; x_wconf 93' lang='lat' dir='ltr'><strong>rn</strong></span> <span class='ocrx_word' id='word_1_49' title='bbox 989 888 1020 940; x_wconf 91' lang='lat' dir='ltr'><strong>et</strong></span> <span class='ocrx_word' id='word_1_50' title='bbox 1042 898 1100 939; x_wconf 94' lang='lat' dir='ltr'><strong>non</strong></span> <span class='ocrx_word' id='word_1_51' title='bbox 1125 898 1180 959; x_wconf 91' lang='lat' dir='ltr'><strong>per</strong></span> <span class='ocrx_word' id='word_1_52' title='bbox 1203 894 1237 939; x_wconf 80' lang='lat' dir='ltr'><strong>n.</strong></span> <span class='ocrx_word' id='word_1_53' title='bbox 1269 879 1312 938; x_wconf 91' lang='lat' dir='ltr'><strong>sic</strong></span> <span class='ocrx_word' id='word_1_54' title='bbox 1336 875 1462 956; x_wconf 91' lang='lat' dir='ltr'><strong>compla-</strong></span> 
     </span>
     <span class='ocr_line' id='line_1_7' title="bbox 126 986 1464 1069; baseline 0.004 -31"><span class='ocrx_word' id='word_1_55' title='bbox 126 999 221 1064; x_wconf 79' lang='lat' dir='ltr'><strong>eceo,</strong></span> <span class='ocrx_word' id='word_1_56' title='bbox 249 996 463 1067; x_wconf 92' lang='lat' dir='ltr'><strong>commoratus,</strong></span> <span class='ocrx_word' id='word_1_57' title='bbox 491 987 726 1069; x_wconf 83' lang='lat' dir='ltr'><strong>comprehendo,</strong></span> <span class='ocrx_word' id='word_1_58' title='bbox 756 988 923 1048; x_wconf 89' lang='lat' dir='ltr'><strong>commodat</strong></span> <span class='ocrx_word' id='word_1_59' title='bbox 951 997 980 1046; x_wconf 90' lang='lat' dir='ltr'><strong>ct</strong></span> <span class='ocrx_word' id='word_1_60' title='bbox 1008 986 1207 1066; x_wconf 89' lang='lat' dir='ltr'><strong>commendat,</strong></span> <span class='ocrx_word' id='word_1_61' title='bbox 1241 986 1464 1065; x_wconf 80' lang='lat' dir='ltr'><strong>computrescit,</strong></span> 
     </span>
     <span class='ocr_line' id='line_1_8' title="bbox 154 1082 1462 1173; baseline -0.001 -22"><span class='ocrx_word' id='word_1_62' title='bbox 154 1082 323 1171; x_wconf 89' lang='lat' dir='ltr'><strong>complures</strong></span> <span class='ocrx_word' id='word_1_63' title='bbox 350 1112 403 1172; x_wconf 89' lang='lat' dir='ltr'><strong>per</strong></span> <span class='ocrx_word' id='word_1_64' title='bbox 427 1111 456 1152; x_wconf 91' lang='lat' dir='ltr'><strong>m</strong></span> <span class='ocrx_word' id='word_1_65' title='bbox 484 1092 641 1154; x_wconf 90' lang='lat' dir='ltr'><strong>scribenda</strong></span> <span class='ocrx_word' id='word_1_66' title='bbox 669 1102 746 1154; x_wconf 91' lang='lat' dir='ltr'><strong>sunt.</strong></span> <span class='ocrx_word' id='word_1_67' title='bbox 793 1093 923 1154; x_wconf 91' lang='lat' dir='ltr'><strong>camelus</strong></span> <span class='ocrx_word' id='word_1_68' title='bbox 951 1113 1005 1173; x_wconf 92' lang='grc' dir='ltr'>ρει·</span> <span class='ocrx_word' id='word_1_69' title='bbox 1033 1111 1125 1154; x_wconf 87' lang='grc' dir='ltr'>ιιιιιιιιι</span> <span class='ocrx_word' id='word_1_70' title='bbox 1154 1092 1171 1153; x_wconf 97' lang='lat' dir='ltr'><strong>l.</strong></span> <span class='ocrx_word' id='word_1_71' title='bbox 1216 1091 1285 1153; x_wconf 82' lang='lat' dir='ltr'><strong>Celo</strong></span> <span class='ocrx_word' id='word_1_72' title='bbox 1314 1090 1406 1172; x_wconf 82' lang='lat' dir='ltr'><strong>celas,</strong></span> <span class='ocrx_word' id='word_1_73' title='bbox 1434 1091 1462 1150; x_wconf 96' lang='lat' dir='ltr'><strong>id</strong></span> 
     </span>
     <span class='ocr_line' id='line_1_9' title="bbox 153 1197 1463 1282; baseline 0.001 -25"><span class='ocrx_word' id='word_1_74' title='bbox 153 1206 200 1258; x_wconf 92' lang='lat' dir='ltr'><strong>est</strong></span> <span class='ocrx_word' id='word_1_75' title='bbox 222 1197 386 1280; x_wconf 80' lang='lat' dir='ltr'><strong>abscondo,</strong></span> <span class='ocrx_word' id='word_1_76' title='bbox 410 1219 463 1279; x_wconf 91' lang='lat' dir='ltr'><strong>per</strong></span> <span class='ocrx_word' id='word_1_77' title='bbox 487 1200 650 1280; x_wconf 82' lang='lat' dir='ltr'><strong>simplicem</strong></span> <span class='ocrx_word' id='word_1_78' title='bbox 674 1220 705 1281; x_wconf 86' lang='lat' dir='ltr'><strong>e;</strong></span> <span class='ocrx_word' id='word_1_79' title='bbox 729 1201 809 1261; x_wconf 91' lang='lat' dir='ltr'><strong>caelo</strong></span> <span class='ocrx_word' id='word_1_80' title='bbox 830 1201 939 1282; x_wconf 89' lang='lat' dir='ltr'><strong>caelas,</strong></span> <span class='ocrx_word' id='word_1_81' title='bbox 962 1219 1031 1261; x_wconf 91' lang='lat' dir='ltr'><strong>curn</strong></span> <span class='ocrx_word' id='word_1_82' title='bbox 1054 1203 1201 1281; x_wconf 91' lang='lat' dir='ltr'><strong>picturam</strong></span> <span class='ocrx_word' id='word_1_83' title='bbox 1226 1200 1387 1279; x_wconf 86' lang='lat' dir='ltr'><strong>significat,</strong></span> <span class='ocrx_word' id='word_1_84' title='bbox 1409 1218 1463 1279; x_wconf 92' lang='lat' dir='ltr'><strong>per</strong></span> 
     </span>
     <span class='ocr_line' id='line_1_10' title="bbox 154 1305 1463 1387; baseline 0 -23"><span class='ocrx_word' id='word_1_85' title='bbox 154 1323 187 1365; x_wconf 91' lang='lat' dir='ltr'><strong>ae</strong></span> <span class='ocrx_word' id='word_1_86' title='bbox 212 1305 414 1386; x_wconf 74' lang='lat' dir='ltr'><strong>diphthongon</strong></span> <span class='ocrx_word' id='word_1_87' title='bbox 435 1306 626 1369; x_wconf 88' lang='lat' dir='ltr'><strong>scribendum</strong></span> <span class='ocrx_word' id='word_1_88' title='bbox 646 1317 700 1369; x_wconf 91' lang='lat' dir='ltr'><strong>est.</strong></span> <span class='ocrx_word' id='word_1_89' title='bbox 738 1309 817 1369; x_wconf 79' lang='lat' dir='ltr'><strong>trude</strong></span> <span class='ocrx_word' id='word_1_90' title='bbox 837 1309 943 1369; x_wconf 89' lang='lat' dir='ltr'><strong>melius</strong></span> <span class='ocrx_word' id='word_1_91' title='bbox 967 1308 1150 1387; x_wconf 87' lang='lat' dir='ltr'><strong>intellegitur</strong></span> <span class='ocrx_word' id='word_1_92' title='bbox 1169 1306 1282 1367; x_wconf 89' lang='lat' dir='ltr'><strong>caelum</strong></span> <span class='ocrx_word' id='word_1_93' title='bbox 1309 1325 1324 1365; x_wconf 95' lang='lat' dir='ltr'><strong>a</strong></span> <span class='ocrx_word' id='word_1_94' title='bbox 1348 1309 1463 1386; x_wconf 91' lang='lat' dir='ltr'><strong>pictura</strong></span> 
     </span>
     <span class='ocr_line' id='line_1_11' title="bbox 154 1412 1462 1492; baseline 0.001 -21"><span class='ocrx_word' id='word_1_95' title='bbox 154 1412 285 1472; x_wconf 93' lang='lat' dir='ltr'><strong>siderum</strong></span> <span class='ocrx_word' id='word_1_96' title='bbox 318 1432 406 1492; x_wconf 90' lang='lat' dir='ltr'><strong>quam</strong></span> <span class='ocrx_word' id='word_1_97' title='bbox 435 1433 450 1472; x_wconf 95' lang='lat' dir='ltr'><strong>a</strong></span> <span class='ocrx_word' id='word_1_98' title='bbox 479 1413 601 1474; x_wconf 92' lang='lat' dir='ltr'><strong>celando</strong></span> <span class='ocrx_word' id='word_1_99' title='bbox 631 1415 804 1476; x_wconf 83' lang='lat' dir='ltr'><strong>mortalibus</strong></span> <span class='ocrx_word' id='word_1_100' title='bbox 833 1434 938 1476; x_wconf 88' lang='lat' dir='ltr'><strong>arcana</strong></span> <span class='ocrx_word' id='word_1_101' title='bbox 967 1415 1087 1476; x_wconf 89' lang='lat' dir='ltr'><strong>dictum.</strong></span> <span class='ocrx_word' id='word_1_102' title='bbox 1139 1415 1224 1475; x_wconf 79' lang='lat' dir='ltr'><strong>Circa</strong></span> <span class='ocrx_word' id='word_1_103' title='bbox 1253 1413 1288 1474; x_wconf 90' lang='lat' dir='ltr'><strong>ad</strong></span> <span class='ocrx_word' id='word_1_104' title='bbox 1318 1412 1462 1473; x_wconf 82' lang='lat' dir='ltr'><strong>risibilem</strong></span> 
     </span>
     <span class='ocr_line' id='line_1_12' title="bbox 115 1519 1463 1604; baseline 0.005 -31"><span class='ocrx_word' id='word_1_105' title='bbox 115 1536 139 1574; x_wconf 89' lang='grc' dir='ltr'><strong>ιο</strong></span> <span class='ocrx_word' id='word_1_106' title='bbox 154 1521 306 1580; x_wconf 81' lang='lat' dir='ltr'><strong>materiam</strong></span> <span class='ocrx_word' id='word_1_107' title='bbox 330 1519 374 1579; x_wconf 86' lang='lat' dir='ltr'><strong>rel</strong></span> <span class='ocrx_word' id='word_1_108' title='bbox 398 1520 495 1581; x_wconf 91' lang='lat' dir='ltr'><strong>locum</strong></span> <span class='ocrx_word' id='word_1_109' title='bbox 519 1523 656 1600; x_wconf 90' lang='lat' dir='ltr'><strong>pertinet.</strong></span> <span class='ocrx_word' id='word_1_110' title='bbox 706 1541 775 1604; x_wconf 83' lang='lat' dir='ltr'><strong>erga</strong></span> <span class='ocrx_word' id='word_1_111' title='bbox 799 1522 834 1582; x_wconf 94' lang='lat' dir='ltr'><strong>ad</strong></span> <span class='ocrx_word' id='word_1_112' title='bbox 863 1525 993 1583; x_wconf 90' lang='lat' dir='ltr'><strong>animum</strong></span> <span class='ocrx_word' id='word_1_113' title='bbox 1018 1531 1144 1602; x_wconf 89' lang='lat' dir='ltr'><strong>spectat,</strong></span> <span class='ocrx_word' id='word_1_114' title='bbox 1173 1523 1298 1581; x_wconf 77' lang='lat' dir='ltr'><strong>maxime</strong></span> <span class='ocrx_word' id='word_1_115' title='bbox 1322 1540 1389 1581; x_wconf 91' lang='lat' dir='ltr'><strong>cum</strong></span> <span class='ocrx_word' id='word_1_116' title='bbox 1413 1520 1463 1580; x_wconf 93' lang='lat' dir='ltr'><strong>ali·</strong></span> 
     </span>
     <span class='ocr_line' id='line_1_13' title="bbox 155 1629 1462 1710; baseline 0.003 -25"><span class='ocrx_word' id='word_1_117' title='bbox 155 1645 243 1705; x_wconf 90' lang='lat' dir='ltr'><strong>quem</strong></span> <span class='ocrx_word' id='word_1_118' title='bbox 262 1630 488 1707; x_wconf 81' lang='lat' dir='ltr'><strong>propensiorem</strong></span> <span class='ocrx_word' id='word_1_119' title='bbox 506 1630 645 1689; x_wconf 91' lang='lat' dir='ltr'><strong>allectum</strong></span> <span class='ocrx_word' id='word_1_120' title='bbox 665 1640 788 1708; x_wconf 86' lang='lat' dir='ltr'><strong>generat</strong></span> <span class='ocrx_word' id='word_1_121' title='bbox 807 1632 1020 1709; x_wconf 83' lang='lat' dir='ltr'><strong>proximorum.</strong></span> <span class='ocrx_word' id='word_1_122' title='bbox 1049 1631 1162 1689; x_wconf 89' lang='lat' dir='ltr'><strong>circum</strong></span> <span class='ocrx_word' id='word_1_123' title='bbox 1181 1629 1217 1689; x_wconf 91' lang='lat' dir='ltr'><strong>ad</strong></span> <span class='ocrx_word' id='word_1_124' title='bbox 1238 1639 1355 1710; x_wconf 90' lang='lat' dir='ltr'><strong>tempus</strong></span> <span class='ocrx_word' id='word_1_125' title='bbox 1371 1631 1462 1690; x_wconf 81' lang='lat' dir='ltr'><strong>reser-</strong></span> 
     </span>
     <span class='ocr_line' id='line_1_14' title="bbox 154 1733 1463 1817; baseline 0.003 -25"><span class='ocrx_word' id='word_1_126' title='bbox 154 1743 211 1794; x_wconf 91' lang='lat' dir='ltr'><strong>tur.</strong></span> <span class='ocrx_word' id='word_1_127' title='bbox 249 1737 291 1794; x_wconf 90' lang='lat' dir='ltr'><strong>cis</strong></span> <span class='ocrx_word' id='word_1_128' title='bbox 316 1733 437 1795; x_wconf 80' lang='lat' dir='ltr'><strong>localem</strong></span> <span class='ocrx_word' id='word_1_129' title='bbox 461 1734 550 1796; x_wconf 90' lang='lat' dir='ltr'><strong>habet</strong></span> <span class='ocrx_word' id='word_1_130' title='bbox 568 1737 830 1817; x_wconf 82' lang='lat' dir='ltr'><strong>significationem,</strong></span> <span class='ocrx_word' id='word_1_131' title='bbox 854 1746 886 1797; x_wconf 90' lang='grc' dir='ltr'><strong>ιιι</strong></span> <span class='ocrx_word' id='word_1_132' title='bbox 909 1735 1080 1816; x_wconf 90' lang='lat' dir='ltr'><strong>cisalpinam</strong></span> <span class='ocrx_word' id='word_1_133' title='bbox 1100 1735 1235 1817; x_wconf 83' lang='lat' dir='ltr'><strong>Galliam3</strong></span> <span class='ocrx_word' id='word_1_134' title='bbox 1259 1744 1289 1797; x_wconf 92' lang='grc' dir='ltr'><strong>ει</strong></span> <span class='ocrx_word' id='word_1_135' title='bbox 1311 1754 1366 1816; x_wconf 94' lang='lat' dir='ltr'><strong>pro</strong></span> <span class='ocrx_word' id='word_1_136' title='bbox 1386 1736 1463 1797; x_wconf 90' lang='lat' dir='ltr'><strong>ultra</strong></span> 
     </span>
     <span class='ocr_line' id='line_1_15' title="bbox 153 1836 1462 1924; baseline 0.005 -25"><span class='ocrx_word' id='word_1_137' title='bbox 153 1843 311 1922; x_wconf 84' lang='lat' dir='ltr'><strong>accipitur,</strong></span> <span class='ocrx_word' id='word_1_138' title='bbox 329 1849 364 1901; x_wconf 93' lang='grc' dir='ltr'><strong>ιιι</strong></span> <span class='ocrx_word' id='word_1_139' title='bbox 383 1836 443 1901; x_wconf 75' lang='lat' dir='ltr'><strong>‘cis</strong></span> <span class='ocrx_word' id='word_1_140' title='bbox 462 1842 617 1902; x_wconf 89' lang='lat' dir='ltr'><strong>delinitum</strong></span> <span class='ocrx_word' id='word_1_141' title='bbox 637 1838 780 1922; x_wconf 89' lang='lat' dir='ltr'><strong>tempus’,</strong></span> <span class='ocrx_word' id='word_1_142' title='bbox 800 1842 855 1902; x_wconf 91' lang='lat' dir='ltr'><strong>hoc</strong></span> <span class='ocrx_word' id='word_1_143' title='bbox 875 1852 921 1903; x_wconf 91' lang='lat' dir='ltr'><strong>est</strong></span> <span class='ocrx_word' id='word_1_144' title='bbox 940 1842 1025 1903; x_wconf 90' lang='lat' dir='ltr'><strong>ultra.</strong></span> <span class='ocrx_word' id='word_1_145' title='bbox 1059 1862 1094 1902; x_wconf 86' lang='lat' dir='ltr'><strong>ex</strong></span> <span class='ocrx_word' id='word_1_146' title='bbox 1114 1862 1149 1902; x_wconf 89' lang='lat' dir='ltr'><strong>eo</strong></span> <span class='ocrx_word' id='word_1_147' title='bbox 1169 1845 1257 1921; x_wconf 82' lang='lat' dir='ltr'><strong>eitra:</strong></span> <span class='ocrx_word' id='word_1_148' title='bbox 1276 1845 1350 1905; x_wconf 89' lang='lat' dir='ltr'><strong>citra</strong></span> <span class='ocrx_word' id='word_1_149' title='bbox 1368 1862 1462 1924; x_wconf 90' lang='lat' dir='ltr'><strong>paene</strong></span> 
     </span>
     <span class='ocr_line' id='line_1_16' title="bbox 153 1934 1464 2030; baseline 0.002 -24"><span class='ocrx_word' id='word_1_150' title='bbox 153 1947 276 2007; x_wconf 85' lang='lat' dir='ltr'><strong>eandem</strong></span> <span class='ocrx_word' id='word_1_151' title='bbox 300 1950 543 2027; x_wconf 80' lang='lat' dir='ltr'><strong>significationem</strong></span> <span class='ocrx_word' id='word_1_152' title='bbox 567 1934 656 2010; x_wconf 90' lang='lat' dir='ltr'><strong>habet</strong></span> <span class='ocrx_word' id='word_1_153' title='bbox 680 1951 849 2030; x_wconf 80' lang='lat' dir='ltr'><strong>quamuis,</strong></span> <span class='ocrx_word' id='word_1_154' title='bbox 879 1951 935 2009; x_wconf 92' lang='lat' dir='ltr'><strong>nisi</strong></span> <span class='ocrx_word' id='word_1_155' title='bbox 959 1948 1038 2027; x_wconf 92' lang='lat' dir='ltr'><strong>quod</strong></span> <span class='ocrx_word' id='word_1_156' title='bbox 1062 1951 1191 2028; x_wconf 85' lang='lat' dir='ltr'><strong>propriis</strong></span> <span class='ocrx_word' id='word_1_157' title='bbox 1220 1948 1389 2009; x_wconf 85' lang='lat' dir='ltr'><strong>nominibus</strong></span> <span class='ocrx_word' id='word_1_158' title='bbox 1421 1953 1464 2009; x_wconf 88' lang='lat' dir='ltr'><strong>cis</strong></span> 
     </span>
     <span class='ocr_line' id='line_1_17' title="bbox 114 2054 1463 2137; baseline 0.001 -23"><span class='ocrx_word' id='word_1_159' title='bbox 114 2069 139 2107; x_wconf 69' lang='grc' dir='ltr'><strong>ιι</strong></span> <span class='ocrx_word' id='word_1_160' title='bbox 154 2063 185 2114; x_wconf 88' lang='grc' dir='ltr'><strong>ει</strong></span> <span class='ocrx_word' id='word_1_161' title='bbox 213 2054 394 2134; x_wconf 83' lang='lat' dir='ltr'><strong>appellativis</strong></span> <span class='ocrx_word' id='word_1_162' title='bbox 418 2058 491 2115; x_wconf 90' lang='lat' dir='ltr'><strong>citra</strong></span> <span class='ocrx_word' id='word_1_163' title='bbox 516 2058 649 2137; x_wconf 79' lang='lat' dir='ltr'><strong>saepius</strong></span> <span class='ocrx_word' id='word_1_164' title='bbox 662 2058 805 2136; x_wconf 90' lang='lat' dir='ltr'><strong>praeponi</strong></span> <span class='ocrx_word' id='word_1_165' title='bbox 834 2055 923 2136; x_wconf 89' lang='lat' dir='ltr'><strong>solet,</strong></span> <span class='ocrx_word' id='word_1_166' title='bbox 946 2057 989 2114; x_wconf 88' lang='lat' dir='ltr'><strong>cis</strong></span> <span class='ocrx_word' id='word_1_167' title='bbox 1012 2054 1163 2135; x_wconf 86' lang='lat' dir='ltr'><strong>Rhenum,</strong></span> <span class='ocrx_word' id='word_1_168' title='bbox 1192 2057 1235 2115; x_wconf 93' lang='lat' dir='ltr'><strong>cis</strong></span> <span class='ocrx_word' id='word_1_169' title='bbox 1258 2055 1360 2137; x_wconf 81' lang='lat' dir='ltr'><strong>Alpes,</strong></span> <span class='ocrx_word' id='word_1_170' title='bbox 1388 2059 1463 2117; x_wconf 91' lang='lat' dir='ltr'><strong>citra</strong></span> 
     </span>
     <span class='ocr_line' id='line_1_18' title="bbox 155 2155 1459 2242; baseline 0.003 -22"><span class='ocrx_word' id='word_1_171' title='bbox 155 2163 261 2222; x_wconf 86' lang='lat' dir='ltr'><strong>lorum.</strong></span> <span class='ocrx_word' id='word_1_172' title='bbox 298 2171 330 2223; x_wconf 91' lang='grc' dir='ltr'><strong>ει</strong></span> <span class='ocrx_word' id='word_1_173' title='bbox 352 2181 368 2222; x_wconf 91' lang='lat' dir='ltr'><strong>a</strong></span> <span class='ocrx_word' id='word_1_174' title='bbox 391 2165 435 2222; x_wconf 91' lang='lat' dir='ltr'><strong>cis</strong></span> <span class='ocrx_word' id='word_1_175' title='bbox 459 2164 545 2242; x_wconf 89' lang='lat' dir='ltr'><strong>citra,</strong></span> <span class='ocrx_word' id='word_1_176' title='bbox 569 2181 584 2221; x_wconf 96' lang='lat' dir='ltr'><strong>a</strong></span> <span class='ocrx_word' id='word_1_177' title='bbox 608 2165 682 2223; x_wconf 90' lang='lat' dir='ltr'><strong>citra</strong></span> <span class='ocrx_word' id='word_1_178' title='bbox 706 2165 782 2223; x_wconf 90' lang='lat' dir='ltr'><strong>clter</strong></span> <span class='ocrx_word' id='word_1_179' title='bbox 805 2163 927 2235; x_wconf 87' lang='lat' dir='ltr'><strong>citerior</strong></span> <span class='ocrx_word' id='word_1_180' title='bbox 946 2155 1116 2223; x_wconf 89' lang='lat' dir='ltr'><strong>citissimus.</strong></span> <span class='ocrx_word' id='word_1_181' title='bbox 1154 2163 1274 2222; x_wconf 84' lang='lat' dir='ltr'><strong>circiter</strong></span> <span class='ocrx_word' id='word_1_182' title='bbox 1297 2163 1333 2223; x_wconf 96' lang='lat' dir='ltr'><strong>ad</strong></span> <span class='ocrx_word' id='word_1_183' title='bbox 1357 2181 1459 2224; x_wconf 87' lang='lat' dir='ltr'><strong>nume·</strong></span> 
     </span>
     <span class='ocr_line' id='line_1_19' title="bbox 154 2267 1462 2348; baseline 0.003 -21"><span class='ocrx_word' id='word_1_184' title='bbox 154 2287 221 2328; x_wconf 92' lang='lat' dir='ltr'><strong>rum</strong></span> <span class='ocrx_word' id='word_1_185' title='bbox 244 2271 389 2348; x_wconf 88' lang='lat' dir='ltr'><strong>pertinet,</strong></span> <span class='ocrx_word' id='word_1_186' title='bbox 412 2279 444 2329; x_wconf 92' lang='lat' dir='ltr'><strong>ut</strong></span> <span class='ocrx_word' id='word_1_187' title='bbox 468 2272 588 2330; x_wconf 91' lang='lat' dir='ltr'><strong>circiter</strong></span> <span class='ocrx_word' id='word_1_188' title='bbox 612 2270 714 2330; x_wconf 89' lang='lat' dir='ltr'><strong>decem</strong></span> <span class='ocrx_word' id='word_1_189' title='bbox 745 2268 894 2329; x_wconf 86' lang='lat' dir='ltr'><strong>horarum.</strong></span> <span class='ocrx_word' id='word_1_190' title='bbox 940 2268 1048 2329; x_wconf 88' lang='lat' dir='ltr'><strong>Carcer</strong></span> <span class='ocrx_word' id='word_1_191' title='bbox 1077 2267 1128 2328; x_wconf 91' lang='lat' dir='ltr'><strong>ubi</strong></span> <span class='ocrx_word' id='word_1_192' title='bbox 1158 2268 1292 2329; x_wconf 89' lang='lat' dir='ltr'><strong>homines</strong></span> <span class='ocrx_word' id='word_1_193' title='bbox 1322 2269 1462 2331; x_wconf 92' lang='lat' dir='ltr'><strong>claudun·</strong></span> 
     </span>
     <span class='ocr_line' id='line_1_20' title="bbox 154 2374 1463 2459; baseline 0.002 -24"><span class='ocrx_word' id='word_1_194' title='bbox 154 2383 212 2456; x_wconf 91' lang='lat' dir='ltr'><strong>tur,</strong></span> <span class='ocrx_word' id='word_1_195' title='bbox 240 2394 376 2436; x_wconf 88' lang='lat' dir='ltr'><strong>carceres</strong></span> <span class='ocrx_word' id='word_1_196' title='bbox 400 2376 478 2436; x_wconf 78' lang='lat' dir='ltr'><strong>rande</strong></span> <span class='ocrx_word' id='word_1_197' title='bbox 503 2375 661 2456; x_wconf 83' lang='lat' dir='ltr'><strong>quadrigae</strong></span> <span class='ocrx_word' id='word_1_198' title='bbox 686 2386 805 2436; x_wconf 81' lang='grc' dir='ltr'>ειειιιιι.</span> <span class='ocrx_word' id='word_1_199' title='bbox 851 2374 936 2453; x_wconf 82' lang='lat' dir='ltr'><strong>Cepit</strong></span> <span class='ocrx_word' id='word_1_200' title='bbox 963 2394 1017 2454; x_wconf 92' lang='grc' dir='ltr'><strong>ρει</strong></span> <span class='ocrx_word' id='word_1_201' title='bbox 1041 2375 1204 2455; x_wconf 89' lang='lat' dir='ltr'><strong>simplicem</strong></span> <span class='ocrx_word' id='word_1_202' title='bbox 1228 2395 1245 2436; x_wconf 89' lang='grc' dir='ltr'>ε</span> <span class='ocrx_word' id='word_1_203' title='bbox 1269 2396 1284 2436; x_wconf 88' lang='lat' dir='ltr'><strong>a</strong></span> <span class='ocrx_word' id='word_1_204' title='bbox 1310 2378 1463 2459; x_wconf 89' lang='lat' dir='ltr'><strong>capiendo,</strong></span> 
     </span>
     <span class='ocr_line' id='line_1_21' title="bbox 154 2481 1463 2565; baseline 0.003 -25"><span class='ocrx_word' id='word_1_205' title='bbox 154 2483 252 2561; x_wconf 92' lang='lat' dir='ltr'><strong>coepit</strong></span> <span class='ocrx_word' id='word_1_206' title='bbox 284 2501 338 2561; x_wconf 94' lang='lat' dir='ltr'><strong>per</strong></span> <span class='ocrx_word' id='word_1_207' title='bbox 366 2482 569 2562; x_wconf 78' lang='lat' dir='ltr'><strong>diphthongon</strong></span> <span class='ocrx_word' id='word_1_208' title='bbox 600 2503 635 2543; x_wconf 88' lang='lat' dir='ltr'><strong>oe</strong></span> <span class='ocrx_word' id='word_1_209' title='bbox 668 2484 705 2544; x_wconf 89' lang='lat' dir='ltr'><strong>de</strong></span> <span class='ocrx_word' id='word_1_210' title='bbox 734 2482 911 2562; x_wconf 92' lang='lat' dir='ltr'><strong>incipiendo.</strong></span> <span class='ocrx_word' id='word_1_211' title='bbox 962 2492 1066 2561; x_wconf 90' lang='lat' dir='ltr'><strong>coepta</strong></span> <span class='ocrx_word' id='word_1_212' title='bbox 1101 2501 1155 2562; x_wconf 91' lang='lat' dir='ltr'><strong>per</strong></span> <span class='ocrx_word' id='word_1_213' title='bbox 1183 2481 1387 2562; x_wconf 88' lang='lat' dir='ltr'><strong>diphthongon</strong></span> <span class='ocrx_word' id='word_1_214' title='bbox 1417 2503 1463 2565; x_wconf 91' lang='lat' dir='ltr'><strong>oe,</strong></span> 
     </span>
     <span class='ocr_line' id='line_1_22' title="bbox 112 2587 1460 2669; baseline 0.004 -25"><span class='ocrx_word' id='word_1_215' title='bbox 112 2603 139 2642; x_wconf 80' lang='lat' dir='ltr'><strong>ro</strong></span> <span class='ocrx_word' id='word_1_216' title='bbox 155 2590 271 2668; x_wconf 92' lang='lat' dir='ltr'><strong>incepta</strong></span> <span class='ocrx_word' id='word_1_217' title='bbox 299 2608 353 2668; x_wconf 91' lang='lat' dir='ltr'><strong>per</strong></span> <span class='ocrx_word' id='word_1_218' title='bbox 381 2590 545 2669; x_wconf 89' lang='lat' dir='ltr'><strong>simplicem</strong></span> <span class='ocrx_word' id='word_1_219' title='bbox 570 2608 595 2649; x_wconf 89' lang='lat' dir='ltr'><strong>e.</strong></span> <span class='ocrx_word' id='word_1_220' title='bbox 641 2589 703 2649; x_wconf 82' lang='lat' dir='ltr'><strong>Con</strong></span> <span class='ocrx_word' id='word_1_221' title='bbox 731 2590 926 2669; x_wconf 89' lang='lat' dir='ltr'><strong>praepositio,</strong></span> <span class='ocrx_word' id='word_1_222' title='bbox 954 2590 980 2648; x_wconf 92' lang='lat' dir='ltr'><strong>si</strong></span> <span class='ocrx_word' id='word_1_223' title='bbox 1002 2588 1038 2648; x_wconf 93' lang='lat' dir='ltr'><strong>ad</strong></span> <span class='ocrx_word' id='word_1_224' title='bbox 1064 2587 1151 2648; x_wconf 83' lang='lat' dir='ltr'><strong>verba</strong></span> <span class='ocrx_word' id='word_1_225' title='bbox 1175 2609 1190 2648; x_wconf 98' lang='lat' dir='ltr'><strong>a</strong></span> <span class='ocrx_word' id='word_1_226' title='bbox 1216 2588 1364 2650; x_wconf 75' lang='lat' dir='ltr'><strong>vocalibus</strong></span> <span class='ocrx_word' id='word_1_227' title='bbox 1388 2592 1460 2651; x_wconf 85' lang='lat' dir='ltr'><strong>inei·</strong></span> 
     </span>
     <span class='ocr_line' id='line_1_23' title="bbox 152 2696 1461 2777; baseline 0.002 -22"><span class='ocrx_word' id='word_1_228' title='bbox 152 2697 262 2775; x_wconf 91' lang='lat' dir='ltr'><strong>pientia</strong></span> <span class='ocrx_word' id='word_1_229' title='bbox 281 2696 415 2777; x_wconf 90' lang='lat' dir='ltr'><strong>accedat,</strong></span> <span class='ocrx_word' id='word_1_230' title='bbox 440 2717 458 2757; x_wconf 95' lang='grc' dir='ltr'><strong>ιι</strong></span> <span class='ocrx_word' id='word_1_231' title='bbox 478 2706 691 2758; x_wconf 86' lang='lat' dir='ltr'><strong>consonantem</strong></span> <span class='ocrx_word' id='word_1_232' title='bbox 715 2696 825 2776; x_wconf 87' lang='lat' dir='ltr'><strong>perdit,</strong></span> <span class='ocrx_word' id='word_1_233' title='bbox 851 2704 884 2755; x_wconf 91' lang='grc' dir='ltr'><strong>ιιι</strong></span> <span class='ocrx_word' id='word_1_234' title='bbox 902 2714 997 2774; x_wconf 88' lang='lat' dir='ltr'><strong>aequo</strong></span> <span class='ocrx_word' id='word_1_235' title='bbox 1019 2714 1165 2775; x_wconf 89' lang='lat' dir='ltr'><strong>coaequo,</strong></span> <span class='ocrx_word' id='word_1_236' title='bbox 1189 2715 1224 2755; x_wconf 83' lang='lat' dir='ltr'><strong>co</strong></span> <span class='ocrx_word' id='word_1_237' title='bbox 1244 2715 1316 2756; x_wconf 93' lang='lat' dir='ltr'><strong>coeo</strong></span> <span class='ocrx_word' id='word_1_238' title='bbox 1340 2706 1378 2756; x_wconf 89' lang='lat' dir='ltr'><strong>et·</strong></span> <span class='ocrx_word' id='word_1_239' title='bbox 1395 2698 1461 2758; x_wconf 91' lang='lat' dir='ltr'><strong>reli-</strong></span> 
     </span>
     <span class='ocr_line' id='line_1_24' title="bbox 153 2802 1462 2886; baseline 0.004 -25"><span class='ocrx_word' id='word_1_240' title='bbox 153 2821 223 2882; x_wconf 81' lang='lat' dir='ltr'><strong>qua3</strong></span> <span class='ocrx_word' id='word_1_241' title='bbox 247 2806 272 2864; x_wconf 90' lang='lat' dir='ltr'><strong>si</strong></span> <span class='ocrx_word' id='word_1_242' title='bbox 296 2813 394 2864; x_wconf 90' lang='lat' dir='ltr'><strong>autem</strong></span> <span class='ocrx_word' id='word_1_243' title='bbox 418 2805 454 2864; x_wconf 94' lang='lat' dir='ltr'><strong>ad</strong></span> <span class='ocrx_word' id='word_1_244' title='bbox 478 2802 566 2864; x_wconf 84' lang='lat' dir='ltr'><strong>rerba</strong></span> <span class='ocrx_word' id='word_1_245' title='bbox 590 2822 606 2862; x_wconf 90' lang='lat' dir='ltr'><strong>a</strong></span> <span class='ocrx_word' id='word_1_246' title='bbox 630 2802 776 2881; x_wconf 89' lang='lat' dir='ltr'><strong>digammo</strong></span> <span class='ocrx_word' id='word_1_247' title='bbox 799 2804 985 2883; x_wconf 87' lang='lat' dir='ltr'><strong>incipientia,</strong></span> <span class='ocrx_word' id='word_1_248' title='bbox 1000 2822 1068 2863; x_wconf 93' lang='lat' dir='ltr'><strong>non</strong></span> <span class='ocrx_word' id='word_1_249' title='bbox 1092 2803 1190 2883; x_wconf 90' lang='lat' dir='ltr'><strong>perdit</strong></span> <span class='ocrx_word' id='word_1_250' title='bbox 1217 2824 1234 2864; x_wconf 94' lang='grc' dir='ltr'><strong>ιι</strong></span> <span class='ocrx_word' id='word_1_251' title='bbox 1260 2804 1401 2886; x_wconf 89' lang='lat' dir='ltr'><strong>litteram,</strong></span> <span class='ocrx_word' id='word_1_252' title='bbox 1429 2816 1462 2867; x_wconf 92' lang='grc' dir='ltr'><strong>ιιι</strong></span> 
     </span>
     <span class='ocr_line' id='line_1_25' title="bbox 153 2909 1460 2992; baseline 0.006 -26"><span class='ocrx_word' id='word_1_253' title='bbox 153 2909 217 2968; x_wconf 89' lang='grc' dir='ltr'>ι·οΙο</span> <span class='ocrx_word' id='word_1_254' title='bbox 242 2911 378 2991; x_wconf 85' lang='lat' dir='ltr'><strong>convolo,</strong></span> <span class='ocrx_word' id='word_1_255' title='bbox 401 2914 486 2971; x_wconf 85' lang='lat' dir='ltr'><strong>vinco</strong></span> <span class='ocrx_word' id='word_1_256' title='bbox 506 2913 659 2971; x_wconf 86' lang='lat' dir='ltr'><strong>convinco.</strong></span> <span class='ocrx_word' id='word_1_257' title='bbox 696 2912 817 2989; x_wconf 80' lang='lat' dir='ltr'><strong>Coquus</strong></span> <span class='ocrx_word' id='word_1_258' title='bbox 837 2912 925 2989; x_wconf 91' lang='lat' dir='ltr'><strong>coqui</strong></span> <span class='ocrx_word' id='word_1_259' title='bbox 948 2912 1043 2989; x_wconf 90' lang='lat' dir='ltr'><strong>prima</strong></span> <span class='ocrx_word' id='word_1_260' title='bbox 1067 2909 1178 2990; x_wconf 85' lang='lat' dir='ltr'><strong>syllaba</strong></span> <span class='ocrx_word' id='word_1_261' title='bbox 1202 2930 1257 2990; x_wconf 91' lang='lat' dir='ltr'><strong>per</strong></span> <span class='ocrx_word' id='word_1_262' title='bbox 1276 2932 1307 2992; x_wconf 93' lang='lat' dir='ltr'><strong>c,</strong></span> <span class='ocrx_word' id='word_1_263' title='bbox 1332 2915 1460 2974; x_wconf 91' lang='lat' dir='ltr'><strong>secunda</strong></span> 
     </span>
     <span class='ocr_line' id='line_1_26' title="bbox 152 3002 1456 3096; baseline 0.005 -22"><span class='ocrx_word' id='word_1_264' title='bbox 152 3033 206 3093; x_wconf 94' lang='lat' dir='ltr'><strong>per</strong></span> <span class='ocrx_word' id='word_1_265' title='bbox 231 3035 250 3095; x_wconf 91' lang='lat' dir='ltr'><strong>q</strong></span> <span class='ocrx_word' id='word_1_266' title='bbox 279 3017 483 3078; x_wconf 86' lang='lat' dir='ltr'><strong>scribendum:</strong></span> <span class='ocrx_word' id='word_1_267' title='bbox 511 3036 569 3078; x_wconf 93' lang='lat' dir='ltr'><strong>non</strong></span> <span class='ocrx_word' id='word_1_268' title='bbox 598 3021 677 3077; x_wconf 92' lang='lat' dir='ltr'><strong>enim</strong></span> <span class='ocrx_word' id='word_1_269' title='bbox 706 3002 832 3078; x_wconf 85' lang='lat' dir='ltr'><strong>dicimus</strong></span> <span class='ocrx_word' id='word_1_270' title='bbox 861 3034 1028 3096; x_wconf 88' lang='lat' dir='ltr'><strong>quoquere,</strong></span> <span class='ocrx_word' id='word_1_271' title='bbox 1056 3017 1107 3077; x_wconf 90' lang='lat' dir='ltr'><strong>sed</strong></span> <span class='ocrx_word' id='word_1_272' title='bbox 1138 3036 1276 3095; x_wconf 89' lang='lat' dir='ltr'><strong>coquere.</strong></span> <span class='ocrx_word' id='word_1_273' title='bbox 1323 3019 1456 3080; x_wconf 86' lang='lat' dir='ltr'><strong>Coniunx</strong></span> 
     </span>
     <span class='ocr_line' id='line_1_27' title="bbox 111 3122 1460 3204; baseline 0.005 -24"><span class='ocrx_word' id='word_1_274' title='bbox 111 3139 137 3175; x_wconf 72' lang='grc' dir='ltr'><strong>ιι</strong></span> <span class='ocrx_word' id='word_1_275' title='bbox 152 3123 316 3183; x_wconf 85' lang='lat' dir='ltr'><strong>secundum</strong></span> <span class='ocrx_word' id='word_1_276' title='bbox 335 3125 496 3204; x_wconf 89' lang='lat' dir='ltr'><strong>analogiam</strong></span> <span class='ocrx_word' id='word_1_277' title='bbox 516 3143 570 3204; x_wconf 87' lang='lat' dir='ltr'><strong>per·</strong></span> <span class='ocrx_word' id='word_1_278' title='bbox 590 3143 608 3184; x_wconf 95' lang='lat' dir='ltr'><strong>n</strong></span> <span class='ocrx_word' id='word_1_279' title='bbox 632 3122 822 3183; x_wconf 89' lang='lat' dir='ltr'><strong>scribendum</strong></span> <span class='ocrx_word' id='word_1_280' title='bbox 848 3132 906 3196; x_wconf 90' lang='lat' dir='ltr'><strong>est,</strong></span> <span class='ocrx_word' id='word_1_281' title='bbox 931 3122 982 3182; x_wconf 90' lang='lat' dir='ltr'><strong>sed</strong></span> <span class='ocrx_word' id='word_1_282' title='bbox 1006 3123 1170 3201; x_wconf 87' lang='lat' dir='ltr'><strong>euphoniae</strong></span> <span class='ocrx_word' id='word_1_283' title='bbox 1190 3143 1278 3184; x_wconf 87' lang='lat' dir='ltr'><strong>causa</strong></span> <span class='ocrx_word' id='word_1_284' title='bbox 1303 3146 1322 3186; x_wconf 96' lang='lat' dir='ltr'><strong>n</strong></span> <span class='ocrx_word' id='word_1_285' title='bbox 1347 3125 1460 3187; x_wconf 91' lang='lat' dir='ltr'><strong>tollitur</strong></span> 
     </span>
     <span class='ocr_line' id='line_1_28' title="bbox 152 3227 1461 3311; baseline 0.005 -23"><span class='ocrx_word' id='word_1_286' title='bbox 152 3239 182 3289; x_wconf 90' lang='lat' dir='ltr'><strong>et</strong></span> <span class='ocrx_word' id='word_1_287' title='bbox 211 3230 336 3292; x_wconf 89' lang='lat' dir='ltr'><strong>dicimus</strong></span> <span class='ocrx_word' id='word_1_288' title='bbox 364 3234 480 3292; x_wconf 88' lang='lat' dir='ltr'><strong>coniux.</strong></span> <span class='ocrx_word' id='word_1_289' title='bbox 533 3232 554 3291; x_wconf 86' lang='lat' dir='ltr'>C</span> <span class='ocrx_word' id='word_1_290' title='bbox 583 3240 726 3311; x_wconf 89' lang='lat' dir='ltr'><strong>sequente</strong></span> <span class='ocrx_word' id='word_1_291' title='bbox 755 3229 834 3289; x_wconf 84' lang='lat' dir='ltr'><strong>nrrlla</strong></span> <span class='ocrx_word' id='word_1_292' title='bbox 860 3227 864 3308; x_wconf 75' lang='lat' dir='ltr'><strong>l</strong></span> <span class='ocrx_word' id='word_1_293' title='bbox 893 3229 1000 3289; x_wconf 81' lang='lat' dir='ltr'><strong>vocalis</strong></span> <span class='ocrx_word' id='word_1_294' title='bbox 1028 3232 1184 3308; x_wconf 87' lang='lat' dir='ltr'><strong>aspiratur,</strong></span> <span class='ocrx_word' id='word_1_295' title='bbox 1219 3241 1252 3292; x_wconf 91' lang='lat' dir='ltr'><strong>ut</strong></span> <span class='ocrx_word' id='word_1_296' title='bbox 1280 3235 1358 3293; x_wconf 91' lang='lat' dir='ltr'><strong>acies</strong></span> <span class='ocrx_word' id='word_1_297' title='bbox 1392 3253 1461 3295; x_wconf 92' lang='lat' dir='ltr'><strong>ecce</strong></span> 
     </span>
     <span class='ocr_line' id='line_1_29' title="bbox 152 3335 1457 3419; baseline 0.005 -25"><span class='ocrx_word' id='word_1_298' title='bbox 152 3336 264 3397; x_wconf 88' lang='lat' dir='ltr'><strong>oculus.</strong></span> <span class='ocrx_word' id='word_1_299' title='bbox 302 3338 424 3399; x_wconf 85' lang='lat' dir='ltr'><strong>Caelebs</strong></span> <span class='ocrx_word' id='word_1_300' title='bbox 448 3342 498 3419; x_wconf 90' lang='lat' dir='ltr'><strong>qui</strong></span> <span class='ocrx_word' id='word_1_301' title='bbox 518 3338 574 3399; x_wconf 86' lang='lat' dir='ltr'><strong>sibi</strong></span> <span class='ocrx_word' id='word_1_302' title='bbox 597 3341 654 3398; x_wconf 92' lang='lat' dir='ltr'><strong>iter</strong></span> <span class='ocrx_word' id='word_1_303' title='bbox 678 3338 747 3397; x_wconf 86' lang='lat' dir='ltr'><strong>lacit</strong></span> <span class='ocrx_word' id='word_1_304' title='bbox 765 3335 801 3395; x_wconf 95' lang='lat' dir='ltr'><strong>ad</strong></span> <span class='ocrx_word' id='word_1_305' title='bbox 821 3335 935 3395; x_wconf 89' lang='lat' dir='ltr'><strong>caelum</strong></span> <span class='ocrx_word' id='word_1_306' title='bbox 955 3345 984 3396; x_wconf 88' lang='lat' dir='ltr'><strong>ct</strong></span> <span class='ocrx_word' id='word_1_307' title='bbox 1011 3335 1127 3397; x_wconf 91' lang='lat' dir='ltr'><strong>caelebs</strong></span> <span class='ocrx_word' id='word_1_308' title='bbox 1152 3338 1323 3399; x_wconf 88' lang='lat' dir='ltr'><strong>caelestium</strong></span> <span class='ocrx_word' id='word_1_309' title='bbox 1344 3341 1457 3401; x_wconf 85' lang='lat' dir='ltr'><strong>ducens</strong></span> 
     </span>
     <span class='ocr_line' id='line_1_30' title="bbox 152 3443 1461 3527; baseline 0.006 -26"><span class='ocrx_word' id='word_1_310' title='bbox 152 3445 240 3503; x_wconf 82' lang='lat' dir='ltr'><strong>vitam</strong></span> <span class='ocrx_word' id='word_1_311' title='bbox 259 3455 288 3505; x_wconf 91' lang='lat' dir='ltr'><strong>ct</strong></span> <span class='ocrx_word' id='word_1_312' title='bbox 307 3446 444 3507; x_wconf 90' lang='lat' dir='ltr'><strong>caelicola</strong></span> <span class='ocrx_word' id='word_1_313' title='bbox 463 3450 514 3527; x_wconf 91' lang='lat' dir='ltr'><strong>qui</strong></span> <span class='ocrx_word' id='word_1_314' title='bbox 533 3445 646 3507; x_wconf 87' lang='lat' dir='ltr'><strong>caelum</strong></span> <span class='ocrx_word' id='word_1_315' title='bbox 667 3444 745 3523; x_wconf 91' lang='lat' dir='ltr'><strong>colit,</strong></span> <span class='ocrx_word' id='word_1_316' title='bbox 766 3451 798 3504; x_wconf 90' lang='lat' dir='ltr'><strong>ut</strong></span> <span class='ocrx_word' id='word_1_317' title='bbox 816 3443 953 3523; x_wconf 90' lang='lat' dir='ltr'><strong>angelus,</strong></span> <span class='ocrx_word' id='word_1_318' title='bbox 973 3444 1045 3504; x_wconf 89' lang='lat' dir='ltr'><strong>haec</strong></span> <span class='ocrx_word' id='word_1_319' title='bbox 1065 3463 1098 3504; x_wconf 93' lang='lat' dir='ltr'><strong>ae</strong></span> <span class='ocrx_word' id='word_1_320' title='bbox 1118 3445 1321 3525; x_wconf 88' lang='lat' dir='ltr'><strong>diphthongon</strong></span> <span class='ocrx_word' id='word_1_321' title='bbox 1342 3448 1461 3510; x_wconf 93' lang='lat' dir='ltr'><strong>habent.</strong></span> 
     </span>
     <span class='ocr_line' id='line_1_31' title="bbox 153 3550 1460 3633; baseline 0.007 -25"><span class='ocrx_word' id='word_1_322' title='bbox 153 3561 342 3632; x_wconf 87' lang='lat' dir='ltr'><strong>coaetaneus,</strong></span> <span class='ocrx_word' id='word_1_323' title='bbox 376 3557 459 3632; x_wconf 88' lang='lat' dir='ltr'><strong>quasi</strong></span> <span class='ocrx_word' id='word_1_324' title='bbox 491 3571 612 3633; x_wconf 91' lang='lat' dir='ltr'><strong>compar</strong></span> <span class='ocrx_word' id='word_1_325' title='bbox 645 3552 763 3630; x_wconf 90' lang='lat' dir='ltr'><strong>aetatis,</strong></span> <span class='ocrx_word' id='word_1_326' title='bbox 795 3567 849 3629; x_wconf 90' lang='lat' dir='ltr'><strong>per</strong></span> <span class='ocrx_word' id='word_1_327' title='bbox 882 3568 914 3609; x_wconf 95' lang='lat' dir='ltr'><strong>ae</strong></span> <span class='ocrx_word' id='word_1_328' title='bbox 950 3550 1163 3630; x_wconf 88' lang='lat' dir='ltr'><strong>diphthongon.</strong></span> <span class='ocrx_word' id='word_1_329' title='bbox 1215 3552 1294 3613; x_wconf 78' lang='lat' dir='ltr'><strong>Cado</strong></span> <span class='ocrx_word' id='word_1_330' title='bbox 1322 3556 1416 3616; x_wconf 90' lang='lat' dir='ltr'><strong>cecidi</strong></span> <span class='ocrx_word' id='word_1_331' title='bbox 1445 3576 1460 3616; x_wconf 96' lang='lat' dir='ltr'><strong>a</strong></span> 
     </span>
     <span class='ocr_line' id='line_1_32' title="bbox 112 3657 1459 3741; baseline 0.007 -26"><span class='ocrx_word' id='word_1_332' title='bbox 112 3672 137 3709; x_wconf 82' lang='lat' dir='ltr'><strong>so</strong></span> <span class='ocrx_word' id='word_1_333' title='bbox 152 3657 282 3718; x_wconf 90' lang='lat' dir='ltr'><strong>cadeudo</strong></span> <span class='ocrx_word' id='word_1_334' title='bbox 302 3678 356 3739; x_wconf 93' lang='lat' dir='ltr'><strong>per</strong></span> <span class='ocrx_word' id='word_1_335' title='bbox 375 3680 405 3741; x_wconf 91' lang='lat' dir='ltr'><strong>e,</strong></span> <span class='ocrx_word' id='word_1_336' title='bbox 428 3661 518 3721; x_wconf 90' lang='lat' dir='ltr'><strong>caedo</strong></span> <span class='ocrx_word' id='word_1_337' title='bbox 538 3659 649 3721; x_wconf 88' lang='lat' dir='ltr'><strong>caecidi</strong></span> <span class='ocrx_word' id='word_1_338' title='bbox 668 3678 683 3718; x_wconf 93' lang='lat' dir='ltr'><strong>a</strong></span> <span class='ocrx_word' id='word_1_339' title='bbox 702 3658 897 3738; x_wconf 90' lang='lat' dir='ltr'><strong>percutiendo</strong></span> <span class='ocrx_word' id='word_1_340' title='bbox 917 3677 1024 3739; x_wconf 91' lang='lat' dir='ltr'><strong>perae</strong></span> <span class='ocrx_word' id='word_1_341' title='bbox 1043 3658 1262 3740; x_wconf 90' lang='lat' dir='ltr'><strong>diphthongon,</strong></span> <span class='ocrx_word' id='word_1_342' title='bbox 1286 3661 1360 3722; x_wconf 90' lang='lat' dir='ltr'><strong>cedo</strong></span> <span class='ocrx_word' id='word_1_343' title='bbox 1382 3667 1459 3725; x_wconf 90' lang='lat' dir='ltr'><strong>cessi</strong></span> 
     </span>
    </p>
   </div>
   <div class='ocr_carea' id='block_1_3' title="bbox 151 3883 1487 4916">
    <p class='ocr_par' dir='ltr' id='par_1_3' title="bbox 151 3883 1487 4916">
     <span class='ocr_line' id='line_1_33' title="bbox 240 3883 1462 3957; baseline 0.006 -20"><span class='ocrx_word' id='word_1_344' title='bbox 240 3892 256 3937; x_wconf 87' lang='lat'><strong>3</strong></span> <span class='ocrx_word' id='word_1_345' title='bbox 276 3886 404 3940; x_wconf 83' lang='lat' dir='ltr'><strong>comedia</strong></span> <span class='ocrx_word' id='word_1_346' title='bbox 423 3886 548 3941; x_wconf 85' lang='lat' dir='ltr'><strong>carmina</strong></span> <span class='ocrx_word' id='word_1_347' title='bbox 566 3887 631 3940; x_wconf 89' lang='lat' dir='ltr'><strong>sunt</strong></span> <span class='ocrx_word' id='word_1_348' title='bbox 649 3901 721 3953; x_wconf 87' lang='lat' dir='ltr'><strong>quae</strong></span> <span class='ocrx_word' id='word_1_349' title='bbox 741 3915 774 3924; x_wconf 97' lang='lat'>-</span> <span class='ocrx_word' id='word_1_350' title='bbox 794 3883 950 3953; x_wconf 84' lang='lat' dir='ltr'><strong>simplicem</strong></span> <span class='ocrx_word' id='word_1_351' title='bbox 969 3885 1101 3939; x_wconf 83' lang='lat' dir='ltr'><strong>scribitur</strong></span> <span class='ocrx_word' id='word_1_352' title='bbox 1121 3886 1156 3938; x_wconf 99' lang='lat' dir='ltr'><em>M</em></span> <span class='ocrx_word' id='word_1_353' title='bbox 1220 3893 1236 3939; x_wconf 80' lang='lat'>5</span> <span class='ocrx_word' id='word_1_354' title='bbox 1256 3889 1462 3957; x_wconf 86' lang='lat' dir='ltr'><strong>comprehendo</strong></span> 
     </span>
     <span class='ocr_line' id='line_1_34' title="bbox 153 3965 1460 4035; baseline 0.006 -20"><span class='ocrx_word' id='word_1_355' title='bbox 153 3965 299 4019; x_wconf 86' lang='lat' dir='ltr'><strong>commoda</strong></span> <span class='ocrx_word' id='word_1_356' title='bbox 318 3966 518 4035; x_wconf 79' lang='lat' dir='ltr'><strong>computrescit</strong></span> <span class='ocrx_word' id='word_1_357' title='bbox 536 3965 715 4020; x_wconf 85' lang='lat' dir='ltr'><strong>commendat</strong></span> <span class='ocrx_word' id='word_1_358' title='bbox 733 3981 880 4018; x_wconf 87' lang='lat' dir='ltr'><strong>commuue</strong></span> <span class='ocrx_word' id='word_1_359' title='bbox 900 3965 1056 4034; x_wconf 90' lang='lat' dir='ltr'><strong>complures</strong></span> <span class='ocrx_word' id='word_1_360' title='bbox 1075 3967 1105 4018; x_wconf 89' lang='lat' dir='ltr'><strong>et</strong></span> <span class='ocrx_word' id='word_1_361' title='bbox 1123 3965 1193 4018; x_wconf 85' lang='lat' dir='ltr'><strong>talia</strong></span> <span class='ocrx_word' id='word_1_362' title='bbox 1213 3966 1249 4018; x_wconf 90' lang='lat' dir='ltr'><em>M</em></span> <span class='ocrx_word' id='word_1_363' title='bbox 1316 3974 1331 4021; x_wconf 88' lang='grc'>8</span> <span class='ocrx_word' id='word_1_364' title='bbox 1351 3968 1460 4023; x_wconf 87' lang='lat' dir='ltr'><strong>intelle·</strong></span> 
     </span>
     <span class='ocr_line' id='line_1_35' title="bbox 151 4040 1429 4115; baseline 0.005 -20"><span class='ocrx_word' id='word_1_365' title='bbox 151 4040 226 4105; x_wconf 74' lang='lat' dir='ltr'><strong>gitur</strong></span> <span class='ocrx_word' id='word_1_366' title='bbox 246 4044 283 4096; x_wconf 93' lang='lat' dir='ltr'><em>M</em></span> <span class='ocrx_word' id='word_1_367' title='bbox 299 4045 482 4115; x_wconf 85' lang='lat' dir='ltr'><strong>intellegatur</strong></span> <span class='ocrx_word' id='word_1_368' title='bbox 501 4047 522 4099; x_wconf 90' lang='lat' dir='ltr'><strong><em>S</em></strong></span> <span class='ocrx_word' id='word_1_369' title='bbox 592 4050 624 4097; x_wconf 92' lang='lat'><strong>10</strong></span> <span class='ocrx_word' id='word_1_370' title='bbox 643 4042 767 4097; x_wconf 84' lang='lat' dir='ltr'><strong>animum</strong></span> <span class='ocrx_word' id='word_1_371' title='bbox 789 4045 825 4097; x_wconf 89' lang='lat' dir='ltr'><em>M</em></span> <span class='ocrx_word' id='word_1_372' title='bbox 842 4044 965 4098; x_wconf 88' lang='lat' dir='ltr'><strong>animam</strong></span> <span class='ocrx_word' id='word_1_373' title='bbox 984 4044 1006 4097; x_wconf 89' lang='lat' dir='ltr'><strong><em>S</em></strong></span> <span class='ocrx_word' id='word_1_374' title='bbox 1074 4051 1104 4097; x_wconf 90' lang='lat'><strong>11</strong></span> <span class='ocrx_word' id='word_1_375' title='bbox 1126 4043 1240 4098; x_wconf 79' lang='lat' dir='ltr'><strong>affectat</strong></span> <span class='ocrx_word' id='word_1_376' title='bbox 1259 4053 1376 4114; x_wconf 85' lang='lat' dir='ltr'><strong>generat</strong></span> <span class='ocrx_word' id='word_1_377' title='bbox 1394 4053 1429 4102; x_wconf 90' lang='lat' dir='ltr'><em>M</em></span> 
     </span>
     <span class='ocr_line' id='line_1_36' title="bbox 155 4122 1460 4194; baseline 0.008 -21"><span class='ocrx_word' id='word_1_378' title='bbox 155 4127 185 4174; x_wconf 87' lang='lat'><strong>13</strong></span> <span class='ocrx_word' id='word_1_379' title='bbox 205 4123 275 4176; x_wconf 85' lang='lat' dir='ltr'><strong>citra</strong></span> <span class='ocrx_word' id='word_1_380' title='bbox 289 4125 405 4178; x_wconf 81' lang='lat' dir='ltr'><strong>earrdem</strong></span> <span class='ocrx_word' id='word_1_381' title='bbox 421 4126 524 4194; x_wconf 89' lang='lat' dir='ltr'><strong>quippe</strong></span> <span class='ocrx_word' id='word_1_382' title='bbox 540 4122 774 4193; x_wconf 79' lang='lat' dir='ltr'><strong>significationem</strong></span> <span class='ocrx_word' id='word_1_383' title='bbox 792 4125 967 4193; x_wconf 87' lang='lat' dir='ltr'><strong>habetquod</strong></span> <span class='ocrx_word' id='word_1_384' title='bbox 989 4124 1030 4179; x_wconf 91' lang='lat' dir='ltr'><strong>cis</strong></span> <span class='ocrx_word' id='word_1_385' title='bbox 1044 4125 1099 4179; x_wconf 88' lang='lat' dir='ltr'><strong>nisi</strong></span> <span class='ocrx_word' id='word_1_386' title='bbox 1118 4125 1192 4194; x_wconf 88' lang='lat' dir='ltr'><strong>quod</strong></span> <span class='ocrx_word' id='word_1_387' title='bbox 1211 4127 1330 4194; x_wconf 90' lang='lat' dir='ltr'><strong>propriis</strong></span> <span class='ocrx_word' id='word_1_388' title='bbox 1343 4127 1460 4183; x_wconf 90' lang='lat' dir='ltr'><strong>nomini·</strong></span> 
     </span>
     <span class='ocr_line' id='line_1_37' title="bbox 152 4201 1462 4274; baseline 0.006 -21"><span class='ocrx_word' id='word_1_389' title='bbox 152 4201 203 4254; x_wconf 91' lang='lat' dir='ltr'><strong>bus</strong></span> <span class='ocrx_word' id='word_1_390' title='bbox 222 4204 252 4255; x_wconf 86' lang='lat' dir='ltr'><strong>et</strong></span> <span class='ocrx_word' id='word_1_391' title='bbox 270 4205 450 4273; x_wconf 89' lang='lat' dir='ltr'><strong>appellatiuis</strong></span> <span class='ocrx_word' id='word_1_392' title='bbox 468 4204 578 4274; x_wconf 88' lang='lat' dir='ltr'><strong>saepius</strong></span> <span class='ocrx_word' id='word_1_393' title='bbox 599 4202 635 4255; x_wconf 87' lang='lat' dir='ltr'><em>M</em></span> <span class='ocrx_word' id='word_1_394' title='bbox 689 4203 885 4271; x_wconf 73' lang='lat' dir='ltr'><strong>sequanicis</strong></span> <span class='ocrx_word' id='word_1_395' title='bbox 906 4204 1157 4274; x_wconf 84' lang='lat' dir='ltr'><strong>MquodeispS</strong></span> <span class='ocrx_word' id='word_1_396' title='bbox 1221 4213 1252 4259; x_wconf 88' lang='grc'><strong>16</strong></span> <span class='ocrx_word' id='word_1_397' title='bbox 1271 4206 1462 4261; x_wconf 84' lang='lat' dir='ltr'><strong>citissimusS</strong></span> 
     </span>
     <span class='ocr_line' id='line_1_38' title="bbox 152 4280 1461 4353; baseline 0.006 -20"><span class='ocrx_word' id='word_1_398' title='bbox 152 4280 309 4337; x_wconf 89' lang='lat' dir='ltr'><strong>citessimus</strong></span> <span class='ocrx_word' id='word_1_399' title='bbox 330 4285 366 4336; x_wconf 91' lang='lat' dir='ltr'><em>M</em></span> <span class='ocrx_word' id='word_1_400' title='bbox 385 4285 533 4353; x_wconf 82' lang='lat' dir='ltr'><strong>citimusp</strong></span> <span class='ocrx_word' id='word_1_401' title='bbox 601 4283 637 4337; x_wconf 86' lang='lat' dir='ltr'><strong>ad</strong></span> <span class='ocrx_word' id='word_1_402' title='bbox 657 4300 803 4336; x_wconf 89' lang='lat' dir='ltr'><strong>numerum</strong></span> <span class='ocrx_word' id='word_1_403' title='bbox 822 4284 912 4337; x_wconf 87' lang='lat' dir='ltr'><strong>solum</strong></span> <span class='ocrx_word' id='word_1_404' title='bbox 933 4285 1056 4352; x_wconf 89' lang='lat' dir='ltr'><strong>pertinet</strong></span> <span class='ocrx_word' id='word_1_405' title='bbox 1075 4287 1111 4338; x_wconf 87' lang='lat' dir='ltr'><em>M</em></span> <span class='ocrx_word' id='word_1_406' title='bbox 1183 4293 1212 4340; x_wconf 83' lang='grc' dir='ltr'><strong>ιι</strong></span> <span class='ocrx_word' id='word_1_407' title='bbox 1235 4285 1346 4339; x_wconf 87' lang='lat' dir='ltr'><strong>circiter</strong></span> <span class='ocrx_word' id='word_1_408' title='bbox 1364 4286 1461 4340; x_wconf 87' lang='lat' dir='ltr'><strong>decern</strong></span> 
     </span>
     <span class='ocr_line' id='line_1_39' title="bbox 152 4362 1461 4434; baseline 0.006 -21"><span class='ocrx_word' id='word_1_409' title='bbox 152 4362 281 4415; x_wconf 89' lang='lat' dir='ltr'><strong>horarum</strong></span> <span class='ocrx_word' id='word_1_410' title='bbox 296 4368 347 4433; x_wconf 66' lang='lat' dir='ltr'><strong>pb*</strong></span> <span class='ocrx_word' id='word_1_411' title='bbox 371 4365 481 4418; x_wconf 89' lang='lat' dir='ltr'><strong>circiter</strong></span> <span class='ocrx_word' id='word_1_412' title='bbox 505 4365 560 4420; x_wconf 89' lang='lat' dir='ltr'><strong>tria</strong></span> <span class='ocrx_word' id='word_1_413' title='bbox 583 4364 663 4418; x_wconf 82' lang='lat' dir='ltr'><strong>milia</strong></span> <span class='ocrx_word' id='word_1_414' title='bbox 685 4364 732 4417; x_wconf 87' lang='lat' dir='ltr'><strong>uel</strong></span> <span class='ocrx_word' id='word_1_415' title='bbox 754 4362 866 4417; x_wconf 84' lang='lat' dir='ltr'><strong>circiter</strong></span> <span class='ocrx_word' id='word_1_416' title='bbox 889 4363 1020 4418; x_wconf 86' lang='lat' dir='ltr'><strong>horarum</strong></span> <span class='ocrx_word' id='word_1_417' title='bbox 1044 4365 1087 4421; x_wconf 89' lang='lat' dir='ltr'><strong>de.</strong></span> <span class='ocrx_word' id='word_1_418' title='bbox 1106 4384 1132 4434; x_wconf 90' lang='lat' dir='ltr'><strong>q.</strong></span> <span class='ocrx_word' id='word_1_419' title='bbox 1153 4384 1188 4418; x_wconf 91' lang='lat' dir='ltr'><strong>m.</strong></span> <span class='ocrx_word' id='word_1_420' title='bbox 1211 4367 1245 4418; x_wconf 92' lang='lat' dir='ltr'><em>M</em></span> <span class='ocrx_word' id='word_1_421' title='bbox 1272 4365 1383 4419; x_wconf 86' lang='lat' dir='ltr'><strong>circiter</strong></span> <span class='ocrx_word' id='word_1_422' title='bbox 1400 4369 1461 4422; x_wconf 84' lang='grc' dir='ltr'>ιιειι</span> 
     </span>
     <span class='ocr_line' id='line_1_40' title="bbox 154 4441 1461 4513; baseline 0.005 -19"><span class='ocrx_word' id='word_1_423' title='bbox 154 4442 233 4496; x_wconf 89' lang='lat' dir='ltr'><strong>milia</strong></span> <span class='ocrx_word' id='word_1_424' title='bbox 251 4443 296 4497; x_wconf 90' lang='lat' dir='ltr'><strong>vel</strong></span> <span class='ocrx_word' id='word_1_425' title='bbox 315 4445 426 4498; x_wconf 87' lang='lat' dir='ltr'><strong>circiter</strong></span> <span class='ocrx_word' id='word_1_426' title='bbox 444 4445 574 4499; x_wconf 89' lang='lat' dir='ltr'><strong>horarum</strong></span> <span class='ocrx_word' id='word_1_427' title='bbox 593 4445 690 4498; x_wconf 92' lang='lat' dir='ltr'><strong>docem</strong></span> <span class='ocrx_word' id='word_1_428' title='bbox 710 4441 865 4496; x_wconf 84' lang='lat' dir='ltr'><strong>Frobenius</strong></span> <span class='ocrx_word' id='word_1_429' title='bbox 937 4448 972 4497; x_wconf 79' lang='lat'><strong>20</strong></span> <span class='ocrx_word' id='word_1_430' title='bbox 991 4443 1027 4498; x_wconf 84' lang='lat' dir='ltr'><strong>ad</strong></span> <span class='ocrx_word' id='word_1_431' title='bbox 1045 4461 1097 4498; x_wconf 86' lang='lat' dir='ltr'><strong>om.</strong></span> <span class='ocrx_word' id='word_1_432' title='bbox 1116 4446 1150 4511; x_wconf 79' lang='lat' dir='ltr'><strong>S,</strong></span> <span class='ocrx_word' id='word_1_433' title='bbox 1174 4446 1237 4498; x_wconf 82' lang='lat' dir='ltr'><strong>adri.</strong></span> <span class='ocrx_word' id='word_1_434' title='bbox 1253 4446 1318 4513; x_wconf 87' lang='lat' dir='ltr'><strong>pM</strong></span> <span class='ocrx_word' id='word_1_435' title='bbox 1390 4453 1423 4500; x_wconf 78' lang='lat'><strong>22</strong></span> <span class='ocrx_word' id='word_1_436' title='bbox 1442 4464 1461 4501; x_wconf 87' lang='lat' dir='ltr'><strong>a</strong></span> 
     </span>
     <span class='ocr_line' id='line_1_41' title="bbox 153 4520 1460 4596; baseline 0.008 -24"><span class='ocrx_word' id='word_1_437' title='bbox 153 4520 286 4590; x_wconf 82' lang='lat' dir='ltr'><strong>digamon</strong></span> <span class='ocrx_word' id='word_1_438' title='bbox 306 4524 327 4578; x_wconf 78' lang='lat' dir='ltr'><strong><em>S</em></strong></span> <span class='ocrx_word' id='word_1_439' title='bbox 334 4526 370 4577; x_wconf 91' lang='lat' dir='ltr'><em>M</em></span> <span class='ocrx_word' id='word_1_440' title='bbox 432 4525 595 4594; x_wconf 81' lang='lat' dir='ltr'><strong>incipientia</strong></span> <span class='ocrx_word' id='word_1_441' title='bbox 615 4525 650 4578; x_wconf 93' lang='lat' dir='ltr'><em>M</em></span> <span class='ocrx_word' id='word_1_442' title='bbox 668 4521 828 4590; x_wconf 84' lang='lat' dir='ltr'><strong>incipienda</strong></span> <span class='ocrx_word' id='word_1_443' title='bbox 846 4522 869 4575; x_wconf 87' lang='lat' dir='ltr'><em>S</em></span> <span class='ocrx_word' id='word_1_444' title='bbox 930 4528 966 4577; x_wconf 78' lang='lat'><strong>24</strong></span> <span class='ocrx_word' id='word_1_445' title='bbox 986 4521 1110 4579; x_wconf 80' lang='lat' dir='ltr'><strong>Coniunx</strong></span> <span class='ocrx_word' id='word_1_446' title='bbox 1130 4527 1280 4579; x_wconf 89' lang='lat' dir='ltr'><strong>secundum</strong></span> <span class='ocrx_word' id='word_1_447' title='bbox 1300 4526 1460 4596; x_wconf 78' lang='lat' dir='ltr'><strong>analogiam</strong></span> 
     </span>
     <span class='ocr_line' id='line_1_42' title="bbox 153 4601 1460 4672; baseline 0.005 -18"><span class='ocrx_word' id='word_1_448' title='bbox 153 4619 235 4669; x_wconf 87' lang='lat' dir='ltr'><strong>pern</strong></span> <span class='ocrx_word' id='word_1_449' title='bbox 255 4603 430 4657; x_wconf 86' lang='lat' dir='ltr'><strong>scribendum</strong></span> <span class='ocrx_word' id='word_1_450' title='bbox 446 4608 488 4657; x_wconf 85' lang='lat' dir='ltr'><strong>est</strong></span> <span class='ocrx_word' id='word_1_451' title='bbox 505 4608 537 4658; x_wconf 91' lang='lat' dir='ltr'><strong>ut</strong></span> <span class='ocrx_word' id='word_1_452' title='bbox 555 4603 675 4658; x_wconf 81' lang='lat' dir='ltr'><strong>coniunx</strong></span> <span class='ocrx_word' id='word_1_453' title='bbox 694 4602 742 4657; x_wconf 86' lang='lat' dir='ltr'><strong>sed</strong></span> <span class='ocrx_word' id='word_1_454' title='bbox 761 4601 917 4671; x_wconf 84' lang='lat' dir='ltr'><strong>euphoniae</strong></span> <span class='ocrx_word' id='word_1_455' title='bbox 939 4604 976 4656; x_wconf 89' lang='lat' dir='ltr'><em>M</em></span> <span class='ocrx_word' id='word_1_456' title='bbox 993 4604 1112 4659; x_wconf 79' lang='lat' dir='ltr'><strong>coniunx</strong></span> <span class='ocrx_word' id='word_1_457' title='bbox 1131 4604 1243 4672; x_wconf 88' lang='lat' dir='ltr'><strong>(coniux</strong></span> <span class='ocrx_word' id='word_1_458' title='bbox 1258 4605 1290 4669; x_wconf 80' lang='lat' dir='ltr'><strong>Sl</strong></span> <span class='ocrx_word' id='word_1_459' title='bbox 1309 4606 1460 4661; x_wconf 86' lang='lat' dir='ltr'><strong>secundum</strong></span> 
     </span>
     <span class='ocr_line' id='line_1_43' title="bbox 152 4681 1460 4755; baseline 0.005 -20"><span class='ocrx_word' id='word_1_460' title='bbox 152 4682 315 4753; x_wconf 82' lang='lat' dir='ltr'><strong>analogiam</strong></span> <span class='ocrx_word' id='word_1_461' title='bbox 334 4701 384 4752; x_wconf 91' lang='lat' dir='ltr'><strong>per</strong></span> <span class='ocrx_word' id='word_1_462' title='bbox 403 4702 419 4735; x_wconf 90' lang='lat' dir='ltr'><strong>n</strong></span> <span class='ocrx_word' id='word_1_463' title='bbox 439 4682 616 4738; x_wconf 88' lang='lat' dir='ltr'><strong>scribendum</strong></span> <span class='ocrx_word' id='word_1_464' title='bbox 634 4685 678 4738; x_wconf 90' lang='lat' dir='ltr'><strong>est</strong></span> <span class='ocrx_word' id='word_1_465' title='bbox 695 4681 851 4751; x_wconf 81' lang='lat' dir='ltr'><strong>euphoniae</strong></span> <span class='ocrx_word' id='word_1_466' title='bbox 877 4686 920 4751; x_wconf 62' lang='grc' dir='ltr'><strong>ὄρ</strong></span> <span class='ocrx_word' id='word_1_467' title='bbox 993 4689 1027 4738; x_wconf 76' lang='lat'><strong>26</strong></span> <span class='ocrx_word' id='word_1_468' title='bbox 1051 4684 1170 4740; x_wconf 83' lang='lat' dir='ltr'><strong>dicimus</strong></span> <span class='ocrx_word' id='word_1_469' title='bbox 1194 4685 1293 4740; x_wconf 78' lang='lat' dir='ltr'><strong>coniux</strong></span> <span class='ocrx_word' id='word_1_470' title='bbox 1314 4686 1351 4739; x_wconf 93' lang='lat' dir='ltr'><em>M</em></span> <span class='ocrx_word' id='word_1_471' title='bbox 1350 4703 1373 4755; x_wconf 81' lang='lat' dir='ltr'><strong>p</strong></span> <span class='ocrx_word' id='word_1_472' title='bbox 1393 4686 1460 4741; x_wconf 92' lang='lat' dir='ltr'><strong>dici·</strong></span> 
     </span>
     <span class='ocr_line' id='line_1_44' title="bbox 153 4763 1459 4837; baseline 0.004 -23"><span class='ocrx_word' id='word_1_473' title='bbox 153 4780 214 4815; x_wconf 88' lang='lat' dir='ltr'><strong>mus</strong></span> <span class='ocrx_word' id='word_1_474' title='bbox 233 4763 354 4816; x_wconf 83' lang='lat' dir='ltr'><strong>eoinxS</strong></span> <span class='ocrx_word' id='word_1_475' title='bbox 414 4763 492 4816; x_wconf 87' lang='lat' dir='ltr'><strong>nulla</strong></span> <span class='ocrx_word' id='word_1_476' title='bbox 512 4763 617 4818; x_wconf 85' lang='lat' dir='ltr'><strong>uocalis</strong></span> <span class='ocrx_word' id='word_1_477' title='bbox 636 4763 839 4833; x_wconf 86' lang='lat' dir='ltr'><strong>aspiraturpS</strong></span> <span class='ocrx_word' id='word_1_478' title='bbox 857 4763 964 4818; x_wconf 90' lang='lat' dir='ltr'><strong>uocalis</strong></span> <span class='ocrx_word' id='word_1_479' title='bbox 983 4764 1083 4819; x_wconf 88' lang='lat' dir='ltr'><strong>melius</strong></span> <span class='ocrx_word' id='word_1_480' title='bbox 1102 4765 1242 4836; x_wconf 86' lang='lat' dir='ltr'><strong>aspiratur</strong></span> <span class='ocrx_word' id='word_1_481' title='bbox 1262 4766 1298 4820; x_wconf 91' lang='lat' dir='ltr'><em>M</em></span> <span class='ocrx_word' id='word_1_482' title='bbox 1359 4773 1393 4821; x_wconf 80' lang='lat' dir='ltr'><strong>tt</strong></span> <span class='ocrx_word' id='word_1_483' title='bbox 1412 4766 1459 4837; x_wconf 90' lang='lat' dir='ltr'><strong>qui</strong></span> 
     </span>
     <span class='ocr_line' id='line_1_45' title="bbox 154 4842 1487 4916; baseline 0.005 -20"><span class='ocrx_word' id='word_1_484' title='bbox 154 4842 209 4896; x_wconf 88' lang='lat' dir='ltr'><strong>iter</strong></span> <span class='ocrx_word' id='word_1_485' title='bbox 228 4842 282 4898; x_wconf 88' lang='lat' dir='ltr'><strong>sibi</strong></span> <span class='ocrx_word' id='word_1_486' title='bbox 300 4842 370 4897; x_wconf 85' lang='lat' dir='ltr'><strong>lacit</strong></span> <span class='ocrx_word' id='word_1_487' title='bbox 388 4845 424 4898; x_wconf 90' lang='lat' dir='ltr'><em>M</em></span> <span class='ocrx_word' id='word_1_488' title='bbox 510 4845 671 4900; x_wconf 87' lang='lat' dir='ltr'><strong>caelestium</strong></span> <span class='ocrx_word' id='word_1_489' title='bbox 691 4844 794 4901; x_wconf 86' lang='lat' dir='ltr'><strong>ducens</strong></span> <span class='ocrx_word' id='word_1_490' title='bbox 813 4845 902 4900; x_wconf 83' lang='lat' dir='ltr'><strong>uitam</strong></span> <span class='ocrx_word' id='word_1_491' title='bbox 915 4845 967 4916; x_wconf 81' lang='lat' dir='ltr'><strong>pS</strong></span> <span class='ocrx_word' id='word_1_492' title='bbox 984 4845 1034 4916; x_wconf 90' lang='lat' dir='ltr'><strong>qui</strong></span> <span class='ocrx_word' id='word_1_493' title='bbox 1052 4847 1202 4902; x_wconf 85' lang='lat' dir='ltr'><strong>caelestem</strong></span> <span class='ocrx_word' id='word_1_494' title='bbox 1220 4846 1299 4902; x_wconf 91' lang='lat' dir='ltr'><strong>ducit</strong></span> <span class='ocrx_word' id='word_1_495' title='bbox 1316 4845 1406 4903; x_wconf 88' lang='lat' dir='ltr'><strong>uitam</strong></span> <span class='ocrx_word' id='word_1_496' title='bbox 1426 4849 1461 4904; x_wconf 88' lang='lat' dir='ltr'><em>M</em></span> <span class='ocrx_word' id='word_1_497' title='bbox 1478 4853 1487 4870; x_wconf 79' lang='lat'><em>⁶</em></span> 
     </span>
    </p>
   </div>
   <div class='ocr_carea' id='block_1_4' title="bbox 0 0 1662 5474">
    <p class='ocr_par' dir='ltr' id='par_1_4' title="bbox 0 0 1662 5474">
     <span class='ocr_line' id='line_1_46' title="bbox 0 0 1662 5474; baseline 0 1"><span class='ocrx_word' id='word_1_498' title='bbox 0 0 1662 5474; x_wconf 95' lang='lat' dir='ltr'><strong> </strong></span> 
     </span>
    </p>
   </div>
  </div>
 </body>
</html>
