3316 5474
677 363 967 419 ORTHOGRAPHlA
1409 362 1470 424 101

167 478 190 516 p.
205 468 264 507 aaa.
277 469 305 507 aa
318 467 343 506 1³.

257 551 300 612 Ne
329 551 450 630 quidem
477 550 542 611 fieri
570 557 669 630 potest
697 568 756 610 non
785 548 957 631 dicendum,
986 548 1036 609 sed
1066 566 1103 609 ne
1132 548 1197 608 fieri
1225 547 1344 626 quidem
1367 557 1474 630 potest,

168 668 202 720 ut
225 659 407 720 disiunctum
430 661 477 718 sil,
503 658 507 732 Ι

257 764 310 826 Vir
343 767 511 845 praetorius
544 773 574 825 et
607 751 812 845 quaestoriae,
849 782 908 824 non
943 765 1139 843 praetorieius
1176 772 1226 824 aut
1258 765 1473 842 quaestoricius

168 873 336 934 dicendum.

125 1007 139 1046 5
329 977 455 1039 Pulchra
479 977 623 1038 liburnica
647 977 819 1059 dicendum,
843 996 902 1039 non
926 976 1049 1057 pulchra
1074 974 1198 1038 liburna.

257 1085 315 1146 Vae
344 1084 459 1145 dativus
487 1095 517 1144 et
545 1086 730 1145 accusativus
759 1087 845 1164 sequi
873 1084 995 1165 debent,
1024 1102 1083 1144 uon
1112 1083 1199 1166 aliuS,
1227 1093 1261 1146 ut
1288 1103 1340 1144 vae
1363 1083 1472 1164 populo

168 1194 339 1254 Maurorum
363 1201 393 1251 et
416 1210 467 1252 vae
491 1192 632 1271 populum
656 1191 835 1253 Maurorum.

262 1300 409 1360 Salmeuta
432 1300 568 1379 prolerre
593 1318 651 1359 uon
675 1301 793 1380 timeas,
817 1301 884 1378 quia
908 1298 1031 1360 latinum
1056 1309 1110 1359 est.

258 1407 323 1468 [luo
343 1416 423 1466 lanta
441 1425 475 1466 ac
495 1408 551 1466 tria
572 1413 660 1485 muta,
683 1405 806 1485 duplum
827 1425 860 1466 ac
880 1405 1011 1486 triplum,
1035 1414 1152 1466 veteres
1171 1408 1202 1467 in
1220 1425 1277 1466 usu
1296 1405 1473 1466 habuerunt.

127 1544 153 1583 10
328 1513 422 1576 Omne
446 1511 553 1573 arrimal
576 1530 668 1591 pecus
692 1523 738 1573 est
760 1512 878 1574 bomine
903 1523 1027 1592 excepto
1051 1515 1218 1573 recitatum.

257 1622 322 1682 Mox
352 1620 437 1681 aliam
465 1619 586 1679 ordiber
614 1627 645 1680 et
668 1619 768 1680 ordiar
791 1618 891 1680 telam:
921 1628 1049 1699 utroque
1074 1618 1161 1680 modo
1185 1628 1300 1680 ueteres
1324 1619 1471 1683 dixerunt.

256 1727 309 1787 lile
334 1726 461 1805 culleus,
491 1726 538 1786 hic
562 1724 681 1805 pluteus
715 1735 823 1804 puteus
852 1743 965 1785 cuneus
994 1724 1118 1804 laqueus
1140 1727 1234 1804 postis
1258 1744 1358 1805 margo
1382 1746 1472 1807 repar

167 1834 212 1895 rel
236 1853 341 1914 vepres
365 1832 524 1894 masculina
548 1840 627 1893 sunt
660 1831 708 1891 hic
731 1830 830 1912 cardo,
853 1830 901 1891 lric
925 1834 988 1892 aris
1012 1832 1128 1893 modius
1151 1834 1307 1913 sextarius,
1330 1832 1378 1893 hic
1401 1852 1471 1893 eon-

166 1945 247 2022 gius,
270 1942 318 2003 bic
343 1939 455 2020 emble,
478 1940 525 2000 hie
549 1938 679 2019 gladius,
707 1940 841 2019 sanguis,
868 1946 973 1999 venter
996 1938 1192 2018 aqualiculum,
1220 1937 1397 2022 1111111111,
1423 1939 1473 2001 hio

126 2077 152 2117 15
166 2047 222 2108 ilos
245 2066 295 2107 ros
318 2065 401 2127 pons.

327 2153 383 2214 boc
412 2153 508 2214 lutum
531 2162 620 2232 alque
644 2152 799 2214 macellum
824 2148 942 2226 ἑνικῶς
966 2152 1185 2231 [singulariter]
1210 2154 1291 2213 exire
1316 2161 1473 2235 memento,

326 2259 482 2320 Memmius
505 2262 561 2319 ista
585 2258 706 2320 macella
729 2258 811 2340 licei,
835 2258 942 2321 Caesar
965 2260 1026 2321 luta
1049 2255 1136 2321 dical.

165 2376 229 2427 rete
257 2367 313 2427 hoc
341 2366 436 2449 dicae,
463 2367 536 2428 haec
564 2368 638 2427 retia
666 2363 834 2445 pluraliter:
864 2365 1023 2427 reticulum
1054 2385 1087 2426 ac
1112 2365 1234 2427 reticula
1259 2364 1471 2445 usurpandum.

165 2476 263 2533 omnia
291 2475 409 2533 nomina
439 2476 469 2533 iu
499 2475 543 2533 uis
573 2474 654 2533 finita
679 2470 840 2531 masculina
868 2481 970 2553 erunt,
998 2473 1088 2534 veluti
1117 2472 1166 2533 hic
1190 2473 1257 2533 imis
1280 2474 1372 2533 crinis
1395 2474 1471 2533 cinis

256 2653 269 2699 1
290 2645 332 2699 Ne
351 2644 465 2714 quidem
485 2676 518 2684 —
539 2650 554 2698 1
574 2644 611 2698 sit
628 2659 679 2699 orn.
698 2643 726 2697 Β
799 2642 905 2714 potest]
924 2645 1025 2713 potens
1040 2645 1135 2713 priore
1154 2642 1255 2698 loeoG
1314 2642 1470 2698 211111111-

163 2729 224 2781 tum
244 2724 268 2779 0
288 2725 451 2780 distinctum
471 2725 508 2777 M
592 2730 608 2778 3
632 2722 676 2776 nir
698 2723 855 2794 praetorius
878 2739 932 2777 non
956 2723 1141 2793 praetoricius
1165 2726 1194 2778 et
1216 2722 1390 2791 quaesierim
1416 2741 1472 2779 non

164 2805 367 2874 quaestoricius
391 2803 539 2858 dicendum
563 2801 587 2856 G
675 2804 735 2876 aut]
755 2805 784 2858 et
805 2803 832 2856 Β
927 2810 943 2858 6
969 2805 1092 2859 Pulchra
1113 2801 1252 2859 libornioa
1274 2819 1330 2857 non
1353 2804 1472 2874 pulchra

148 2885 279 2940 liburna
296 2885 446 2940 dicendum
466 2884 490 2939 0
542 2889 558 2938 6
581 2883 641 2938 Uaa
660 2883 771 2937 datinos
790 2884 820 2937 et
836 2884 1011 2939 accusatiaos
1031 2885 1111 2953 sequi
1129 2884 1234 2939 debent
1251 2886 1311 2952 (ent
1328 2887 1395 2953 ras.)
1415 2902 1471 2942 non

163 2965 234 3020 alins
254 2970 333 3034 (corr.
353 2968 406 3034 os)
425 2966 452 3018 Β
512 2963 596 3018 debet
616 2963 654 3016 M
715 2969 731 3017 8
751 2961 928 3019 Salsamenta
944 2968 1009 3022 BC.
1033 2942 1223 3044 quaerentium
1242 2965 1293 3032 est,
1312 2966 1471 3035 quomodo

164 3046 292 3100 Donatus
312 3047 389 3100 dieat
407 3043 610 3100 barbarismum
629 3057 701 3107 esse,
720 3041 807 3112 siquis
826 3041 903 3100 dicat
921 3048 1090 3102 salmentnm
1108 3061 1158 3115 pro
1177 3042 1386 3114 salsamentum,
1406 3065 1470 3101 cum

164 3127 254 3195 Caper
268 3127 478 3198 antiquissimus
496 3127 595 3181 doctor
610 3124 686 3178 dicat
705 3122 854 3178 ‘salmanta
867 3142 902 3180 no
920 3127 1021 3183 timeas
1039 3129 1177 3199 proferre,
1195 3124 1263 3192 quia
1280 3124 1399 3181 latinum
1413 3127 1468 3182 eat'

163 3213 290 3276 excerpta
313 3209 415 3263 codicia
435 3205 613 3261 Monacensis
636 3219 749 3272 mamm.
768 3202 815 3258 lai.
839 3221 864 3258 v.
890 3206 963 3277 Vp.
983 3212 1102 3275 327,14
1194 3211 1226 3257 10
1249 3222 1335 3274 pecus
1357 3207 1470 3264 homine

163 3290 279 3357 excepto
298 3289 453 3342 uocitatum
472 3288 516 3341 est
534 3286 572 3338 M
588 3299 672 3352 pecus
690 3280 802 3336 homine
821 3290 937 3356 excepto
952 3288 1134 3345 uocitandum
1149 3292 1194 3343 est
1212 3290 1337 3357 Opecus
1352 3289 1469 3357 exceplo

163 3365 275 3421 homine
298 3368 477 3422 nocitandum
501 3369 543 3420 ost
564 3365 606 3431 135
634 3362 667 3428 cs.
693 3361 768 3416 Sera.
792 3364 823 3417 ia
847 3364 925 3436 Vera.
948 3384 1036 3438 georg.
1061 3370 1146 3422 IIII
1166 3375 1223 3425 168
1249 3386 1334 3440 pecus
1357 3369 1468 3422 vetuste

163 3446 247 3515 dixit,
272 3465 335 3502 cum
359 3446 453 3502 omnia
476 3444 611 3500 animalia
634 3459 718 3512 pecus
736 3440 877 3510 dicantur,
900 3446 973 3500 Non.
993 3465 1024 3516 p.
1043 3453 1142 3515 460,1
1237 3456 1268 3503 11
1293 3448 1358 3503 Mox
1381 3445 1468 3500 aliam

164 3527 251 3581 telam
266 3528 378 3583 ordiber
392 3530 421 3581 et
439 3526 532 3581 ordiar
549 3524 638 3579 telam
656 3523 684 3576 B
702 3539 767 3577 mox
782 3522 869 3578 alium
883 3527 981 3582 ordibo
995 3533 1025 3584 et
1042 3529 1137 3585 ordiar
1154 3530 1242 3584 telam
1261 3527 1286 3583 0
1354 3530 1464 3582 veteres
1535 3527 1540 3534 “

163 3676 213 3716 om.
235 3663 283 3729 M,
303 3658 444 3716 1111130
515 3664 547 3712 12
567 3656 685 3727 culleus]
711 3659 841 3714 acculeua
858 3622 1000 3718 B·enlens
1020 3663 1053 3718 G:
1073 3664 1108 3730 cs.
1127 3665 1160 3718 dc
1177 3665 1241 3718 aab.
1261 3680 1331 3719 nom.
1351 3666 1467 3727 576,19

161 3738 235 3794 Noa.
250 3757 281 3809 p.
303 3746 365 3807 197,
384 3746 425 3796 22
517 3738 612 3808 veper]
633 3753 732 3806 uesper
751 3740 799 3793 M:
818 3741 853 3807 ef.
872 3743 906 3796 de
922 3743 987 3798 dab.
1006 3760 1076 3797 nom.
1091 3761 1123 3812 p.
1143 3748 1205 3805 574,
1226 3748 1260 3798 19
1352 3747 1385 3796 13
1409 3757 1467 3795 sex·

161 3819 249 3874 tarius
269 3821 384 3891 congius
404 3820 479 3876 orbis
497 3819 609 3891 gladius
623 3818 686 3873 BC.
715 3820 811 3875 corbes
825 3821 859 3875 ‹ie
872 3823 935 3876 dab.
950 3838 1020 3876 nom.
1036 3827 1099 3889 574,
1114 3829 1146 3877 11
1166 3825 1240 3880 Noa.
1252 3841 1282 3893 p.
1297 3828 1360 3888 197,
1374 3825 1412 3878 24

190 3914 206 3940 Σ

161 3954 292 4009 sestarius
313 3956 350 4009 M
404 3961 436 4009 11
456 3952 594 4024 aquilicus
614 3951 678 4007 ea
701 3954 840 4022 adempto
858 3955 890 4007 in
907 3955 1031 4023 margine
1048 3956 1216 4025 aquilieulus
1236 3958 1263 4012 B
1316 3957 1363 4012 hic
1380 3957 1469 4012 uestis

161 4035 211 4089 flos
230 4035 257 4087 B
319 4041 352 4090 16
372 4037 458 4104 atque
471 4033 562 4089 orreo
625 4030 724 4094 ἑνικῶς
741 4048 792 4088 om.
810 4032 901 4100 Bos,
919 4035 983 4088 aaa.
1004 4036 1042 4088 M
1105 4043 1138 4091 11
1158 4038 1305 4093 Memmius
1324 4068 1356 4076 —
1376 4036 1465 4107 dicat]

160 4113 228 4169 licet
250 4113 398 4168 memmius
420 4113 475 4168 ista
502 4113 622 4167 macella
645 4131 741 4169 caeam
764 4113 894 4182 (macella
918 4115 947 4167 at
976 4130 1055 4168 cesar
1077 4115 1116 4185 Β)
1138 4117 1201 4172 luta
1223 4117 1299 4172 dieat
1320 4115 1378 4169 Bo
1399 4114 1468 4169 licet

160 4195 257 4249 ennius
276 4194 332 4248 ista
346 4194 466 4249 macella
479 4209 576 4248 caesar
594 4195 654 4250 luta
668 4196 745 4250 dicat
764 4195 801 4248 M
818 4193 886 4248 licat
900 4192 1006 4248 Ennius
1024 4194 1081 4250 ista
1095 4198 1215 4251 macella
1233 4197 1309 4250 dicat
1323 4199 1352 4250 et
1366 4194 1466 4249 Caesar

160 4274 238 4328 lutea
258 4290 275 4332 ς
293 4275 361 4330 licet
378 4275 528 4330 Memmius
547 4276 602 4331 iata
620 4276 742 4331 macella
760 4275 836 4330 dicat
854 4277 884 4329 et
901 4272 1003 4328 Caesar
1021 4275 1082 4330 luta
1095 4294 1126 4345 p.
1152 4275 1180 4331 0.
1201 4277 1330 4329 Memmio
1349 4275 1466 4330 Gemella

160 4360 184 4407 11
204 4354 232 4408 0.
254 4356 331 4409 lala'o
350 4355 464 4410 Caesari
483 4356 616 4410 Straboni
632 4356 715 4410 verba
733 4356 831 4410 tribuit
850 4355 888 4408 H.
909 4356 1040 4427 Meyeras
1058 4363 1128 4413 orat.
1147 4356 1225 4433 Rara.
1244 4356 1343 4424 fragm.
1357 4372 1388 4423 p.
1407 4360 1466 4411 426

159 4437 198 4491 eal.
218 4452 266 4491 aee.
341 4442 374 4490 18
393 4437 542 4492 reticulum
561 4454 594 4492 ao
612 4435 731 4492 reticula
748 4433 806 4488 BG
821 4433 990 4488 retiaculum
1008 4451 1041 4489 ae
1059 4435 1195 4490 retiacula
1215 4436 1253 4489 M
1319 4440 1352 4489 19
1372 4433 1467 4490 omnia

160 4515 272 4570 nomina
290 4515 333 4569 nia
352 4516 432 4570 finita
450 4515 607 4571 masculina
624 4517 689 4570 sunt
706 4516 739 4568 ut
755 4514 802 4568 bic
820 4513 883 4568 finis
903 4511 987 4568 crinis
1006 4513 1075 4568 cinis
1090 4515 1180 4569 amnis
1200 4514 1334 4569 Oomnia
1351 4515 1465 4570 nomina

159 4594 188 4649 in
207 4595 231 4650 is
249 4595 329 4650 finita
347 4595 502 4650 masculina
521 4597 586 4650 sunt
603 4598 636 4649 ut
653 4594 700 4649 hio
718 4594 792 4648 funis
807 4594 890 4649 crinis
908 4593 999 4648 amnis
1017 4592 1088 4648 cinis
1101 4595 1136 4648 Β.
1155 4595 1189 4662 cs.
1206 4593 1313 4650 011111
1323 4613 1354 4664 p.
1368 4600 1466 4663 rom

160 4675 254 4729 clunes
269 4707 302 4714 -
318 4676 366 4729 sed
381 4675 494 4730 Verrius
508 4675 625 4729 Flaccus
641 4673 795 4728 masculino
813 4689 915 4743 genere
933 4673 990 4728 dici
1008 4674 1122 4743 probat,
1140 4673 1274 4745 qnoniam
1292 4676 1335 4730 nis
1354 4677 1465 4748 syllaba

159 4755 310 4809 terminata
332 4754 426 4810 anima
450 4752 575 4808 carentia
595 4751 770 4807 nominativo
792 4752 928 4823 singulari
949 4753 1104 4810 masculina
1126 4757 1203 4823 sunt,
1231 4757 1264 4808 ut
1292 4756 1373 4826 panis
1395 4757 1466 4818 cinis

161 4834 243 4891 crinis
262 4837 291 4890 et
309 4833 425 4888 similia:
451 4834 583 4889 Priscian
600 4833 618 4886 1.
643 4832 1010 4904 711511111111
1034 4836 1112 4908 Vcry.
1130 4835 1200 4893 Aen.
1220 4836 1263 4892 11
1279 4840 1334 4895 554
