3316 5474
625 398 695 458 nus
714 396 959 458 annueramus
1376 396 1441 466 379

140 509 162 549 p.
176 499 195 542 9.
211 498 281 542 1011.

228 587 340 649 Graeca
362 589 494 668 nomina,
518 588 543 647 si
566 587 661 649 isdem
685 588 792 651 litteris
814 589 1019 669 proferentur,
1042 606 1165 668 graecos
1189 596 1330 651 accentus
1353 588 1440 650 hahe-

139 695 223 757 hunt
269 713 336 755 nam
360 695 476 755 ct'oum
500 693 626 756 dicimus
648 695 759 773 lltyias
782 696 870 769 Noas,
894 703 1013 756 acutum
1033 696 1156 756 dolebit
1172 698 1320 776 posterior
1339 714 1442 757 accen-

140 812 216 883 tum,
253 810 284 862 et
320 820 387 863 cum
424 801 570 862 lltemr'sto
607 803 748 880 Calypso,
786 801 919 863 ultimam
951 801 1146 863 circumflecti
1178 803 1325 884 ridemus3
1363 801 1442 882 quod

141 919 301 989 utrumque
323 908 433 970 latinus
457 926 556 969 sermo
580 927 639 970 nou
662 911 787 990 patitur,
815 910 872 970 nisi
895 907 1053 969 admodum
1076 928 1144 970 raro
1169 905 1174 989 Ι
1198 929 1305 972 sensus
1333 910 1442 971 discer-

113 1016 229 1077 ⁵nendi
253 1020 360 1097 gratia,
390 1024 424 1077 ut
446 1017 577 1076 occurrit
607 1034 678 1096 ergo
710 1018 894 1098 coniunctio,
926 1018 956 1077 in
987 1034 1046 1095 qua
1076 1020 1223 1096 posterior
1254 1017 1443 1079 circumflexa

141 1122 382 1203 deprehenditur.
432 1125 503 1184 item
533 1122 705 1184 adverbium
738 1141 815 1203 ponc
847 1124 1013 1203 posteriore
1041 1132 1162 1184 acutum
1191 1127 1311 1207 recipit,
1340 1144 1376 1185 ne
1405 1126 1444 1185 sit

142 1229 273 1290 verinum.

229 1338 283 1398 Est
316 1347 415 1399 autem
452 1339 545 1398 torma
583 1339 661 1398 acuti
699 1345 840 1398 accentus
872 1336 886 1397 Ι
918 1335 1036 1416 obliqua
1073 1339 1104 1398 in
1141 1348 1255 1418 partem
1291 1339 1442 1400 dextoram

141 1444 299 1526 scandens,
321 1446 418 1525 gravis
438 1452 578 1504 accentus
596 1443 691 1504 forma
710 1445 867 1520 lallique
886 1447 917 1505 ιἰι
933 1453 1054 1521 portem
1073 1447 1232 1506 dexterum
1250 1445 1444 1508 descendeus.

103 1565 128 1605 1⁰
142 1550 365 1613 circumflexum
388 1552 522 1630 designat
545 1559 701 1611 accentum
724 1549 746 1611 C
770 1549 910 1612 deorsum
939 1560 1085 1632 spectans.
1135 1552 1255 1632 longum
1288 1564 1443 1617 accentum

141 1667 310 1720 transversa
332 1657 346 1718 Ι
368 1657 465 1719 littera
490 1666 607 1739 notant,
629 1655 749 1718 brevem
768 1655 790 1717 C
810 1675 931 1719 sursum
950 1666 1111 1737 spectante.
1148 1659 1200 1720 scd
1219 1662 1250 1721 in
1269 1661 1326 1722 illis
1345 1681 1445 1742 sonos,

141 1766 172 1826 in
199 1765 246 1826 his
275 1774 407 1845 tempora
430 1765 620 1826 dinoscimus.
666 1765 874 1844 aspirationem
903 1763 929 1823 ll
958 1764 1106 1845 adscripta
1132 1767 1307 1848 praestabit3
1340 1771 1366 1830 si
1395 1769 1444 1831 ad·

141 1875 251 1953 scripta
266 1891 327 1934 non
341 1875 407 1953 erit,
430 1874 603 1933 siccitatem.
649 1871 696 1932 his
719 1871 851 1932 adiciunt
873 1870 1005 1952 hyphen,
1029 1890 1097 1933 cum
1120 1873 1179 1934 duo
1203 1873 1292 1935 verba
1310 1879 1396 1955 quasi
1414 1878 1445 1936 in

142 1996 235 2039 unum
257 1982 499 2060 pronuntiatione
523 1978 702 2060 colligimus,
730 1987 761 2038 et
784 1978 907 2039 iormam
937 1979 1002 2039 eius
1030 1977 1105 2040 hanc
1133 1981 1259 2043 iaciunt:
1288 1984 1444 2063 utriusque

233 2186 323 2242 Codex
341 2184 539 2256 Sanqallcnais.
575 2192 592 2240 2
612 2185 716 2256 Thyias
735 2184 817 2254 Nais,
835 2186 899 2239 ι’ῖνιιι
916 2184 1034 2240 habebit
1051 2191 1077 2241 ct
1094 2187 1239 2243 Themisto
1255 2187 1377 2260 Calypso
1394 2206 1444 2246 ont.

177 2271 306 2322 occatum
379 2267 506 2323 θέουσιν
523 2286 672 2338 σημιοαται
689 2274 760 2335 none
781 2266 794 2320 1
818 2267 920 2335 τλαγιό
944 2283 1019 2321 scoto
1037 2286 1122 2338 μερος
1139 2269 1250 2334 τοδεξιὸ
1274 2269 1445 2326 descendens

142 2347 312 2497 δογῳιγιγὲγο
386 2354 418 2402 10
437 2346 580 2418 spectans]
599 2350 774 2418 spectantum
847 2350 878 2398 11
899 2363 982 2401 nonus
1055 2353 1088 2402 12
1107 2347 1243 2418 asecdpta
1255 2353 1370 2419 utroque
1388 2351 1445 2406 loco

232 2630 264 2678 12
284 2624 393 2679 dinosci
411 2624 537 2679 videmus
551 2623 695 2678 Diomedae
709 2641 740 2693 p.
754 2626 847 2691 434β,
864 2624 937 2693 quod
955 2623 1048 2694 λαγάνια
1065 2622 1174 2678 videtur
1191 2627 1395 2696 prommotr'cue,
1413 2631 1445 2683 ul

141 2706 173 2760 ιἰι
190 2707 296 2776 praecio
312 2705 485 2760 amictuum
501 2706 539 2759 cit
556 2698 747 2774 γινώσκεσθαι
767 2697 877 2773 δρῶμεν

235 2973 283 3044 Τά
306 2971 460 3061 ἑλληνικά
490 2969 652 3060 ὀνόματα,
680 2970 740 3040 ἐὰν
768 2985 837 3052 τοῖς
866 2968 980 3052 αὐτοῖς
1006 2971 1198 3061 γράμμασιν
1226 2979 1443 3065 προφέρηται,

143 3081 315 3170 ἕλληνοκάς
342 3084 532 3172 προσῳδίας
560 3081 703 3160 ἕξουσιν.
751 3079 806 3146 καί
834 3076 897 3166 γάρ
925 3076 1007 3147 ὅταν
1041 3081 1189 3168 λέγοιμεν
1216 3083 1321 3165 Θυιάς
1347 3090 1444 3172 Ναίς,

141 3189 202 3277 τὴν
227 3189 338 3272 ὀξεῖαν
363 3190 426 3271 ἕξει
449 3184 470 3274 ἡ
493 3184 615 3273 ὑστέρα
639 3189 843 3276 προσῳδίαν,
865 3184 921 3253 καὶ
944 3182 989 3265 ὡς
1011 3193 1161 3275 Θεμιστώ
1185 3195 1351 3276 Καλυψοῖ,
1381 3190 1442 3279 τὴν

142 3303 333 3367 τελευταίαν
360 3298 586 3384 περισπᾶσθαι
614 3289 757 3380 ὁρῶμεν,
786 3289 867 3378 ὅπερ
896 3290 1052 3380 ἑκάτερον
1075 3293 1093 3363 ὁ
1119 3304 1124 3381 l
1150 3296 1316 3386 βωμαῖκὸς
1343 3297 1444 3385 λόγος

102 3439 115 3479 s
144 3405 206 3475 οὐκ
229 3405 427 3491 ἐπιδέχεται,
451 3405 482 3469 εί
503 3397 548 3487 μὴ
571 3398 661 3467 πάνυ
685 3396 811 3487 ἀραιῶς
833 3397 931 3486 χάριν
955 3404 1015 3468 τοῦ
1035 3404 1159 3470 διελεῖν
1180 3402 1241 3472 τὸν
1264 3408 1361 3489 νοῦν,
1399 3403 1444 3486 ὡς

141 3511 271 3602 ἀπαντᾷ
295 3508 313 3579 ὁ
339 3535 408 3597 ergo
432 3507 634 3594 σύνδεσμος,
664 3507 701 3573 έν
728 3496 755 3597 β
778 3502 799 3592 ἡ
821 3511 992 3574 τελευταία
1019 3512 1253 3598 περισπωμένη
1279 3519 1443 3600 καταλαμ

141 3620 292 3707 βάνεται·
316 3614 439 3704 ὁμοίως
462 3612 507 3694 ὡς
528 3611 566 3682 τὸ
589 3614 754 3701 ἐπίρρημα
776 3638 854 3699 pone
884 3616 924 3702 τῇ
951 3610 1075 3708 ὑστέρῳ
1097 3613 1209 3698 ὀξεῖαν
1236 3616 1443 3708 ἀναδέχεται,

142 3724 463 3814 mmmmm
1333 3811 1343 3828 ,

143 3853 144 3856 ’
220 3833 337 3902 Ἔστιν
361 3830 398 3899 δὲ
421 3842 560 3916 σημεῖον
583 3831 641 3915 τῆς
664 3825 772 3910 ὀξείας
793 3831 984 3919 προσῳδίας
1006 3836 1019 3897 l
1041 3828 1186 3917 πλάγιον
1214 3837 1261 3913 εἰς
1282 3832 1320 3902 τὸ
1344 3836 1444 3922 μέρος

103 3974 129 4013 ιο
143 3940 253 4024 δεξιὸν
277 3938 480 4024 ἀναβαῖνον,
511 3939 570 4023 τῆς
599 3940 736 4023 βαρείας
757 3938 948 4026 προσῳδίας
971 3951 1110 4024 σημεῖον
1133 3945 1146 4006 l
1168 3939 1311 4025 πλάγιον
1334 3946 1382 4021 είς
1403 3941 1441 4010 τὸ

142 4052 241 4138 μέρος
267 4046 305 4117 τὸ
334 4043 445 4128 δεξιὸν
475 4049 687 4130 καταβαῖνον.
732 4041 794 4129 τὴν
817 4045 1073 4131 περισπωμένου
1096 4051 1290 4133 σημειοῦται
1313 4066 1442 4139 προσῳ-

143 4162 221 4225 δίαν
240 4161 262 4224 C
280 4152 368 4223 κάτω
391 4153 524 4239 βλέπον.
567 4147 629 4237 τὴν
652 4147 781 4236 μακράν
804 4154 998 4239 προσῳδίαν
1021 4157 1148 4244 πλαγίῳ
1171 4157 1216 4245 τῷ
1241 4159 1252 4219 i
1275 4152 1442 4240 γράμματι

142 4265 372 4351 σημειοῦνται,
395 4265 555 4346 βραχεῖαν
573 4263 594 4324 C
612 4255 685 4325 άνοι
707 4257 872 4342 βλέποντι.
909 4253 982 4325 ἀλλ’
1003 4259 1041 4325 έν
1059 4260 1199 4339 έκείνοις
1215 4256 1442 4344 vodescalcus,

143 4372 180 4438 έν
206 4369 337 4449 τούτοις
369 4364 447 4446 τοὺς
479 4365 622 4452 χρόνους
651 4363 886 4450 γινώσκεσθαι.
940 4361 1002 4451 τὴν
1040 4368 1177 4433 δασεῖαν
1208 4364 1246 4435 τὸ
1283 4371 1309 4432 Η
1340 4387 1442 4453 προσ-

104 4509 129 4548 ιι
143 4477 373 4566 γεγραμμένον
396 4475 543 4560 παρέχει·
567 4471 625 4540 ἐὰν
649 4471 687 4540 δὲ
709 4468 754 4559 μὴ
777 4480 828 4557 eir]
851 4473 1179 4560 προσγεγραμμένον,
1203 4471 1305 4560 ψιλὴν
1329 4472 1442 4559 ξηράν.

142 4582 278 4663 τοιόταις
304 4581 573 4671 προσβάλλουσιν
600 4576 663 4664 τὴν
689 4574 788 4665 ὖφέν,
816 4573 916 4646 ὁπότε
944 4576 1006 4646 δύο
1034 4579 1163 4667 βήματα
1192 4576 1237 4660 ὥς
1263 4585 1310 4661 εἰς
1338 4584 1375 4650 ἓν
1402 4585 1442 4671 τῇ

231 4805 248 4852 o
267 4795 359 4868 χάριν]
380 4817 452 4866 ιιαρα
526 4800 559 4849 10
578 4791 706 4865 σημεῖον]
725 4809 873 4863 οημιοοται
891 4797 964 4862 πρός
981 4797 1014 4847 ut
1030 4795 1153 4861 videtur,
1170 4795 1258 4851 uuna
1275 4816 1291 4866 ρ
1310 4796 1403 4852 littero

144 4888 175 4934 15
195 4880 252 4949 εἴη]
272 4898 297 4933 ει

1175 4966 1230 5021 25*
