3316 5474
526 311 699 368 EXEMPLA
718 310 984 368 ELOCVTIONVM
1339 309 1401 372 511

105 424 127 461 r.
142 417 181 457 ass
197 416 223 454 n.

194 500 272 561 Salio
291 519 344 580 per
359 499 437 560 illam
452 518 528 578 rem,
547 498 631 576 Verg.
647 517 726 577 geor.
741 498 766 557 ll
782 498 875 571 (384)
895 505 1022 557 unctos
1041 495 1171 556 saliere
1191 514 1253 575 per
1272 489 1402 577 utres]

194 607 324 668 Securus
348 607 436 667 buius
455 609 514 684 rei,
538 604 622 682 l'erg.
642 605 712 664 rien.
733 603 781 663 Vll
801 605 898 677 (394)
917 605 1038 663 securi
1061 602 1176 682 pelagi
1200 612 1304 681 atquc
1328 603 1404 661 mei.

193 714 297 775 Siccus
319 713 374 773 bac
397 732 444 793 re,
469 711 551 791 Verg.
571 713 642 772 den.
661 710 724 771 Vlll
743 711 835 785 (261)
855 719 891 771 et
913 712 1048 771 siccum
1072 711 1245 789 sanguine
1269 717 1402 788 guttur.

194 821 284 882 Sacer
307 820 362 881 deo
385 819 441 901 itti,
464 818 549 899 Verg.
572 819 644 879 den.
667 817 721 878 Xll
744 817 843 892 (766)

76 942 90 980 ⁵
338 928 431 988 iorte
456 943 558 987 sacer
581 924 699 986 Fauno
723 924 822 985 loliis
846 923 1004 985 oleaster
1027 925 1164 984 amaris.
1216 978 1219 984 .

193 1036 304 1115 Sparge
332 1033 418 1114 illud,
445 1031 531 1111 Verg.
559 1030 625 1092 buc.
654 1032 757 1108 (8,30)
791 1049 931 1112 sparge,
963 1032 1102 1112 marite,
1135 1049 1244 1091 nuces
1268 1078 1275 1090 .
1298 1048 1403 1110 sparge

102 1141 144 1202 illi
167 1140 252 1223 titud,
275 1141 334 1202 Cic.
358 1159 411 1221 pro
435 1139 572 1201 Cluentio
595 1138 721 1213 (nant)
745 1147 881 1218 guttam
904 1141 1064 1218 aspargit
1085 1137 1168 1199 buin
1192 1137 1308 1199 bulbo.

192 1247 294 1309 Sentio
326 1248 362 1309 de
396 1256 425 1308 te
458 1246 548 1328 bona,
579 1245 639 1307 Cic.
667 1248 698 1307 in
725 1245 808 1307 Catil.
835 1244 874 1305 lll
902 1246 983 1321 (2,5)
1016 1246 1077 1324 qui
1109 1246 1225 1305 omnia
1257 1244 1298 1306 de
1331 1263 1402 1325 rep.

102 1354 288 1436 praeclara
311 1363 416 1434 atque
440 1356 586 1433 egregia
609 1354 801 1414 sentirent.

62 1476 88 1516 ro
191 1461 297 1522 Sancio
326 1469 480 1541 peccatum
513 1459 673 1541 suppbcio,
705 1458 764 1519 Cic.
792 1476 846 1538 pro
875 1458 952 1538 Sylla
981 1461 1023 1536 (p.
1052 1461 1157 1521 Plane.
1186 1459 1297 1535 1947)
1330 1458 1402 1519 noli

102 1568 368 1629 observantiam
401 1569 543 1628 sancire
577 1585 690 1647 poena
719 1614 726 1627 .
754 1568 838 1626 sanni
871 1567 984 1626 crimen
1017 1566 1119 1648 exilio,
1151 1567 1210 1627 Cic.
1243 1584 1297 1644 pro
1326 1564 1402 1645 Sylla

102 1678 143 1753 (p.
172 1677 276 1737 Plane.
304 1676 415 1750 3483)
448 1673 589 1735 addidit
620 1693 672 1736 me
704 1673 842 1734 idcirco
875 1691 948 1734 mea
981 1672 1057 1753 lege
1091 1673 1200 1734 exilio
1233 1672 1402 1733 ambitum

101 1785 296 1843 sanxisse.

190 1889 295 1971 Statuq
317 1889 399 1950 illum
423 1891 519 1968 capite
542 1890 572 1949 in
596 1896 721 1967 terram,
743 1887 811 1949 Ter.
835 1887 916 1949 Adel.
940 1889 1012 1961 (III
1030 1888 1114 1963 2,]8)

60 1995 1401 2075 sssublimemmediumabriperemetcapiteprimuminterramstatuerem.

190 2103 347 2183 Spectatur
379 2104 415 2164 ab
447 2111 556 2184 aetate,
588 2101 673 2181 Verg.
696 2102 767 2162 den.
796 2099 873 2162 Vllll
902 2102 994 2174 (235)
1027 2120 1113 2163 nere
1146 2100 1232 2161 baec
1265 2103 1402 2162 nostris

101 2219 314 2291 spectentur
337 2209 378 2271 ab
401 2212 512 2271 annis.

189 2317 299 2378 Sitiens
332 2317 410 2379 illius
443 2320 500 2400 rei,
532 2316 591 2378 Cic.
619 2334 673 2396 pro
703 2314 781 2396 Sylla
810 2318 852 2394 (p.
881 2317 986 2378 Plane.
1014 2316 1100 2390 5,Ῑ3)
1133 2317 1318 2377 sitientem
1350 2337 1401 2379 rue

99 2427 248 2486 virtutis
272 2434 361 2486 tuae.

58 2548 85 2587 ao
188 2530 250 2591 Sub
282 2533 462 2611 praepositio
495 2531 655 2611 geminata,
687 2529 746 2591 Cic.
776 2529 812 2590 de
841 2530 965 2608 imperio
994 2529 1116 2609 Pompei
1146 2533 1192 2602 (in
1228 2531 1312 2592 l'err.
1341 2540 1401 2593 act.

97 2658 157 2700 sec.
183 2639 328 2713 ittae)
352 2636 413 2698 sub
437 2639 627 2717 imperium
650 2637 681 2698 P.
705 2636 739 2698 n.
763 2636 1015 2715 dicionemque
1040 2636 1236 2697 subiunxit.

188 2744 328 2806 Subsedit
355 2744 434 2805 illam
462 2763 538 2824 rem,
566 2742 651 2823 Verg.
679 2744 749 2804 don.
778 2742 818 2804 Xl
847 2743 941 2816 (268)
969 2742 1144 2804 devictam
1173 2744 1289 2805 Asiam
1317 2744 1399 2806 sub·

98 2852 192 2914 sedit
224 2851 365 2912 adulter
394 2899 400 2911 .
429 2851 563 2913 subsedit
589 2850 644 2912 bac
672 2869 721 2931 re,
755 2849 833 2911 idem
861 2850 932 2910 den.
961 2849 984 2907 V
1012 2849 1106 2925 (498)
1134 2850 1306 2930 galeaque
1335 2853 1401 2913 ima

98 2959 263 3021 subsedit
286 2960 435 3019 Acestes
458 3006 465 3019 .
489 2957 623 3019 subsedit
645 2960 676 3018 in
699 2956 749 3017 illo
773 2956 853 3038 loco,
876 2955 935 3018 Cic.
960 2975 1014 3036 pro
1038 2956 1145 3018 Milone
1170 2957 1293 3032 (1949)
1317 2956 1399 3020 sub-

56 3066 286 3128 assidendum
309 3065 428 3145 aliquo
453 3069 489 3127 in
515 3065 592 3126 loco
616 3063 739 3124 bliloni
763 3111 769 3124 .

186 3291 277 3347 Codex
294 3292 442 3346 Parrhasii
482 3289 557 3346 trei
576 3306 626 3345 ons.
704 3276 868 3365 mei]mil1i
952 3289 1096 3361 3VIlI]I
1183 3298 1318 3361 asperge
1343 3291 1398 3361 illi]

97 3389 197 3442 sparge
215 3372 265 3426 illo
339 3378 372 3426 to
391 3371 491 3427 Soneio
511 3402 544 3411 -
565 3376 595 3425 11
616 3385 706 3439 poena
728 3370 778 3425 boe
800 3371 857 3424 ioco
880 3371 979 3425 moiseo
997 3376 1064 3440 post
1082 3376 1118 3425 17
1137 3373 1173 3426 ab
1198 3371 1277 3426 annis
1295 3373 1399 3441 scripta

95 3459 161 3507 snnt
234 3458 264 3506 11
285 3452 377 3523 sanxi]
397 3453 468 3507 sensi
540 3449 637 3520 exilio]
656 3466 689 3503 ex
707 3448 758 3504 illo
772 3451 868 3518 priore
886 3451 943 3505 ioco
1016 3457 1048 3505 13
1068 3451 1203 3522 sanxisse]
1223 3451 1341 3506 sensisse

98 3540 131 3588 ts
150 3532 298 3601 Spectatus
316 3533 409 3601 priore
427 3533 483 3587 loco
569 3536 601 3585 11
621 3533 783 3600 spectantur
796 3532 947 3599 pmteriore
965 3531 1022 3586 ioco
1103 3538 1136 3586 '23
1155 3532 1199 3603 re]
1219 3549 1262 3587 res
1280 3549 1349 3589 corr.
1368 3550 1398 3587 re

131 3612 299 3682 galeamque

96 3752 307 3759 ———

185 3834 200 3881 6
220 3843 319 3897 sparge
338 3826 382 3881 1111
399 3827 470 3881 illud
483 3827 646 3884 Bondamns
665 3827 741 3896 apud
755 3826 918 3884 Honoennm
927 3848 958 3900 p.
973 3836 1011 3888 42
1086 3835 1119 3882 10
1135 3827 1235 3883 Sancio
1251 3860 1283 3867 -
1298 3845 1398 3899 poena,

95 3924 164 3976 qnae
183 3908 213 3961 in
231 3909 320 3962 codice
338 3909 417 3975 infra
432 3913 463 3961 11
481 3914 544 3978 post
561 3908 737 3964 elocutionem
755 3910 897 3977 spectatur
920 3943 955 3952 —
977 3911 1014 3967 ab
1034 3909 1113 3965 annis
1131 3910 1236 3978 scripta
1253 3915 1326 3978 eunt,
1345 3911 1398 3964 lanc

95 3989 219 4043 revocavi
237 4031 244 4044 .
263 3989 362 4042 similis
379 4005 456 4043 error
473 3991 529 4057 snit
547 4007 635 4059 snpra
652 3992 734 4056 4793
757 3987 888 4045 incumbo
906 3992 936 4046 in
954 3993 1033 4048 illam
1052 4010 1110 4047 rem
1184 3996 1216 4043 12
1242 3988 1288 4043 hie
1312 3990 1397 4044 etiam
1436 4027 1443 4037 -

95 4067 229 4124 addidisti
248 4086 293 4122 me
311 4068 416 4122 idcirco
435 4086 498 4124 mea
516 4071 578 4140 lege
597 4067 681 4124 exilio
700 4068 838 4124 ambitum
856 4071 979 4127 sanxisse
999 4073 1099 4128 Cicero.
1129 4071 1206 4138 apud
1224 4071 1398 4124 Arsesiannm

95 4148 174 4204 sanxi
197 4147 300 4218 crimen
324 4147 407 4202 exilio
429 4155 455 4203 et
480 4149 604 4204 sanxisse
626 4148 798 4204 sommium
821 4166 875 4205 esse
897 4152 1041 4207 adnotavit
1061 4151 1232 4206 Garatonias
1251 4149 1307 4204 Cic.
1326 4157 1396 4204 orat.

93 4246 118 4282 o.
144 4228 211 4281 VII
224 4229 313 4297 praes.
329 4245 359 4296 p.
381 4229 412 4279 X
493 4234 526 4281 15
549 4227 688 4282 sublimen
712 4228 812 4283 Maias
834 4231 866 4283 in
889 4232 1005 4286 editione
1024 4231 1230 4287 Mediolanensi
1252 4246 1285 4283 ea
1307 4230 1397 4284 codice

94 4309 277 4363 Ambrosiono
358 4306 507 4377 arriperem
526 4309 630 4363 codices
651 4307 772 4363 Terentii
851 4315 887 4364 20
906 4310 963 4367 (tic.
982 4312 1017 4366 de
1035 4310 1155 4381 imperio
1173 4309 1301 4379 Pompei]
1321 4308 1395 4363 idem

94 4389 129 4444 de
152 4392 283 4460 praetura
306 4387 412 4443 urbana
436 4389 473 4442 M
496 4432 501 4443 .
526 4391 557 4444 in
583 4390 707 4444 oratioese
734 4390 767 4444 de
793 4391 906 4459 imperio
930 4390 979 4447 On.
1007 4390 1122 4460 Pompei
1148 4389 1199 4443 sub
1226 4388 1395 4459 praepositio

93 4468 237 4539 geminata
254 4486 311 4522 non
329 4468 428 4537 legitur
448 4510 453 4521 .
472 4470 518 4523 sed
540 4471 659 4539 asnapio
682 4470 755 4539 qaod
776 4470 937 4525 Ammianus
958 4488 992 4526 ec
1014 4471 1138 4525 oratioere
1159 4470 1190 4523 in
1216 4468 1323 4523 Verrem
1346 4470 1395 4524 ad·

92 4549 203 4619 scripsit
225 4549 324 4603 similis
347 4553 384 4602 est
407 4550 481 4603 locres
507 4549 540 4603 de
562 4550 626 4619 imp.
651 4548 700 4603 On.
727 4549 823 4619 Pornp.
847 4555 931 4619 12,35
954 4552 1043 4605 totam
1066 4550 1103 4604 ad
1126 4549 1273 4619 imperium
1297 4548 1396 4618 populi

94 4629 212 4685 Romani
239 4628 366 4683 Ciliciam
394 4628 521 4684 adiunxit
606 4635 641 4683 24
667 4628 872 4684 subsedendum
899 4647 933 4685 ex
953 4629 979 4685 G
997 4631 1083 4685 edidit
1101 4630 1310 4684 Lindemannns
1328 4671 1335 4684 .
1355 4628 1396 4684 sic

93 4708 205 4778 Miloni,
224 4727 287 4762 cnm
305 4711 452 4765 insidiator
470 4712 555 4778 esset,
579 4709 701 4764 siillum
720 4710 756 4764 ad
775 4708 873 4765 urbem
891 4714 973 4766 nocte
990 4727 1167 4766 accessurum
1187 4710 1307 4779 sciebat,
1330 4710 1394 4765 sub·

93 4789 238 4845 uidendum
257 4792 343 4860 atque
362 4791 566 4862 expectandum
584 4789 639 4845 tuit
656 4790 759 4845 codices
778 4788 916 4847 Ciceroms
