3316 5474
626 357 673 410 DE
693 357 984 413 ORTHOGRAPHIA
1417 365 1454 426 71

148 474 169 510 p.
184 463 244 501 1111.
258 463 285 500 11
301 462 326 499 1³.

148 545 326 606 scribebant.
356 564 410 605 nos
429 544 465 604 ad
484 544 658 604 brevitatem
678 544 882 603 festinavimus
901 544 1051 604 scribendi
1072 556 1101 606 et
1119 544 1199 605 illam
1218 549 1454 625 pinguitudinem

149 654 250 713 limare
274 652 440 732 maluimus,
454 660 522 711 tam
545 650 666 711 hercule
691 669 778 729 quam
807 646 884 711 ‘cur'
913 654 1005 731 magis
1028 655 1203 725 scribimus,
1226 673 1315 728 quom
1347 650 1455 736 ‘quor',

148 761 226 839 quod
258 778 353 838 genus
381 767 427 819 est
455 755 678 837 ἐτυμολογίας.
725 767 771 817 991
803 761 882 817 enim
911 754 975 818 ‘cui
1005 754 1078 839 rei',
1111 759 1189 837 quod
1222 762 1367 838 significat
1400 757 1454 820 ‘ob

148 885 236 945 quam
267 861 360 926 rem':
392 885 427 925 er
459 865 515 925 hoc
547 868 670 926 retinuit
700 864 885 926 consuetudo
917 865 1059 925 hodierna
1092 875 1125 926 ut
1155 866 1323 927 diceremus
1353 887 1454 948 quare,

123 973 230 1051 sqnod
261 992 319 1033 uua
350 971 458 1052 syllaba
488 975 663 1051 castigatum
695 974 727 1033 sn
757 991 826 1053 cur,
863 972 941 1050 quod
973 992 1027 1032 nos
1058 976 1189 1034 contenti
1220 993 1323 1034 sumus
1353 995 1407 1055 per
1438 996 1453 1035 e

147 1080 289 1140 scribere.
326 1078 412 1139 etde
431 1079 656 1159 quaestionibus
675 1080 794 1158 quidem
819 1079 854 1139 ad
879 1088 990 1139 rectam
1009 1083 1203 1160 scriptionem
1227 1082 1454 1162 pertinentibus,

148 1195 293 1266 quantum
317 1188 458 1246 memoria
483 1187 696 1266 suppeditavit,
721 1185 779 1262 [et]
803 1188 834 1244 in
857 1188 1025 1265 praesentia
1048 1188 1167 1246 interim
1191 1191 1262 1248 satis
1285 1191 1331 1248 sit.

235 1292 279 1353 Ad
299 1300 414 1353 ceteras
437 1294 529 1371 igitur
551 1294 741 1370 quaestiones
761 1300 955 1372 transeamus
973 1295 1003 1352 in
1024 1292 1132 1371 quibus
1153 1295 1353 1355 animadverto
1376 1295 1452 1374 apud

146 1401 304 1480 plerosque
325 1401 330 1476 Ι
352 1401 504 1460 confusam
525 1402 729 1460 tractationem
749 1389 948 1479 ὀρθοεπείας
966 1408 996 1459 91
1019 1390 1264 1479 ὀρθογραφίας,
1289 1420 1357 1461 cum
1376 1376 1454 1461 luter

108 1533 132 1569 ro
146 1528 178 1568 se
207 1508 327 1568 distent.
370 1525 437 1567 nam
462 1510 491 1566 in
516 1497 699 1589 ὀρθοεπείᾳ
722 1525 782 1566 non
806 1509 972 1587 quaeritur,
996 1525 1055 1584 quo
1080 1505 1166 1566 modo
1191 1506 1381 1567 scribendum
1405 1509 1453 1587 sit,

147 1614 275 1675 eumad
300 1633 401 1675 vocem
424 1613 549 1692 legentis
573 1614 723 1693 adlegatos
747 1615 785 1673 sit
813 1613 861 1673 ille
886 1616 936 1691 qui
960 1615 1092 1693 scripsit,
1117 1613 1169 1672 sed
1193 1622 1239 1673 est
1263 1616 1396 1691 quaestio
1421 1616 1450 1674 in

147 1721 306 1800 loquendo,
330 1729 363 1781 ut
387 1720 515 1799 forpices
539 1729 568 1780 et
592 1722 721 1800 forcipes
745 1731 775 1780 et
798 1738 917 1780 arcesso
937 1729 967 1781 et
985 1739 1114 1781 accerso.
1152 1722 1183 1780 in
1203 1719 1249 1779 his
1268 1722 1347 1779 enim
1367 1722 1450 1780 mini·

146 1847 228 1889 mum
256 1830 313 1889 erit
341 1827 511 1908 dinoscere,
539 1847 598 1906 quo
628 1827 714 1887 modo
742 1827 893 1887 dicantur:
923 1826 1046 1906 proinde
1076 1845 1109 1886 ac
1132 1827 1235 1886 dixero
1259 1826 1380 1887 scribes.
1418 1830 1449 1887 in

146 1935 255 2015 quibus
283 1944 380 1996 tamen
409 1934 614 1995 adnotabimus
643 1943 759 1995 veteres
786 1954 841 2014 per
870 1935 1146 1994 transmutationem
1170 1932 1296 2011 syllabae
1322 1934 1450 2013 forcipes

107 2064 131 2102 15
145 2042 263 2103 dixisse.
301 2060 368 2102 nam
392 2051 422 2102 et
445 2042 590 2120 Vergilius
614 2037 847 2120 ‘versantque
873 2043 993 2100 tenaci
1018 2040 1160 2118 forcipe
1186 2035 1363 2100 massam':
1392 2043 1450 2100 lor·

145 2153 226 2230 cipes
249 2150 375 2210 dicimus
398 2149 434 2210 ab
458 2167 493 2209 eo
518 2147 595 2227 quod
620 2148 748 2206 formum
772 2150 897 2227 capiant,
919 2148 949 2207 id
973 2155 1018 2206 est
1042 2146 1177 2206 calidum.
1217 2148 1295 2207 etin
1316 2148 1450 2225 eoquod

144 2266 191 2316 est
218 2274 337 2316 arcesso
366 2263 396 2315 et
423 2272 543 2314 accerso
570 2261 750 2332 putaverunt
780 2252 898 2331 quidam
926 2253 1123 2313 differentiam
1151 2271 1231 2333 esse,
1267 2262 1300 2313 ut
1328 2272 1448 2314 accerso

144 2366 183 2424 sit
205 2376 278 2422 voco
304 2372 430 2423 tractum
454 2360 490 2420 ab
513 2361 664 2440 acciendo,
687 2378 804 2420 arcesso
828 2377 999 2419 summoveo
1023 2358 1059 2418 ab
1077 2359 1205 2419 arcendo
1225 2367 1361 2420 tractum.
1397 2361 1449 2420 sed

144 2478 335 2558 erraverunt:
362 2486 481 2528 arcesso
512 2468 590 2527 enim
617 2485 671 2546 pro
700 2485 735 2525 eo
764 2466 843 2544 quod
872 2475 918 2526 est
946 2485 1033 2526 arceo
1057 2484 1218 2544 numquam
1242 2469 1371 2546 positum
1395 2475 1449 2527 est.

106 2594 249 2636 eoverum
278 2575 357 2653 quod
381 2582 486 2653 putant
509 2593 525 2634 r
550 2574 678 2633 litteram
701 2571 819 2633 obstare
851 2575 1070 2654 significationi,
1099 2582 1213 2634 errant:
1240 2572 1258 2632 d
1283 2575 1361 2633 enim
1389 2591 1449 2633 non

149 2685 247 2742 minus
271 2684 301 2741 in
325 2701 340 2741 r
364 2681 492 2741 litteram
511 2683 625 2760 transit,
649 2698 736 2758 quam
755 2682 785 2738 iu
805 2699 831 2760 c,
854 2697 922 2738 cum
941 2679 1007 2740 dico
1026 2689 1056 2740 et
1075 2679 1183 2739 accedo
1203 2688 1233 2740 et
1251 2679 1450 2760 accommodo,

143 2784 276 2867 †quam
301 2787 377 2867 apud
402 2789 539 2866 antiquos
564 2790 592 2847 in
617 2804 751 2866 arvorso,
778 2787 808 2845 in
837 2789 1011 2848 arvorsario.
1052 2786 1131 2848 unde
1161 2806 1216 2866 pro
1244 2786 1389 2847 audlculis
1412 2786 1448 2847 ab

143 2895 294 2956 audiendo
314 2893 462 2955 auriculas
481 2894 607 2954 dicimus
626 2903 657 2953 et
675 2892 829 2952 meridiem
847 2912 902 2972 pro
918 2894 1014 2953 medio
1029 2894 1076 2954 dle
1091 2894 1249 2972 loquimur.
1286 2894 1353 2952 ideo
1377 2912 1448 2973 ergo

215 3119 306 3175 Codex
326 3121 475 3177 Parrhasii
512 3120 576 3173 191
592 3118 683 3187 illam]
703 3117 809 3171 nullam
878 3119 972 3170 119111
991 3117 1103 3172 hercule
1121 3134 1206 3185 qnam
1224 3134 1279 3185 quo
1294 3117 1385 3199 magis
1399 3116 1448 3184 qui

142 3235 229 3287 genus
244 3222 288 3273 991
306 3212 483 3288 ἐτομολογῗαι
502 3220 544 3272 est
562 3216 637 3271 enim
652 3214 696 3269 cui
715 3231 758 3268 199
830 3219 846 3266 5
866 3213 941 3281 quod
956 3213 1023 3284 una]
1044 3230 1099 3282 quo
1114 3232 1169 3268 une
1242 3221 1258 3269 6
1277 3213 1445 3282 quaestioni·

141 3297 208 3369 bns]
227 3298 481 3369 praepositionibus
571 3302 587 3350 9
611 3290 780 3362 clodomerus
799 3297 827 3348 91
846 3289 1056 3362 ὀρθογραφειαι
1147 3300 1180 3347 10
1205 3311 1269 3348 nam
1289 3288 1446 3360 ὀρθοεπεια

143 3394 198 3433 non
217 3379 360 3447 quaeritur
442 3385 473 3431 11
493 3377 625 3448 legentis]
645 3375 715 3445 legis
798 3379 830 3427 12
849 3390 961 3428 accerso
981 3374 1025 3427 his
1043 3374 1118 3494 enipi
1198 3380 1231 3427 14
1249 3371 1445 3427 adnotamus

143 3517 175 3565 17
191 3511 318 3583 quidam]
334 3513 475 3581 quendam
547 3517 581 3564 20
595 3512 698 3581 putant
710 3527 728 3564 9
742 3510 865 3564 litteram
936 3514 971 3561 22
986 3524 1036 3578 pro
1051 3507 1182 3574 auriculis
1200 3507 1234 3561 G:
1252 3507 1270 3560 d
1284 3524 1417 3576 superscr.
1432 3524 1446 3561 9

190 3597 224 3645 23
243 3591 306 3646 ideo
326 3593 405 3663 ergo]
425 3592 455 3645 id
474 3607 540 3660 ergo

230 3794 247 3842 3
270 3791 313 3843 est
337 3789 411 3843 enim
436 3788 481 3842 cui
505 3805 533 3842 re
556 3788 597 3841 oel
614 3785 664 3854 qui
688 3802 717 3840 re
737 3783 930 3838 Commelinus.
950 3783 1083 3839 9919111111
1103 3784 1149 3839 oni
1167 3783 1207 3838 rei
1227 3783 1376 3837 Potecbius

141 3875 158 3921 1
176 3885 262 3936 qnare
281 3887 336 3937 quo
355 3886 411 3923 9119
429 3868 538 3937 syllaba
555 3867 724 3935 castigatum
743 3863 780 3918 sit
798 3863 838 3931 R,
857 3865 906 3918 obl
924 3863 1093 3933 castigatum
1111 3865 1144 3918 fil
1161 3863 1246 3918 edidit
1265 3861 1446 3915 Commelinos

194 3956 210 4004 6
231 3952 260 4004 91
278 3949 312 4004 (19
330 3947 582 4019 praepositionibus
601 3946 714 4013 quidem
733 3945 761 3999 R
835 3950 867 3997 10
886 3960 952 3997 nem
970 3947 1126 4011 ορθοεπεια
1145 3960 1202 3997 non
1220 3942 1330 4011 quaerit
1348 3940 1387 3994 R:
1410 3943 1444 4009 cf.

136 4045 166 4098 p.
186 4034 233 4095 66,
251 4035 289 4084 12
376 4036 407 4082 11
432 4031 468 4083 ad
492 4046 590 4084 vocem
613 4026 685 4096 legis
703 4025 744 4092 R,
768 4024 803 4079 sd
822 4023 899 4079 vocis
921 4024 1013 4095 legem
1033 4025 1061 4079 R
1084 4026 1116 4079 io
1134 4024 1302 4093 corriperetis
1319 4027 1344 4076 et
1362 4023 1445 4077 editio

141 4109 300 4164 Cornmelini
372 4115 405 4162 12
424 4113 457 4162 ut
474 4108 593 4177 forcipes
612 4108 642 4161 et
659 4104 786 4174 forpices.
815 4106 844 4158 91
866 4120 976 4159 arcesso
996 4107 1026 4159 91
1043 4122 1167 4160 accerso:
1191 4104 1236 4158 his
1255 4103 1329 4159 enim
1348 4103 1383 4157 R.
1415 4104 1445 4157 in

140 4188 183 4242 1119
198 4189 272 4243 enim
287 4189 421 4244 sanderus
495 4195 526 4242 13
546 4187 649 4241 scribes
663 4186 733 4239 mihi
748 4185 849 4253 quibus
862 4189 959 4240 19111911
972 4185 1168 4241 adnotauimus
1182 4185 1210 4239 R
1274 4186 1444 4238 1199199111-

141 4270 205 4340 que]
230 4270 308 4338 Verp.
327 4285 415 4338 peorp.
436 4269 519 4321 IIII
536 4273 590 4322 175
665 4273 696 4320 17
716 4269 888 4336 putauerunt
906 4266 1046 4333 quandam
1065 4262 1374 4319 (11119199119111991911.
1394 4263 1443 4316 sed

141 4349 255 4416 quidam
274 4347 462 4403 differentiam
482 4364 542 4401 9999
560 4345 722 4413 voluerunt,
741 4347 773 4399 91
791 4361 900 4400 arcesso
919 4345 1033 4415 quidem
1052 4346 1088 4400 ab
1107 4362 1140 4400 eo
1159 4345 1244 4400 verbo
1263 4346 1349 4411 esset,
1369 4344 1443 4412 quod

140 4430 300 4496 colomeo,
325 4443 436 4482 9999199
459 4443 525 4481 vero
549 4428 585 4480 ob
608 4442 641 4480 eo
665 4425 740 4493 quod
763 4429 807 4481 est
829 4427 907 4482 accio
926 4426 1050 4481 Scaurus
1070 4442 1099 4493 p.
1119 4430 1166 4490 26,
1182 4430 1213 4478 5.-
1236 4425 1270 4490 cf.
1292 4424 1442 4492 Papirion.

140 4509 216 4576 apud
235 4508 356 4564 Cassiod.
374 4526 403 4576 p.
418 4512 496 4562 2295
570 4513 604 4561 20
623 4507 697 4574 quod
715 4509 817 4575 putent
835 4523 853 4560 9
871 4507 995 4560 litteram
1013 4505 1052 4572 R,
1073 4504 1148 4573 quod
1167 4506 1267 4573 putent
1285 4523 1299 4557 r
1316 4505 1443 4562 litteram

141 4587 321 4644 Sclrneideros
341 4605 454 4658 91911191.
474 4589 521 4640 lat.
545 4603 569 4641 v.
590 4587 612 4638 Ι
630 4591 734 4654 11639
815 4586 985 4651 alfortense
1007 4602 1069 4639 oum
1093 4583 1212 4637 dicimus
1236 4587 1265 4638 91
1287 4586 1389 4641 accedo
1413 4589 1443 4642 91

140 4669 333 4736 accommodo,
357 4669 386 4722 et
407 4666 483 4735 opud
506 4664 635 4732 antiquos
654 4665 809 4719 invenimus
826 4664 857 4718 in
875 4681 1000 4732 amomo,
1025 4662 1054 4717 in
1073 4663 1236 4718 arvorsario.
1264 4682 1330 4719 nom
1348 4682 1441 4734 qnam,

137 4764 188 4816 pro
209 4765 263 4818 quo
286 4750 432 4815 tamqnam
454 4746 627 4800 scribendum
646 4761 699 4799 esee
717 4745 897 4799 Schneideroo
920 4745 1048 4809 99119911,
1072 4759 1105 4798 ex
1122 4744 1309 4812 asperioribus
1333 4747 1441 4801 videtur

140 4831 281 4907 repqtitrmv
299 4845 353 4883 esse
424 4834 458 4882 23
477 4828 592 4896 id‘ergo
610 4826 638 4880 11
