<?xml version="1.0" encoding="UTF-8"?>
<!DOCTYPE html PUBLIC "-//W3C//DTD XHTML 1.0 Transitional//EN"
    "http://www.w3.org/TR/xhtml1/DTD/xhtml1-transitional.dtd">
<html xmlns="http://www.w3.org/1999/xhtml" xml:lang="en" lang="en">
 <head>
  <title>
</title>
<meta http-equiv="Content-Type" content="text/html;charset=utf-8" />
  <meta name='ocr-system' content='tesseract 3.04.00' />
  <meta name='ocr-capabilities' content='ocr_page ocr_carea ocr_par ocr_line ocrx_word'/>
</head>
<body>
  <div class='ocr_page' id='page_1' title='image "./grammaticilatin00keilgoog/grammaticilatin00keilgoog_0135.png"; bbox 0 0 3316 5474; ppageno 0'>
   <div class='ocr_carea' id='block_1_1' title="bbox 221 377 962 525">
    <p class='ocr_par' dir='ltr' id='par_1_1' title="bbox 221 377 962 525">
     <span class='ocr_line' id='line_1_1' title="bbox 224 377 962 442; baseline -0.007 -3"><span class='ocrx_word' id='word_1_1' title='bbox 224 377 287 442; x_wconf 86' lang='grc'>116</span> <span class='ocrx_word' id='word_1_2' title='bbox 788 378 962 436; x_wconf 79' lang='lat' dir='ltr'><strong>AGROECII</strong></span> 
     </span>
     <span class='ocr_line' id='line_1_2' title="bbox 221 477 396 525; baseline 0 -9"><span class='ocrx_word' id='word_1_3' title='bbox 221 488 243 525; x_wconf 76' lang='lat' dir='ltr'>p.</span> <span class='ocrx_word' id='word_1_4' title='bbox 257 477 317 517; x_wconf 78' lang='lat' dir='ltr'>mov.</span> <span class='ocrx_word' id='word_1_5' title='bbox 331 477 357 518; x_wconf 84' lang='lat' dir='ltr'>ca</span> <span class='ocrx_word' id='word_1_6' title='bbox 371 477 396 517; x_wconf 70' lang='grc' dir='ltr'>ι’.</span> 
     </span>
    </p>
   </div>
   <div class='ocr_carea' id='block_1_2' title="bbox 213 562 1608 2996">
    <p class='ocr_par' dir='ltr' id='par_1_2' title="bbox 220 562 1526 854">
     <span class='ocr_line' id='line_1_3' title="bbox 311 562 1523 645; baseline 0.002 -22"><span class='ocrx_word' id='word_1_7' title='bbox 311 563 469 623; x_wconf 87' lang='lat' dir='ltr'>Fuerimus</span> <span class='ocrx_word' id='word_1_8' title='bbox 493 563 681 623; x_wconf 84' lang='lat' dir='ltr'>coniunctim</span> <span class='ocrx_word' id='word_1_9' title='bbox 704 564 791 624; x_wconf 90' lang='lat' dir='ltr'>modo</span> <span class='ocrx_word' id='word_1_10' title='bbox 815 572 949 644; x_wconf 90' lang='lat' dir='ltr'>tempore</span> <span class='ocrx_word' id='word_1_11' title='bbox 968 566 1129 643; x_wconf 88' lang='lat' dir='ltr'>praeterito</span> <span class='ocrx_word' id='word_1_12' title='bbox 1151 564 1294 645; x_wconf 84' lang='lat' dir='ltr'>perlecto,</span> <span class='ocrx_word' id='word_1_13' title='bbox 1316 567 1326 624; x_wconf 94' lang='lat' dir='ltr'>i</span> <span class='ocrx_word' id='word_1_14' title='bbox 1346 562 1444 625; x_wconf 89' lang='lat' dir='ltr'>brevis</span> <span class='ocrx_word' id='word_1_15' title='bbox 1464 575 1523 645; x_wconf 87' lang='lat' dir='ltr'>est;</span> 
     </span>
     <span class='ocr_line' id='line_1_4' title="bbox 222 660 1526 752; baseline 0.002 -23"><span class='ocrx_word' id='word_1_16' title='bbox 222 677 252 729; x_wconf 92' lang='lat' dir='ltr'>et</span> <span class='ocrx_word' id='word_1_17' title='bbox 274 669 420 729; x_wconf 79' lang='lat' dir='ltr'><strong>fuerimus</strong></span> <span class='ocrx_word' id='word_1_18' title='bbox 444 668 548 729; x_wconf 90' lang='lat' dir='ltr'>eodem</span> <span class='ocrx_word' id='word_1_19' title='bbox 576 660 669 729; x_wconf 83' lang='lat' dir='ltr'>modo</span> <span class='ocrx_word' id='word_1_20' title='bbox 686 677 820 749; x_wconf 89' lang='lat' dir='ltr'>tempore</span> <span class='ocrx_word' id='word_1_21' title='bbox 843 671 958 752; x_wconf 83' lang='lat' dir='ltr'>futuro,</span> <span class='ocrx_word' id='word_1_22' title='bbox 986 673 997 730; x_wconf 92' lang='lat' dir='ltr'>i</span> <span class='ocrx_word' id='word_1_23' title='bbox 1021 669 1106 751; x_wconf 79' lang='lat' dir='ltr'>longa</span> <span class='ocrx_word' id='word_1_24' title='bbox 1130 679 1176 731; x_wconf 89' lang='lat' dir='ltr'>est</span> <span class='ocrx_word' id='word_1_25' title='bbox 1198 691 1215 728; x_wconf 69' lang='lat' dir='ltr'>a</span> <span class='ocrx_word' id='word_1_26' title='bbox 1238 673 1268 731; x_wconf 93' lang='lat' dir='ltr'>iu</span> <span class='ocrx_word' id='word_1_27' title='bbox 1292 670 1382 732; x_wconf 85' lang='lat' dir='ltr'>verbu</span> <span class='ocrx_word' id='word_1_28' title='bbox 1406 673 1526 751; x_wconf 84' lang='lat' dir='ltr'>passivo</span> 
     </span>
     <span class='ocr_line' id='line_1_5' title="bbox 220 775 999 854; baseline 0.004 -20"><span class='ocrx_word' id='word_1_29' title='bbox 220 775 370 837; x_wconf 80' lang='lat' dir='ltr'>indicativi</span> <span class='ocrx_word' id='word_1_30' title='bbox 392 776 472 837; x_wconf 90' lang='lat' dir='ltr'>modi</span> <span class='ocrx_word' id='word_1_31' title='bbox 495 778 638 854; x_wconf 90' lang='lat' dir='ltr'>temporis</span> <span class='ocrx_word' id='word_1_32' title='bbox 661 778 754 837; x_wconf 83' lang='lat' dir='ltr'>futuri</span> <span class='ocrx_word' id='word_1_33' title='bbox 777 776 859 837; x_wconf 88' lang='lat' dir='ltr'>dicar</span> <span class='ocrx_word' id='word_1_34' title='bbox 881 775 999 837; x_wconf 86' lang='lat' dir='ltr'>diceris.</span> 
     </span>
    </p>

    <p class='ocr_par' dir='ltr' id='par_1_3' title="bbox 308 883 937 964">
     <span class='ocr_line' id='line_1_6' title="bbox 308 883 937 964; baseline 0 -20"><span class='ocrx_word' id='word_1_35' title='bbox 308 883 450 945; x_wconf 79' lang='lat' dir='ltr'>Miramur</span> <span class='ocrx_word' id='word_1_36' title='bbox 473 902 576 964; x_wconf 92' lang='lat' dir='ltr'>opera,</span> <span class='ocrx_word' id='word_1_37' title='bbox 599 883 779 944; x_wconf 79' lang='lat' dir='ltr'>admiramur</span> <span class='ocrx_word' id='word_1_38' title='bbox 802 885 937 944; x_wconf 85' lang='lat' dir='ltr'>virtutes.</span> 
     </span>
    </p>

    <p class='ocr_par' dir='ltr' id='par_1_4' title="bbox 219 988 1547 1159">
     <span class='ocr_line' id='line_1_7' title="bbox 308 988 1547 1073; baseline -0.002 -23"><span class='ocrx_word' id='word_1_39' title='bbox 308 989 431 1052; x_wconf 86' lang='lat' dir='ltr'>Labium</span> <span class='ocrx_word' id='word_1_40' title='bbox 459 992 598 1070; x_wconf 89' lang='lat' dir='ltr'>superius</span> <span class='ocrx_word' id='word_1_41' title='bbox 625 989 747 1073; x_wconf 90' lang='lat' dir='ltr'>dicitur,</span> <span class='ocrx_word' id='word_1_42' title='bbox 774 988 890 1051; x_wconf 89' lang='lat' dir='ltr'>labrum</span> <span class='ocrx_word' id='word_1_43' title='bbox 918 989 1052 1050; x_wconf 79' lang='lat' dir='ltr'>iuferius.</span> <span class='ocrx_word' id='word_1_44' title='bbox 1099 998 1229 1051; x_wconf 86' lang='lat' dir='ltr'>rostrum</span> <span class='ocrx_word' id='word_1_45' title='bbox 1257 1008 1317 1051; x_wconf 90' lang='lat' dir='ltr'>non</span> <span class='ocrx_word' id='word_1_46' title='bbox 1352 993 1409 1053; x_wconf 89' lang='lat' dir='ltr'>nisi</span> <span class='ocrx_word' id='word_1_47' title='bbox 1440 994 1547 1072; x_wconf 77' lang='lat' dir='ltr'>quoda</span> 
     </span>
     <span class='ocr_line' id='line_1_8' title="bbox 219 1099 453 1159; baseline 0.013 -3"><span class='ocrx_word' id='word_1_48' title='bbox 219 1099 375 1159; x_wconf 85' lang='lat' dir='ltr'>incurvum</span> <span class='ocrx_word' id='word_1_49' title='bbox 399 1107 453 1159; x_wconf 87' lang='lat' dir='ltr'>est.</span> 
     </span>
    </p>

    <p class='ocr_par' dir='ltr' id='par_1_5' title="bbox 307 1203 992 1286">
     <span class='ocr_line' id='line_1_9' title="bbox 307 1203 992 1286; baseline 0.003 -22"><span class='ocrx_word' id='word_1_50' title='bbox 307 1204 464 1267; x_wconf 81' lang='lat' dir='ltr'>Exercitus</span> <span class='ocrx_word' id='word_1_51' title='bbox 487 1203 651 1286; x_wconf 83' lang='lat' dir='ltr'>laboribus,</span> <span class='ocrx_word' id='word_1_52' title='bbox 674 1207 854 1266; x_wconf 84' lang='lat' dir='ltr'>exercitatus</span> <span class='ocrx_word' id='word_1_53' title='bbox 877 1205 992 1267; x_wconf 90' lang='lat' dir='ltr'>studiis.</span> 
     </span>
    </p>

    <p class='ocr_par' dir='ltr' id='par_1_6' title="bbox 216 1311 1608 1928">
     <span class='ocr_line' id='line_1_10' title="bbox 307 1311 1522 1393; baseline 0.002 -21"><span class='ocrx_word' id='word_1_54' title='bbox 307 1311 436 1373; x_wconf 86' lang='lat' dir='ltr'>Minores</span> <span class='ocrx_word' id='word_1_55' title='bbox 459 1331 525 1373; x_wconf 90' lang='lat' dir='ltr'>esse</span> <span class='ocrx_word' id='word_1_56' title='bbox 548 1331 597 1373; x_wconf 88' lang='lat' dir='ltr'>res</span> <span class='ocrx_word' id='word_1_57' title='bbox 620 1312 733 1391; x_wconf 87' lang='lat' dir='ltr'>aliquas</span> <span class='ocrx_word' id='word_1_58' title='bbox 756 1320 807 1373; x_wconf 88' lang='lat' dir='ltr'>aut</span> <span class='ocrx_word' id='word_1_59' title='bbox 829 1311 964 1373; x_wconf 90' lang='lat' dir='ltr'>homiues</span> <span class='ocrx_word' id='word_1_60' title='bbox 988 1311 1122 1373; x_wconf 86' lang='lat' dir='ltr'>dicimus.</span> <span class='ocrx_word' id='word_1_61' title='bbox 1161 1328 1227 1373; x_wconf 91' lang='lat' dir='ltr'>uam</span> <span class='ocrx_word' id='word_1_62' title='bbox 1247 1315 1370 1373; x_wconf 89' lang='lat' dir='ltr'>minoris</span> <span class='ocrx_word' id='word_1_63' title='bbox 1389 1321 1522 1393; x_wconf 90' lang='lat' dir='ltr'>emptum</span> 
     </span>
     <span class='ocr_line' id='line_1_11' title="bbox 221 1418 1520 1501; baseline 0.002 -23"><span class='ocrx_word' id='word_1_64' title='bbox 221 1428 272 1480; x_wconf 91' lang='lat' dir='ltr'>aut</span> <span class='ocrx_word' id='word_1_65' title='bbox 295 1421 480 1480; x_wconf 90' lang='lat' dir='ltr'>aestimatum</span> <span class='ocrx_word' id='word_1_66' title='bbox 509 1421 661 1499; x_wconf 84' lang='lat' dir='ltr'>quippiam</span> <span class='ocrx_word' id='word_1_67' title='bbox 688 1426 771 1481; x_wconf 89' lang='lat' dir='ltr'>reete</span> <span class='ocrx_word' id='word_1_68' title='bbox 799 1418 970 1500; x_wconf 87' lang='lat' dir='ltr'>scribimus,</span> <span class='ocrx_word' id='word_1_69' title='bbox 999 1421 1077 1480; x_wconf 91' lang='lat' dir='ltr'>sicut</span> <span class='ocrx_word' id='word_1_70' title='bbox 1104 1427 1134 1480; x_wconf 92' lang='lat' dir='ltr'>et</span> <span class='ocrx_word' id='word_1_71' title='bbox 1163 1418 1273 1501; x_wconf 91' lang='lat' dir='ltr'>pluris,</span> <span class='ocrx_word' id='word_1_72' title='bbox 1302 1420 1381 1498; x_wconf 92' lang='lat' dir='ltr'>quod</span> <span class='ocrx_word' id='word_1_73' title='bbox 1410 1423 1520 1480; x_wconf 89' lang='lat' dir='ltr'>maiore</span> 
     </span>
     <span class='ocr_line' id='line_1_12' title="bbox 220 1525 1562 1606; baseline -0.001 -20"><span class='ocrx_word' id='word_1_74' title='bbox 220 1544 333 1587; x_wconf 90' lang='lat' dir='ltr'>summa</span> <span class='ocrx_word' id='word_1_75' title='bbox 354 1534 478 1587; x_wconf 82' lang='lat' dir='ltr'>taxatur.</span> <span class='ocrx_word' id='word_1_76' title='bbox 516 1525 617 1605; x_wconf 90' lang='lat' dir='ltr'>plures</span> <span class='ocrx_word' id='word_1_77' title='bbox 635 1545 706 1587; x_wconf 90' lang='lat' dir='ltr'>vero</span> <span class='ocrx_word' id='word_1_78' title='bbox 725 1526 761 1587; x_wconf 94' lang='lat' dir='ltr'>de</span> <span class='ocrx_word' id='word_1_79' title='bbox 782 1526 970 1588; x_wconf 89' lang='lat' dir='ltr'>multitudiue</span> <span class='ocrx_word' id='word_1_80' title='bbox 989 1525 1156 1588; x_wconf 86' lang='lat' dir='ltr'>scribimus.</span> <span class='ocrx_word' id='word_1_81' title='bbox 1184 1527 1285 1606; x_wconf 90' lang='lat' dir='ltr'>plures</span> <span class='ocrx_word' id='word_1_82' title='bbox 1304 1530 1521 1606; x_wconf 85' lang='lat' dir='ltr'>comparativus</span> <span class='ocrx_word' id='word_1_83' title='bbox 1536 1546 1562 1585; x_wconf 83' lang='lat' dir='ltr'>ro</span> 
     </span>
     <span class='ocr_line' id='line_1_13' title="bbox 216 1628 1608 1714; baseline -0.004 -21"><span class='ocrx_word' id='word_1_84' title='bbox 216 1632 325 1713; x_wconf 86' lang='lat' dir='ltr'>gradus</span> <span class='ocrx_word' id='word_1_85' title='bbox 349 1642 407 1694; x_wconf 88' lang='lat' dir='ltr'>cst:</span> <span class='ocrx_word' id='word_1_86' title='bbox 436 1632 540 1694; x_wconf 81' lang='lat' dir='ltr'>Cicero</span> <span class='ocrx_word' id='word_1_87' title='bbox 569 1628 678 1695; x_wconf 77' lang='lat' dir='ltr'>‘uuus</span> <span class='ocrx_word' id='word_1_88' title='bbox 704 1633 828 1713; x_wconf 90' lang='lat' dir='ltr'>plures</span> <span class='ocrx_word' id='word_1_89' title='bbox 855 1633 1076 1712; x_wconf 90' lang='lat' dir='ltr'>praedonum</span> <span class='ocrx_word' id='word_1_90' title='bbox 1103 1634 1216 1694; x_wconf 88' lang='lat' dir='ltr'>duces</span> <span class='ocrx_word' id='word_1_91' title='bbox 1244 1636 1342 1714; x_wconf 91' lang='lat' dir='ltr'>cepit</span> <span class='ocrx_word' id='word_1_92' title='bbox 1368 1632 1521 1695; x_wconf 90' lang='lat' dir='ltr'>Publius</span> <span class='ocrx_word' id='word_1_93' title='bbox 1603 1676 1608 1688; x_wconf 91' lang='lat'><strong>.</strong></span> 
     </span>
     <span class='ocr_line' id='line_1_14' title="bbox 217 1735 1520 1822; baseline 0.001 -23"><span class='ocrx_word' id='word_1_94' title='bbox 217 1739 396 1802; x_wconf 86' lang='lat' dir='ltr'>Servilius</span> <span class='ocrx_word' id='word_1_95' title='bbox 424 1760 525 1820; x_wconf 93' lang='lat' dir='ltr'>quam</span> <span class='ocrx_word' id='word_1_96' title='bbox 553 1735 692 1802; x_wconf 88' lang='lat' dir='ltr'>ceteri&#39;.</span> <span class='ocrx_word' id='word_1_97' title='bbox 730 1741 888 1820; x_wconf 88' lang='lat' dir='ltr'>positivum</span> <span class='ocrx_word' id='word_1_98' title='bbox 918 1739 1008 1802; x_wconf 90' lang='lat' dir='ltr'>habet</span> <span class='ocrx_word' id='word_1_99' title='bbox 1035 1737 1166 1822; x_wconf 73' lang='lat' dir='ltr'>‘multi&#39;,</span> <span class='ocrx_word' id='word_1_100' title='bbox 1194 1740 1406 1821; x_wconf 79' lang='lat' dir='ltr'>superlativum</span> <span class='ocrx_word' id='word_1_101' title='bbox 1440 1736 1520 1820; x_wconf 75' lang='lat' dir='ltr'>‘plu-</span> 
     </span>
     <span class='ocr_line' id='line_1_15' title="bbox 217 1842 1230 1928; baseline 0.002 -22"><span class='ocrx_word' id='word_1_102' title='bbox 217 1842 309 1907; x_wconf 92' lang='lat' dir='ltr'>rimi&#39;.</span> <span class='ocrx_word' id='word_1_103' title='bbox 348 1850 427 1928; x_wconf 91' lang='lat' dir='ltr'>cepit</span> <span class='ocrx_word' id='word_1_104' title='bbox 449 1848 486 1908; x_wconf 93' lang='lat' dir='ltr'>de</span> <span class='ocrx_word' id='word_1_105' title='bbox 510 1847 666 1928; x_wconf 90' lang='lat' dir='ltr'>capiendo,</span> <span class='ocrx_word' id='word_1_106' title='bbox 690 1849 788 1926; x_wconf 87' lang='lat' dir='ltr'>coepit</span> <span class='ocrx_word' id='word_1_107' title='bbox 810 1847 847 1907; x_wconf 91' lang='lat' dir='ltr'>de</span> <span class='ocrx_word' id='word_1_108' title='bbox 871 1847 1039 1927; x_wconf 89' lang='lat' dir='ltr'>incipiendo</span> <span class='ocrx_word' id='word_1_109' title='bbox 1063 1846 1230 1908; x_wconf 89' lang='lat' dir='ltr'>scribimus.</span> 
     </span>
    </p>

    <p class='ocr_par' dir='ltr' id='par_1_7' title="bbox 215 1952 1560 2354">
     <span class='ocr_line' id='line_1_16' title="bbox 305 1952 1518 2034; baseline 0.003 -22"><span class='ocrx_word' id='word_1_110' title='bbox 305 1953 435 2034; x_wconf 87' lang='lat' dir='ltr'>Vterque</span> <span class='ocrx_word' id='word_1_111' title='bbox 459 1954 496 2015; x_wconf 88' lang='lat' dir='ltr'>de</span> <span class='ocrx_word' id='word_1_112' title='bbox 519 1953 636 2015; x_wconf 90' lang='lat' dir='ltr'>duobus</span> <span class='ocrx_word' id='word_1_113' title='bbox 659 1953 795 2034; x_wconf 85' lang='lat' dir='ltr'>dicimus,</span> <span class='ocrx_word' id='word_1_114' title='bbox 818 1954 937 2032; x_wconf 90' lang='lat' dir='ltr'>utrique</span> <span class='ocrx_word' id='word_1_115' title='bbox 961 1953 998 2014; x_wconf 88' lang='lat' dir='ltr'>de</span> <span class='ocrx_word' id='word_1_116' title='bbox 1017 1952 1094 2014; x_wconf 90' lang='lat' dir='ltr'>blois</span> <span class='ocrx_word' id='word_1_117' title='bbox 1113 1962 1164 2015; x_wconf 87' lang='lat' dir='ltr'>aut</span> <span class='ocrx_word' id='word_1_118' title='bbox 1181 1953 1318 2034; x_wconf 87' lang='lat' dir='ltr'>pluribus</span> <span class='ocrx_word' id='word_1_119' title='bbox 1337 1973 1373 2015; x_wconf 84' lang='lat' dir='ltr'>ex</span> <span class='ocrx_word' id='word_1_120' title='bbox 1392 1963 1518 2034; x_wconf 86' lang='lat' dir='ltr'>utraque</span> 
     </span>
     <span class='ocr_line' id='line_1_17' title="bbox 215 2055 1560 2141; baseline -0.001 -20"><span class='ocrx_word' id='word_1_121' title='bbox 215 2068 299 2141; x_wconf 89' lang='lat' dir='ltr'>parte</span> <span class='ocrx_word' id='word_1_122' title='bbox 331 2062 452 2141; x_wconf 91' lang='lat' dir='ltr'>positis,</span> <span class='ocrx_word' id='word_1_123' title='bbox 488 2068 614 2140; x_wconf 88' lang='lat' dir='ltr'>uterque</span> <span class='ocrx_word' id='word_1_124' title='bbox 647 2062 742 2141; x_wconf 87' lang='lat' dir='ltr'>venit,</span> <span class='ocrx_word' id='word_1_125' title='bbox 784 2061 904 2138; x_wconf 88' lang='lat' dir='ltr'>utrique</span> <span class='ocrx_word' id='word_1_126' title='bbox 941 2061 1076 2121; x_wconf 88' lang='lat' dir='ltr'>veniunt:</span> <span class='ocrx_word' id='word_1_127' title='bbox 1111 2059 1215 2121; x_wconf 87' lang='lat' dir='ltr'>Cicero</span> <span class='ocrx_word' id='word_1_128' title='bbox 1248 2055 1369 2122; x_wconf 80' lang='lat' dir='ltr'>‘iubeo</span> <span class='ocrx_word' id='word_1_129' title='bbox 1406 2065 1520 2141; x_wconf 90' lang='lat' dir='ltr'>promi</span> <span class='ocrx_word' id='word_1_130' title='bbox 1536 2081 1560 2120; x_wconf 81' lang='lat' dir='ltr'>ia</span> 
     </span>
     <span class='ocr_line' id='line_1_18' title="bbox 215 2160 1520 2251; baseline 0 -22"><span class='ocrx_word' id='word_1_131' title='bbox 215 2175 407 2249; x_wconf 91' lang='lat' dir='ltr'>utrosque,</span> <span class='ocrx_word' id='word_1_132' title='bbox 437 2166 542 2227; x_wconf 88' lang='lat' dir='ltr'>binos</span> <span class='ocrx_word' id='word_1_133' title='bbox 572 2160 774 2246; x_wconf 89' lang='lat' dir='ltr'>babebam&#39;,</span> <span class='ocrx_word' id='word_1_134' title='bbox 809 2168 877 2244; x_wconf 92' lang='lat' dir='ltr'>quia</span> <span class='ocrx_word' id='word_1_135' title='bbox 907 2165 1046 2245; x_wconf 86' lang='lat' dir='ltr'>llelphica</span> <span class='ocrx_word' id='word_1_136' title='bbox 1078 2185 1145 2226; x_wconf 88' lang='lat' dir='ltr'>vasa</span> <span class='ocrx_word' id='word_1_137' title='bbox 1175 2168 1256 2246; x_wconf 87' lang='lat' dir='ltr'>paria</span> <span class='ocrx_word' id='word_1_138' title='bbox 1289 2186 1408 2248; x_wconf 92' lang='lat' dir='ltr'>semper</span> <span class='ocrx_word' id='word_1_139' title='bbox 1441 2177 1520 2251; x_wconf 92' lang='lat' dir='ltr'>suut,</span> 
     </span>
     <span class='ocr_line' id='line_1_19' title="bbox 216 2268 1276 2354; baseline 0 -20"><span class='ocrx_word' id='word_1_140' title='bbox 216 2274 295 2335; x_wconf 90' lang='lat' dir='ltr'>uude</span> <span class='ocrx_word' id='word_1_141' title='bbox 319 2277 382 2354; x_wconf 93' lang='lat' dir='ltr'>ipse</span> <span class='ocrx_word' id='word_1_142' title='bbox 407 2273 510 2335; x_wconf 89' lang='lat' dir='ltr'>Cicero</span> <span class='ocrx_word' id='word_1_143' title='bbox 535 2269 694 2334; x_wconf 76' lang='lat' dir='ltr'>‘dicebat</span> <span class='ocrx_word' id='word_1_144' title='bbox 717 2270 930 2351; x_wconf 80' lang='lat' dir='ltr'>scyphorum</span> <span class='ocrx_word' id='word_1_145' title='bbox 953 2274 1054 2351; x_wconf 92' lang='lat' dir='ltr'>paria</span> <span class='ocrx_word' id='word_1_146' title='bbox 1078 2268 1276 2352; x_wconf 88' lang='lat' dir='ltr'>conplura&#39;.</span> 
     </span>
    </p>

    <p class='ocr_par' dir='ltr' id='par_1_8' title="bbox 213 2373 1517 2568">
     <span class='ocr_line' id='line_1_20' title="bbox 305 2373 1517 2468; baseline -0.002 -26"><span class='ocrx_word' id='word_1_147' title='bbox 305 2380 466 2452; x_wconf 84' lang='lat' dir='ltr'>Quaeritur</span> <span class='ocrx_word' id='word_1_148' title='bbox 490 2379 526 2440; x_wconf 89' lang='lat' dir='ltr'>de</span> <span class='ocrx_word' id='word_1_149' title='bbox 549 2378 736 2458; x_wconf 89' lang='lat' dir='ltr'>inquirendo,</span> <span class='ocrx_word' id='word_1_150' title='bbox 760 2380 897 2468; x_wconf 87' lang='lat' dir='ltr'>queritur</span> <span class='ocrx_word' id='word_1_151' title='bbox 920 2377 957 2438; x_wconf 93' lang='lat' dir='ltr'>de</span> <span class='ocrx_word' id='word_1_152' title='bbox 980 2378 1164 2458; x_wconf 87' lang='lat' dir='ltr'>implorando</span> <span class='ocrx_word' id='word_1_153' title='bbox 1188 2379 1355 2442; x_wconf 88' lang='lat' dir='ltr'>scribimus.</span> <span class='ocrx_word' id='word_1_154' title='bbox 1392 2382 1435 2441; x_wconf 84' lang='lat' dir='ltr'>sic</span> <span class='ocrx_word' id='word_1_155' title='bbox 1458 2390 1488 2440; x_wconf 95' lang='lat' dir='ltr'>et</span> <span class='ocrx_word' id='word_1_156' title='bbox 1513 2373 1517 2461; x_wconf 80' lang='lat' dir='ltr'>l</span> 
     </span>
     <span class='ocr_line' id='line_1_21' title="bbox 213 2485 1325 2568; baseline -0.01 -18"><span class='ocrx_word' id='word_1_157' title='bbox 213 2497 355 2568; x_wconf 85' lang='lat' dir='ltr'>quaestus</span> <span class='ocrx_word' id='word_1_158' title='bbox 378 2489 467 2568; x_wconf 91' lang='lat' dir='ltr'>lucri,</span> <span class='ocrx_word' id='word_1_159' title='bbox 492 2495 615 2567; x_wconf 89' lang='lat' dir='ltr'>questus</span> <span class='ocrx_word' id='word_1_160' title='bbox 638 2486 835 2546; x_wconf 89' lang='lat' dir='ltr'>lacrimarum.</span> <span class='ocrx_word' id='word_1_161' title='bbox 1320 2485 1325 2497; x_wconf 84' lang='lat'><em>&#39;</em></span> 
     </span>
    </p>

    <p class='ocr_par' dir='ltr' id='par_1_9' title="bbox 213 2589 1557 2887">
     <span class='ocr_line' id='line_1_22' title="bbox 300 2589 1557 2674; baseline -0.002 -19"><span class='ocrx_word' id='word_1_162' title='bbox 300 2594 444 2656; x_wconf 90' lang='lat' dir='ltr'>Poculum</span> <span class='ocrx_word' id='word_1_163' title='bbox 474 2613 524 2654; x_wconf 90' lang='lat' dir='ltr'>vas</span> <span class='ocrx_word' id='word_1_164' title='bbox 555 2601 613 2674; x_wconf 88' lang='lat' dir='ltr'>est,</span> <span class='ocrx_word' id='word_1_165' title='bbox 643 2594 724 2672; x_wconf 90' lang='lat' dir='ltr'>potio</span> <span class='ocrx_word' id='word_1_166' title='bbox 755 2591 834 2670; x_wconf 92' lang='lat' dir='ltr'>quod</span> <span class='ocrx_word' id='word_1_167' title='bbox 864 2590 1019 2652; x_wconf 88' lang='lat' dir='ltr'>hauritur:</span> <span class='ocrx_word' id='word_1_168' title='bbox 1054 2591 1158 2654; x_wconf 83' lang='lat' dir='ltr'>Cicero</span> <span class='ocrx_word' id='word_1_169' title='bbox 1189 2589 1353 2674; x_wconf 80' lang='lat' dir='ltr'>‘accepto</span> <span class='ocrx_word' id='word_1_170' title='bbox 1387 2592 1557 2673; x_wconf 78' lang='lat' dir='ltr'>poculoro</span> 
     </span>
     <span class='ocr_line' id='line_1_23' title="bbox 213 2692 1516 2783; baseline -0.002 -21"><span class='ocrx_word' id='word_1_171' title='bbox 213 2700 338 2763; x_wconf 89' lang='lat' dir='ltr'>subito</span> <span class='ocrx_word' id='word_1_172' title='bbox 357 2704 392 2762; x_wconf 91' lang='lat' dir='ltr'>iu</span> <span class='ocrx_word' id='word_1_173' title='bbox 411 2701 525 2762; x_wconf 91' lang='lat' dir='ltr'>media</span> <span class='ocrx_word' id='word_1_174' title='bbox 544 2702 693 2780; x_wconf 90' lang='lat' dir='ltr'>potione</span> <span class='ocrx_word' id='word_1_175' title='bbox 713 2692 953 2759; x_wconf 82' lang='lat' dir='ltr'>exclamavit&#39;.</span> <span class='ocrx_word' id='word_1_176' title='bbox 993 2693 1192 2761; x_wconf 78' lang='lat' dir='ltr'>‘dimidiatum</span> <span class='ocrx_word' id='word_1_177' title='bbox 1212 2702 1334 2762; x_wconf 88' lang='lat' dir='ltr'>calicem</span> <span class='ocrx_word' id='word_1_178' title='bbox 1352 2695 1438 2783; x_wconf 92' lang='lat' dir='ltr'>bibi&#39;,</span> <span class='ocrx_word' id='word_1_179' title='bbox 1458 2719 1516 2761; x_wconf 88' lang='lat' dir='ltr'>uon</span> 
     </span>
     <span class='ocr_line' id='line_1_24' title="bbox 213 2803 1517 2887; baseline -0.002 -18"><span class='ocrx_word' id='word_1_180' title='bbox 213 2808 367 2869; x_wconf 91' lang='lat' dir='ltr'>dimidium</span> <span class='ocrx_word' id='word_1_181' title='bbox 383 2808 481 2869; x_wconf 92' lang='lat' dir='ltr'>dicere</span> <span class='ocrx_word' id='word_1_182' title='bbox 497 2806 649 2868; x_wconf 88' lang='lat' dir='ltr'>debemus.</span> <span class='ocrx_word' id='word_1_183' title='bbox 686 2824 746 2865; x_wconf 90' lang='lat' dir='ltr'>nou</span> <span class='ocrx_word' id='word_1_184' title='bbox 762 2806 840 2864; x_wconf 90' lang='lat' dir='ltr'>euim</span> <span class='ocrx_word' id='word_1_185' title='bbox 856 2805 954 2882; x_wconf 91' lang='lat' dir='ltr'>ipsum</span> <span class='ocrx_word' id='word_1_186' title='bbox 969 2822 1018 2863; x_wconf 88' lang='lat' dir='ltr'>vas</span> <span class='ocrx_word' id='word_1_187' title='bbox 1032 2803 1123 2887; x_wconf 91' lang='lat' dir='ltr'>bibis,</span> <span class='ocrx_word' id='word_1_188' title='bbox 1144 2807 1195 2868; x_wconf 89' lang='lat' dir='ltr'>sed</span> <span class='ocrx_word' id='word_1_189' title='bbox 1211 2808 1289 2887; x_wconf 91' lang='lat' dir='ltr'>quod</span> <span class='ocrx_word' id='word_1_190' title='bbox 1308 2811 1385 2869; x_wconf 91' lang='lat' dir='ltr'>intra</span> <span class='ocrx_word' id='word_1_191' title='bbox 1399 2825 1449 2868; x_wconf 90' lang='lat' dir='ltr'>vas</span> <span class='ocrx_word' id='word_1_192' title='bbox 1463 2815 1517 2868; x_wconf 91' lang='lat' dir='ltr'>est.</span> 
     </span>
    </p>

    <p class='ocr_par' dir='ltr' id='par_1_10' title="bbox 302 2911 1516 2996">
     <span class='ocr_line' id='line_1_25' title="bbox 302 2911 1516 2996; baseline -0.003 -19"><span class='ocrx_word' id='word_1_193' title='bbox 302 2914 379 2976; x_wconf 88' lang='lat' dir='ltr'>Olim</span> <span class='ocrx_word' id='word_1_194' title='bbox 402 2923 433 2977; x_wconf 86' lang='lat' dir='ltr'>ct</span> <span class='ocrx_word' id='word_1_195' title='bbox 455 2914 603 2994; x_wconf 88' lang='lat' dir='ltr'>quondam</span> <span class='ocrx_word' id='word_1_196' title='bbox 626 2919 658 2974; x_wconf 90' lang='lat' dir='ltr'>et</span> <span class='ocrx_word' id='word_1_197' title='bbox 680 2911 836 2991; x_wconf 87' lang='lat' dir='ltr'>aliquando</span> <span class='ocrx_word' id='word_1_198' title='bbox 868 2913 925 2971; x_wconf 89' lang='lat' dir='ltr'>tria</span> <span class='ocrx_word' id='word_1_199' title='bbox 949 2919 1081 2991; x_wconf 91' lang='lat' dir='ltr'>tempora</span> <span class='ocrx_word' id='word_1_200' title='bbox 1105 2923 1218 2977; x_wconf 89' lang='lat' dir='ltr'>teuent.</span> <span class='ocrx_word' id='word_1_201' title='bbox 1260 2917 1413 2996; x_wconf 85' lang='lat' dir='ltr'>praeteriti</span> <span class='ocrx_word' id='word_1_202' title='bbox 1443 2923 1516 2975; x_wconf 93' lang='lat' dir='ltr'>tem·</span> 
     </span>
    </p>
   </div>
   <div class='ocr_carea' id='block_1_3' title="bbox 206 3064 1614 4920">
    <p class='ocr_par' dir='ltr' id='par_1_11' title="bbox 206 3064 1614 4444">
     <span class='ocr_line' id='line_1_26' title="bbox 301 3064 1518 3139; baseline -0.002 -15"><span class='ocrx_word' id='word_1_203' title='bbox 301 3077 314 3124; x_wconf 91' lang='lat'>1</span> <span class='ocrx_word' id='word_1_204' title='bbox 339 3071 349 3124; x_wconf 95' lang='lat' dir='ltr'>i</span> <span class='ocrx_word' id='word_1_205' title='bbox 372 3069 464 3125; x_wconf 85' lang='lat' dir='ltr'>brevis</span> <span class='ocrx_word' id='word_1_206' title='bbox 487 3069 542 3139; x_wconf 85' lang='lat' dir='ltr'>est]</span> <span class='ocrx_word' id='word_1_207' title='bbox 567 3086 582 3123; x_wconf 90' lang='lat' dir='ltr'>e</span> <span class='ocrx_word' id='word_1_208' title='bbox 605 3066 697 3123; x_wconf 89' lang='lat' dir='ltr'>breuis</span> <span class='ocrx_word' id='word_1_209' title='bbox 720 3066 763 3121; x_wconf 82' lang='lat' dir='ltr'>eat</span> <span class='ocrx_word' id='word_1_210' title='bbox 782 3065 819 3118; x_wconf 98' lang='lat' dir='ltr'><em>M</em></span> <span class='ocrx_word' id='word_1_211' title='bbox 841 3081 856 3118; x_wconf 87' lang='lat' dir='ltr'>e</span> <span class='ocrx_word' id='word_1_212' title='bbox 879 3064 965 3119; x_wconf 86' lang='lat' dir='ltr'>breue</span> <span class='ocrx_word' id='word_1_213' title='bbox 988 3067 1075 3121; x_wconf 83' lang='lat' dir='ltr'>estC</span> <span class='ocrx_word' id='word_1_214' title='bbox 1097 3070 1127 3123; x_wconf 88' lang='lat' dir='ltr'>et</span> <span class='ocrx_word' id='word_1_215' title='bbox 1149 3068 1242 3124; x_wconf 88' lang='lat' dir='ltr'>breuis</span> <span class='ocrx_word' id='word_1_216' title='bbox 1260 3072 1305 3125; x_wconf 84' lang='lat' dir='ltr'>est</span> <span class='ocrx_word' id='word_1_217' title='bbox 1321 3069 1373 3138; x_wconf 86' lang='lat' dir='ltr'>Bp</span> <span class='ocrx_word' id='word_1_218' title='bbox 1446 3073 1462 3120; x_wconf 99' lang='grc'><strong>2</strong></span> <span class='ocrx_word' id='word_1_219' title='bbox 1488 3070 1518 3121; x_wconf 91' lang='lat' dir='ltr'>et</span> 
     </span>
     <span class='ocr_line' id='line_1_27' title="bbox 213 3144 1517 3220; baseline -0.002 -16"><span class='ocrx_word' id='word_1_220' title='bbox 213 3155 277 3204; x_wconf 76' lang='lat' dir='ltr'>uate</span> <span class='ocrx_word' id='word_1_221' title='bbox 294 3149 428 3205; x_wconf 87' lang='lat' dir='ltr'>fuerimus</span> <span class='ocrx_word' id='word_1_222' title='bbox 442 3166 492 3204; x_wconf 83' lang='lat' dir='ltr'>om.</span> <span class='ocrx_word' id='word_1_223' title='bbox 507 3150 558 3217; x_wconf 88' lang='lat' dir='ltr'>Bp</span> <span class='ocrx_word' id='word_1_224' title='bbox 630 3150 756 3218; x_wconf 86' lang='lat' dir='ltr'>tempore</span> <span class='ocrx_word' id='word_1_225' title='bbox 774 3148 868 3201; x_wconf 82' lang='lat' dir='ltr'>tuturo</span> <span class='ocrx_word' id='word_1_226' title='bbox 882 3147 912 3200; x_wconf 89' lang='lat' dir='ltr'>et</span> <span class='ocrx_word' id='word_1_227' title='bbox 928 3144 1016 3217; x_wconf 78' lang='lat' dir='ltr'>longa</span> <span class='ocrx_word' id='word_1_228' title='bbox 1032 3149 1076 3203; x_wconf 85' lang='lat' dir='ltr'>est</span> <span class='ocrx_word' id='word_1_229' title='bbox 1093 3148 1122 3204; x_wconf 92' lang='lat' dir='ltr'>in</span> <span class='ocrx_word' id='word_1_230' title='bbox 1136 3150 1222 3205; x_wconf 86' lang='lat' dir='ltr'>uerbo</span> <span class='ocrx_word' id='word_1_231' title='bbox 1239 3149 1350 3220; x_wconf 87' lang='lat' dir='ltr'>passiuo</span> <span class='ocrx_word' id='word_1_232' title='bbox 1368 3149 1517 3203; x_wconf 86' lang='lat' dir='ltr'>indicatiui</span> 
     </span>
     <span class='ocr_line' id='line_1_28' title="bbox 211 3225 1517 3300; baseline -0.002 -15"><span class='ocrx_word' id='word_1_233' title='bbox 211 3229 288 3285; x_wconf 89' lang='lat' dir='ltr'>modi</span> <span class='ocrx_word' id='word_1_234' title='bbox 307 3231 402 3299; x_wconf 88' lang='lat' dir='ltr'>(modo</span> <span class='ocrx_word' id='word_1_235' title='bbox 420 3246 489 3286; x_wconf 75' lang='lat' dir='ltr'>corr.</span> <span class='ocrx_word' id='word_1_236' title='bbox 509 3229 552 3285; x_wconf 90' lang='lat' dir='ltr'>-di</span> <span class='ocrx_word' id='word_1_237' title='bbox 572 3229 605 3297; x_wconf 83' lang='lat' dir='ltr'>C)</span> <span class='ocrx_word' id='word_1_238' title='bbox 624 3227 757 3298; x_wconf 85' lang='lat' dir='ltr'>temporis</span> <span class='ocrx_word' id='word_1_239' title='bbox 776 3227 863 3283; x_wconf 85' lang='lat' dir='ltr'>futuri</span> <span class='ocrx_word' id='word_1_240' title='bbox 881 3227 959 3282; x_wconf 79' lang='lat' dir='ltr'>dictu</span> <span class='ocrx_word' id='word_1_241' title='bbox 977 3225 1078 3281; x_wconf 87' lang='lat' dir='ltr'>diceris</span> <span class='ocrx_word' id='word_1_242' title='bbox 1099 3229 1136 3282; x_wconf 90' lang='lat' dir='ltr'><em>M</em></span> <span class='ocrx_word' id='word_1_243' title='bbox 1141 3229 1175 3300; x_wconf 79' lang='lat'>0,</span> <span class='ocrx_word' id='word_1_244' title='bbox 1198 3232 1244 3286; x_wconf 79' lang='lat' dir='ltr'>aad</span> <span class='ocrx_word' id='word_1_245' title='bbox 1262 3234 1292 3287; x_wconf 91' lang='lat' dir='ltr'>et</span> <span class='ocrx_word' id='word_1_246' title='bbox 1309 3263 1343 3272; x_wconf 91' lang='lat'>—</span> <span class='ocrx_word' id='word_1_247' title='bbox 1362 3229 1462 3285; x_wconf 84' lang='lat' dir='ltr'>diceris</span> <span class='ocrx_word' id='word_1_248' title='bbox 1485 3230 1517 3282; x_wconf 81' lang='lat' dir='ltr'>in</span> 
     </span>
     <span class='ocr_line' id='line_1_29' title="bbox 210 3306 1516 3384; baseline -0.002 -19"><span class='ocrx_word' id='word_1_249' title='bbox 210 3327 312 3365; x_wconf 78' lang='lat' dir='ltr'>rasura</span> <span class='ocrx_word' id='word_1_250' title='bbox 324 3315 448 3380; x_wconf 77' lang='lat' dir='ltr'>aequente</span> <span class='ocrx_word' id='word_1_251' title='bbox 457 3316 514 3365; x_wconf 88' lang='lat' dir='ltr'>octo</span> <span class='ocrx_word' id='word_1_252' title='bbox 528 3311 584 3377; x_wconf 72' lang='lat' dir='ltr'>fere</span> <span class='ocrx_word' id='word_1_253' title='bbox 597 3311 752 3365; x_wconf 68' lang='lat' dir='ltr'>litterarum</span> <span class='ocrx_word' id='word_1_254' title='bbox 764 3310 854 3378; x_wconf 78' lang='lat' dir='ltr'>spatio</span> <span class='ocrx_word' id='word_1_255' title='bbox 865 3307 911 3374; x_wconf 90' lang='lat' dir='ltr'>M,</span> <span class='ocrx_word' id='word_1_256' title='bbox 922 3309 1049 3375; x_wconf 88' lang='lat' dir='ltr'>tempore</span> <span class='ocrx_word' id='word_1_257' title='bbox 1061 3306 1156 3364; x_wconf 84' lang='lat' dir='ltr'>tuturo</span> <span class='ocrx_word' id='word_1_258' title='bbox 1170 3313 1200 3366; x_wconf 88' lang='lat' dir='ltr'>et</span> <span class='ocrx_word' id='word_1_259' title='bbox 1213 3311 1299 3384; x_wconf 81' lang='lat' dir='ltr'>longa</span> <span class='ocrx_word' id='word_1_260' title='bbox 1313 3315 1356 3367; x_wconf 80' lang='lat' dir='ltr'>eat</span> <span class='ocrx_word' id='word_1_261' title='bbox 1369 3327 1433 3365; x_wconf 90' lang='lat' dir='ltr'>cum</span> <span class='ocrx_word' id='word_1_262' title='bbox 1442 3308 1516 3363; x_wconf 90' lang='lat' dir='ltr'>dice-</span> 
     </span>
     <span class='ocr_line' id='line_1_30' title="bbox 213 3384 1517 3462; baseline 0.001 -18"><span class='ocrx_word' id='word_1_263' title='bbox 213 3390 252 3444; x_wconf 83' lang='lat' dir='ltr'>ris</span> <span class='ocrx_word' id='word_1_264' title='bbox 272 3389 388 3459; x_wconf 86' lang='lat' dir='ltr'>(diceres</span> <span class='ocrx_word' id='word_1_265' title='bbox 403 3392 437 3460; x_wconf 82' lang='lat' dir='ltr'>p)</span> <span class='ocrx_word' id='word_1_266' title='bbox 459 3391 545 3446; x_wconf 85' lang='lat' dir='ltr'>uerbo</span> <span class='ocrx_word' id='word_1_267' title='bbox 564 3389 656 3445; x_wconf 84' lang='lat' dir='ltr'>actiuo</span> <span class='ocrx_word' id='word_1_268' title='bbox 679 3387 859 3444; x_wconf 87' lang='lat' dir='ltr'>coniunctiuo</span> <span class='ocrx_word' id='word_1_269' title='bbox 886 3385 968 3440; x_wconf 90' lang='lat' dir='ltr'>modo</span> <span class='ocrx_word' id='word_1_270' title='bbox 992 3384 1093 3441; x_wconf 86' lang='lat' dir='ltr'>diceris</span> <span class='ocrx_word' id='word_1_271' title='bbox 1118 3391 1202 3447; x_wconf 88' lang='lat' dir='ltr'>uerbo</span> <span class='ocrx_word' id='word_1_272' title='bbox 1225 3391 1337 3462; x_wconf 84' lang='lat' dir='ltr'>passiuo</span> <span class='ocrx_word' id='word_1_273' title='bbox 1363 3389 1517 3445; x_wconf 88' lang='lat' dir='ltr'>indicatiuo</span> 
     </span>
     <span class='ocr_line' id='line_1_31' title="bbox 209 3466 1518 3545; baseline -0.001 -20"><span class='ocrx_word' id='word_1_274' title='bbox 209 3470 293 3525; x_wconf 86' lang='lat' dir='ltr'>modo</span> <span class='ocrx_word' id='word_1_275' title='bbox 316 3471 375 3540; x_wconf 85' lang='lat' dir='ltr'>Bp.</span> <span class='ocrx_word' id='word_1_276' title='bbox 404 3470 534 3523; x_wconf 80' lang='lat' dir='ltr'>lacunam</span> <span class='ocrx_word' id='word_1_277' title='bbox 555 3469 692 3534; x_wconf 78' lang='lat' dir='ltr'>indicavi,</span> <span class='ocrx_word' id='word_1_278' title='bbox 714 3469 746 3523; x_wconf 81' lang='lat' dir='ltr'>ia</span> <span class='ocrx_word' id='word_1_279' title='bbox 768 3486 824 3538; x_wconf 79' lang='lat' dir='ltr'>qua</span> <span class='ocrx_word' id='word_1_280' title='bbox 847 3466 981 3537; x_wconf 63' lang='lat' dir='ltr'>quaem</span> <span class='ocrx_word' id='word_1_281' title='bbox 1005 3468 1136 3523; x_wconf 62' lang='lat' dir='ltr'>audisse</span> <span class='ocrx_word' id='word_1_282' title='bbox 1159 3470 1289 3545; x_wconf 53' lang='lat' dir='ltr'>vitientur</span> <span class='ocrx_word' id='word_1_283' title='bbox 1310 3473 1344 3527; x_wconf 84' lang='lat' dir='ltr'>dc</span> <span class='ocrx_word' id='word_1_284' title='bbox 1361 3471 1518 3540; x_wconf 74' lang='lat' dir='ltr'>differentia</span> 
     </span>
     <span class='ocr_line' id='line_1_32' title="bbox 209 3544 1517 3620; baseline -0.002 -14"><span class='ocrx_word' id='word_1_285' title='bbox 209 3553 337 3620; x_wconf 81' lang='lat' dir='ltr'>temporis</span> <span class='ocrx_word' id='word_1_286' title='bbox 355 3549 509 3620; x_wconf 70' lang='lat' dir='ltr'>praeteritio</span> <span class='ocrx_word' id='word_1_287' title='bbox 532 3549 671 3615; x_wconf 71' lang='lat' dir='ltr'>atsaiwi</span> <span class='ocrx_word' id='word_1_288' title='bbox 693 3550 725 3603; x_wconf 81' lang='lat' dir='ltr'>in</span> <span class='ocrx_word' id='word_1_289' title='bbox 749 3550 838 3603; x_wconf 84' lang='lat' dir='ltr'>activo</span> <span class='ocrx_word' id='word_1_290' title='bbox 860 3547 955 3613; x_wconf 85' lang='lat' dir='ltr'>verbo,</span> <span class='ocrx_word' id='word_1_291' title='bbox 977 3544 1041 3601; x_wconf 88' lang='lat' dir='ltr'>dico</span> <span class='ocrx_word' id='word_1_292' title='bbox 1067 3547 1137 3604; x_wconf 87' lang='lat' dir='ltr'>dieis</span> <span class='ocrx_word' id='word_1_293' title='bbox 1160 3557 1185 3605; x_wconf 83' lang='lat' dir='ltr'>et</span> <span class='ocrx_word' id='word_1_294' title='bbox 1208 3552 1300 3608; x_wconf 84' lang='lat' dir='ltr'>dicam</span> <span class='ocrx_word' id='word_1_295' title='bbox 1323 3552 1409 3620; x_wconf 84' lang='lat' dir='ltr'>dices,</span> <span class='ocrx_word' id='word_1_296' title='bbox 1438 3557 1463 3605; x_wconf 83' lang='lat' dir='ltr'>et</span> <span class='ocrx_word' id='word_1_297' title='bbox 1486 3553 1517 3604; x_wconf 82' lang='lat' dir='ltr'>ia</span> 
     </span>
     <span class='ocr_line' id='line_1_33' title="bbox 206 3625 1445 3704; baseline -0.001 -18"><span class='ocrx_word' id='word_1_298' title='bbox 206 3632 318 3700; x_wconf 80' lang='lat' dir='ltr'>passivo</span> <span class='ocrx_word' id='word_1_299' title='bbox 336 3630 428 3698; x_wconf 84' lang='lat' dir='ltr'>acrba,</span> <span class='ocrx_word' id='word_1_300' title='bbox 448 3626 525 3681; x_wconf 91' lang='lat' dir='ltr'>dicor</span> <span class='ocrx_word' id='word_1_301' title='bbox 543 3627 644 3684; x_wconf 86' lang='lat' dir='ltr'>diceris</span> <span class='ocrx_word' id='word_1_302' title='bbox 662 3635 688 3684; x_wconf 81' lang='lat' dir='ltr'>ct</span> <span class='ocrx_word' id='word_1_303' title='bbox 706 3629 784 3683; x_wconf 89' lang='lat' dir='ltr'>dicar</span> <span class='ocrx_word' id='word_1_304' title='bbox 802 3625 902 3683; x_wconf 89' lang='lat' dir='ltr'>diceris</span> <span class='ocrx_word' id='word_1_305' title='bbox 983 3632 1001 3680; x_wconf 84' lang='lat'>4</span> <span class='ocrx_word' id='word_1_306' title='bbox 1018 3626 1200 3704; x_wconf 89' lang='lat' dir='ltr'>admiramur]</span> <span class='ocrx_word' id='word_1_307' title='bbox 1219 3633 1400 3688; x_wconf 82' lang='lat' dir='ltr'>ammiramur</span> <span class='ocrx_word' id='word_1_308' title='bbox 1417 3632 1445 3685; x_wconf 91' lang='grc' dir='ltr'><strong><em>Β</em></strong></span> 
     </span>
     <span class='ocr_line' id='line_1_34' title="bbox 210 3705 1516 3798; baseline 0 -15"><span class='ocrx_word' id='word_1_309' title='bbox 210 3735 226 3782; x_wconf 79' lang='grc' dir='ltr'>ὃ</span> <span class='ocrx_word' id='word_1_310' title='bbox 244 3728 370 3783; x_wconf 79' lang='lat' dir='ltr'>imferius</span> <span class='ocrx_word' id='word_1_311' title='bbox 390 3728 429 3781; x_wconf 88' lang='grc' dir='ltr'><strong>Μ</strong></span> <span class='ocrx_word' id='word_1_312' title='bbox 489 3735 505 3781; x_wconf 86' lang='grc'><strong>6</strong></span> <span class='ocrx_word' id='word_1_313' title='bbox 523 3705 668 3783; x_wconf 75' lang='lat' dir='ltr'>inabruum</span> <span class='ocrx_word' id='word_1_314' title='bbox 688 3728 716 3780; x_wconf 98' lang='grc' dir='ltr'><strong><em>Β</em></strong></span> <span class='ocrx_word' id='word_1_315' title='bbox 793 3732 808 3780; x_wconf 83' lang='lat' dir='ltr'>‘t</span> <span class='ocrx_word' id='word_1_316' title='bbox 832 3724 970 3780; x_wconf 86' lang='lat' dir='ltr'>exercitus</span> <span class='ocrx_word' id='word_1_317' title='bbox 994 3724 1097 3780; x_wconf 84' lang='lat' dir='ltr'>laboris</span> <span class='ocrx_word' id='word_1_318' title='bbox 1121 3729 1200 3797; x_wconf 80' lang='lat' dir='ltr'>(corr.</span> <span class='ocrx_word' id='word_1_319' title='bbox 1221 3729 1308 3798; x_wconf 71' lang='lat' dir='ltr'>ibus)</span> <span class='ocrx_word' id='word_1_320' title='bbox 1326 3731 1357 3785; x_wconf 89' lang='lat' dir='ltr'>et</span> <span class='ocrx_word' id='word_1_321' title='bbox 1378 3729 1516 3784; x_wconf 82' lang='lat' dir='ltr'>exereitus</span> 
     </span>
     <span class='ocr_line' id='line_1_35' title="bbox 210 3802 1481 3881; baseline 0.001 -17"><span class='ocrx_word' id='word_1_322' title='bbox 210 3808 348 3864; x_wconf 80' lang='lat' dir='ltr'>studiisC</span> <span class='ocrx_word' id='word_1_323' title='bbox 399 3812 479 3861; x_wconf 72' lang='lat' dir='ltr'>tres</span> <span class='ocrx_word' id='word_1_324' title='bbox 495 3806 567 3863; x_wconf 81' lang='lat' dir='ltr'>alias</span> <span class='ocrx_word' id='word_1_325' title='bbox 585 3811 636 3862; x_wconf 89' lang='lat' dir='ltr'>aut</span> <span class='ocrx_word' id='word_1_326' title='bbox 654 3807 743 3877; x_wconf 82' lang='lat' dir='ltr'>(ute)</span> <span class='ocrx_word' id='word_1_327' title='bbox 762 3804 888 3860; x_wconf 88' lang='lat' dir='ltr'>homines</span> <span class='ocrx_word' id='word_1_328' title='bbox 906 3802 965 3857; x_wconf 82' lang='lat' dir='ltr'>BG</span> <span class='ocrx_word' id='word_1_329' title='bbox 1017 3806 1239 3881; x_wconf 69' lang='lat' dir='ltr'>iamtimatum]</span> <span class='ocrx_word' id='word_1_330' title='bbox 1253 3810 1481 3866; x_wconf 85' lang='lat' dir='ltr'>ue.stimatumB</span> 
     </span>
     <span class='ocr_line' id='line_1_36' title="bbox 211 3885 1614 3960; baseline 0.001 -16"><span class='ocrx_word' id='word_1_331' title='bbox 211 3896 246 3944; x_wconf 93' lang='grc'>10</span> <span class='ocrx_word' id='word_1_332' title='bbox 263 3892 376 3944; x_wconf 80' lang='lat' dir='ltr'>texatur</span> <span class='ocrx_word' id='word_1_333' title='bbox 395 3887 429 3955; x_wconf 81' lang='lat'>0,</span> <span class='ocrx_word' id='word_1_334' title='bbox 447 3903 516 3942; x_wconf 86' lang='lat' dir='ltr'>corr.</span> <span class='ocrx_word' id='word_1_335' title='bbox 536 3888 572 3942; x_wconf 84' lang='lat' dir='ltr'>al.</span> <span class='ocrx_word' id='word_1_336' title='bbox 591 3906 626 3943; x_wconf 86' lang='lat' dir='ltr'>m.</span> <span class='ocrx_word' id='word_1_337' title='bbox 645 3889 758 3943; x_wconf 84' lang='lat' dir='ltr'>taxatur</span> <span class='ocrx_word' id='word_1_338' title='bbox 775 3887 803 3940; x_wconf 91' lang='grc' dir='ltr'><strong><em>Β</em></strong></span> <span class='ocrx_word' id='word_1_339' title='bbox 875 3885 1085 3955; x_wconf 86' lang='lat' dir='ltr'>comparatiuus</span> <span class='ocrx_word' id='word_1_340' title='bbox 1103 3888 1206 3958; x_wconf 75' lang='lat' dir='ltr'>gradus</span> <span class='ocrx_word' id='word_1_341' title='bbox 1224 3893 1332 3960; x_wconf 75' lang='lat' dir='ltr'>(grecus</span> <span class='ocrx_word' id='word_1_342' title='bbox 1346 3907 1415 3945; x_wconf 80' lang='lat' dir='ltr'>corr.</span> <span class='ocrx_word' id='word_1_343' title='bbox 1430 3892 1465 3945; x_wconf 81' lang='lat' dir='ltr'>at.</span> <span class='ocrx_word' id='word_1_344' title='bbox 1480 3909 1515 3945; x_wconf 85' lang='lat' dir='ltr'>m.</span> <span class='ocrx_word' id='word_1_345' title='bbox 1609 3894 1614 3901; x_wconf 88' lang='lat'>&#39;</span> 
     </span>
     <span class='ocr_line' id='line_1_37' title="bbox 210 3965 1515 4040; baseline 0.003 -17"><span class='ocrx_word' id='word_1_346' title='bbox 210 3971 312 4040; x_wconf 76' lang='lat' dir='ltr'>gradus</span> <span class='ocrx_word' id='word_1_347' title='bbox 330 3971 369 4040; x_wconf 91' lang='grc' dir='ltr'>Β)</span> <span class='ocrx_word' id='word_1_348' title='bbox 388 3972 432 4025; x_wconf 86' lang='lat' dir='ltr'>eat</span> <span class='ocrx_word' id='word_1_349' title='bbox 449 3968 539 4024; x_wconf 83' lang='lat' dir='ltr'>cicero</span> <span class='ocrx_word' id='word_1_350' title='bbox 557 3968 616 4021; x_wconf 80' lang='grc' dir='ltr'>ΒΟ</span> <span class='ocrx_word' id='word_1_351' title='bbox 632 3965 817 4038; x_wconf 87' lang='lat' dir='ltr'>comparatiui</span> <span class='ocrx_word' id='word_1_352' title='bbox 834 3965 936 4034; x_wconf 75' lang='lat' dir='ltr'>gradus</span> <span class='ocrx_word' id='word_1_353' title='bbox 955 3969 998 4020; x_wconf 80' lang='lat' dir='ltr'>est</span> <span class='ocrx_word' id='word_1_354' title='bbox 1016 3965 1057 4020; x_wconf 76' lang='lat' dir='ltr'>aie</span> <span class='ocrx_word' id='word_1_355' title='bbox 1076 3966 1166 4024; x_wconf 87' lang='lat' dir='ltr'>cicero</span> <span class='ocrx_word' id='word_1_356' title='bbox 1182 3970 1231 4023; x_wconf 87' lang='lat' dir='ltr'><em>M:</em></span> <span class='ocrx_word' id='word_1_357' title='bbox 1251 3968 1306 4026; x_wconf 79' lang='lat' dir='ltr'>Oia.</span> <span class='ocrx_word' id='word_1_358' title='bbox 1320 3973 1352 4026; x_wconf 84' lang='lat' dir='ltr'>ia</span> <span class='ocrx_word' id='word_1_359' title='bbox 1372 3971 1448 4027; x_wconf 83' lang='lat' dir='ltr'>Verr.</span> <span class='ocrx_word' id='word_1_360' title='bbox 1462 3977 1515 4027; x_wconf 85' lang='lat' dir='ltr'>aet.</span> 
     </span>
     <span class='ocr_line' id='line_1_38' title="bbox 208 4044 1515 4121; baseline 0.001 -16"><span class='ocrx_word' id='word_1_361' title='bbox 208 4067 259 4107; x_wconf 85' lang='lat' dir='ltr'>aec.</span> <span class='ocrx_word' id='word_1_362' title='bbox 283 4050 374 4117; x_wconf 72' lang='lat'>1⁷2⁶,</span> <span class='ocrx_word' id='word_1_363' title='bbox 392 4056 429 4105; x_wconf 86' lang='grc'>66</span> <span class='ocrx_word' id='word_1_364' title='bbox 529 4055 561 4103; x_wconf 93' lang='grc'>11</span> <span class='ocrx_word' id='word_1_365' title='bbox 582 4048 675 4119; x_wconf 89' lang='lat' dir='ltr'>coepit</span> <span class='ocrx_word' id='word_1_366' title='bbox 698 4046 812 4119; x_wconf 85' lang='lat' dir='ltr'>publius</span> <span class='ocrx_word' id='word_1_367' title='bbox 830 4044 958 4101; x_wconf 81' lang='lat' dir='ltr'>seruilius</span> <span class='ocrx_word' id='word_1_368' title='bbox 978 4046 1016 4099; x_wconf 97' lang='lat' dir='ltr'><em>M</em></span> <span class='ocrx_word' id='word_1_369' title='bbox 1033 4046 1109 4116; x_wconf 82' lang='lat' dir='ltr'>cepit</span> <span class='ocrx_word' id='word_1_370' title='bbox 1126 4049 1254 4104; x_wconf 80' lang='lat' dir='ltr'>aei-uibus</span> <span class='ocrx_word' id='word_1_371' title='bbox 1272 4051 1300 4103; x_wconf 98' lang='grc' dir='ltr'><strong><em>Β</em></strong></span> <span class='ocrx_word' id='word_1_372' title='bbox 1318 4049 1413 4121; x_wconf 89' lang='lat' dir='ltr'>coepit</span> <span class='ocrx_word' id='word_1_373' title='bbox 1430 4053 1515 4106; x_wconf 86' lang='lat' dir='ltr'>serui·</span> 
     </span>
     <span class='ocr_line' id='line_1_39' title="bbox 208 4126 1484 4201; baseline 0 -16"><span class='ocrx_word' id='word_1_374' title='bbox 208 4130 307 4185; x_wconf 83' lang='lat' dir='ltr'>liuuG</span> <span class='ocrx_word' id='word_1_375' title='bbox 369 4138 402 4185; x_wconf 92' lang='grc'>12</span> <span class='ocrx_word' id='word_1_376' title='bbox 421 4131 527 4186; x_wconf 89' lang='lat' dir='ltr'>habeut</span> <span class='ocrx_word' id='word_1_377' title='bbox 544 4131 572 4183; x_wconf 93' lang='lat' dir='ltr'><em>B</em></span> <span class='ocrx_word' id='word_1_378' title='bbox 637 4137 669 4185; x_wconf 83' lang='grc'>13</span> <span class='ocrx_word' id='word_1_379' title='bbox 689 4127 847 4199; x_wconf 87' lang='lat' dir='ltr'>scribimus]</span> <span class='ocrx_word' id='word_1_380' title='bbox 867 4126 987 4183; x_wconf 87' lang='lat' dir='ltr'>dicimus</span> <span class='ocrx_word' id='word_1_381' title='bbox 1005 4126 1030 4181; x_wconf 82' lang='lat' dir='ltr'><em>O</em></span> <span class='ocrx_word' id='word_1_382' title='bbox 1091 4134 1125 4183; x_wconf 87' lang='grc'>14</span> <span class='ocrx_word' id='word_1_383' title='bbox 1143 4128 1273 4201; x_wconf 87' lang='lat' dir='ltr'>dicimus]</span> <span class='ocrx_word' id='word_1_384' title='bbox 1293 4130 1484 4185; x_wconf 65' lang='lat' dir='ltr'>scribimus&amp;</span> 
     </span>
     <span class='ocr_line' id='line_1_40' title="bbox 211 4207 1518 4283; baseline -0.002 -17"><span class='ocrx_word' id='word_1_385' title='bbox 211 4217 243 4266; x_wconf 82' lang='lat'>15</span> <span class='ocrx_word' id='word_1_386' title='bbox 262 4210 391 4283; x_wconf 87' lang='lat' dir='ltr'>veniunt]</span> <span class='ocrx_word' id='word_1_387' title='bbox 415 4214 551 4267; x_wconf 87' lang='lat' dir='ltr'>uenerunt</span> <span class='ocrx_word' id='word_1_388' title='bbox 573 4210 621 4265; x_wconf 91' lang='lat' dir='ltr'>uel</span> <span class='ocrx_word' id='word_1_389' title='bbox 643 4210 760 4265; x_wconf 86' lang='lat' dir='ltr'>ueniunt</span> <span class='ocrx_word' id='word_1_390' title='bbox 776 4207 835 4263; x_wconf 83' lang='grc' dir='ltr'>ΒΟ</span> <span class='ocrx_word' id='word_1_391' title='bbox 928 4208 1022 4279; x_wconf 87' lang='lat' dir='ltr'>iubeo]</span> <span class='ocrx_word' id='word_1_392' title='bbox 1048 4207 1103 4263; x_wconf 81' lang='lat' dir='ltr'>Cic.</span> <span class='ocrx_word' id='word_1_393' title='bbox 1126 4210 1159 4263; x_wconf 82' lang='lat' dir='ltr'>ia</span> <span class='ocrx_word' id='word_1_394' title='bbox 1182 4209 1258 4267; x_wconf 77' lang='lat' dir='ltr'>Verr.</span> <span class='ocrx_word' id='word_1_395' title='bbox 1281 4215 1334 4264; x_wconf 83' lang='lat' dir='ltr'>act.</span> <span class='ocrx_word' id='word_1_396' title='bbox 1357 4226 1407 4265; x_wconf 84' lang='lat' dir='ltr'>aec.</span> <span class='ocrx_word' id='word_1_397' title='bbox 1433 4211 1518 4263; x_wconf 83' lang='lat'><em>1111</em></span> 
     </span>
     <span class='ocr_line' id='line_1_41' title="bbox 208 4288 1514 4370; baseline -0.002 -25"><span class='ocrx_word' id='word_1_398' title='bbox 208 4295 253 4358; x_wconf 67' lang='lat'>14,</span> <span class='ocrx_word' id='word_1_399' title='bbox 271 4296 309 4347; x_wconf 80' lang='lat'>32</span> <span class='ocrx_word' id='word_1_400' title='bbox 397 4297 430 4344; x_wconf 86' lang='lat' dir='ltr'>1c</span> <span class='ocrx_word' id='word_1_401' title='bbox 449 4289 530 4346; x_wconf 88' lang='lat' dir='ltr'>binos</span> <span class='ocrx_word' id='word_1_402' title='bbox 548 4290 687 4345; x_wconf 76' lang='lat' dir='ltr'>habebam</span> <span class='ocrx_word' id='word_1_403' title='bbox 706 4289 774 4359; x_wconf 90' lang='lat' dir='ltr'>quia</span> <span class='ocrx_word' id='word_1_404' title='bbox 790 4290 826 4345; x_wconf 83' lang='lat' dir='ltr'>ad</span> <span class='ocrx_word' id='word_1_405' title='bbox 845 4289 972 4345; x_wconf 81' lang='lat' dir='ltr'>deliteam</span> <span class='ocrx_word' id='word_1_406' title='bbox 992 4304 1061 4342; x_wconf 86' lang='lat' dir='ltr'>uasa</span> <span class='ocrx_word' id='word_1_407' title='bbox 1078 4288 1158 4359; x_wconf 86' lang='lat' dir='ltr'>paria</span> <span class='ocrx_word' id='word_1_408' title='bbox 1175 4289 1233 4344; x_wconf 82' lang='lat' dir='ltr'>Bc</span> <span class='ocrx_word' id='word_1_409' title='bbox 1250 4289 1328 4370; x_wconf 68' lang='lat' dir='ltr'>birros</span> <span class='ocrx_word' id='word_1_410' title='bbox 1346 4292 1378 4344; x_wconf 91' lang='lat' dir='ltr'>ut</span> <span class='ocrx_word' id='word_1_411' title='bbox 1396 4290 1514 4344; x_wconf 82' lang='lat' dir='ltr'>habeam</span> 
     </span>
     <span class='ocr_line' id='line_1_42' title="bbox 209 4368 1515 4444; baseline -0.002 -19"><span class='ocrx_word' id='word_1_412' title='bbox 209 4388 263 4444; x_wconf 71' lang='lat' dir='ltr'>quq</span> <span class='ocrx_word' id='word_1_413' title='bbox 282 4371 318 4426; x_wconf 83' lang='lat' dir='ltr'>ad</span> <span class='ocrx_word' id='word_1_414' title='bbox 337 4371 436 4425; x_wconf 87' lang='lat' dir='ltr'>delfica</span> <span class='ocrx_word' id='word_1_415' title='bbox 453 4388 524 4425; x_wconf 82' lang='lat' dir='ltr'>uasa</span> <span class='ocrx_word' id='word_1_416' title='bbox 542 4369 685 4439; x_wconf 84' lang='lat' dir='ltr'>comparia</span> <span class='ocrx_word' id='word_1_417' title='bbox 704 4370 742 4423; x_wconf 88' lang='lat' dir='ltr'><em>M</em></span> <span class='ocrx_word' id='word_1_418' title='bbox 812 4376 845 4424; x_wconf 77' lang='lat'>17</span> <span class='ocrx_word' id='word_1_419' title='bbox 865 4368 989 4441; x_wconf 87' lang='lat' dir='ltr'>dicebat]</span> <span class='ocrx_word' id='word_1_420' title='bbox 1009 4369 1064 4425; x_wconf 79' lang='lat' dir='ltr'>Cic.</span> <span class='ocrx_word' id='word_1_421' title='bbox 1084 4371 1116 4424; x_wconf 82' lang='lat' dir='ltr'>io</span> <span class='ocrx_word' id='word_1_422' title='bbox 1135 4370 1211 4427; x_wconf 74' lang='lat' dir='ltr'>Vm.</span> <span class='ocrx_word' id='word_1_423' title='bbox 1226 4375 1279 4425; x_wconf 84' lang='lat' dir='ltr'>act.</span> <span class='ocrx_word' id='word_1_424' title='bbox 1292 4385 1341 4426; x_wconf 82' lang='lat' dir='ltr'>aee.</span> <span class='ocrx_word' id='word_1_425' title='bbox 1361 4370 1404 4423; x_wconf 92' lang='lat'>11</span> <span class='ocrx_word' id='word_1_426' title='bbox 1420 4374 1465 4434; x_wconf 87' lang='lat'>19,</span> <span class='ocrx_word' id='word_1_427' title='bbox 1479 4372 1515 4423; x_wconf 78' lang='lat'>47</span> 
     </span>
    </p>

    <p class='ocr_par' dir='ltr' id='par_1_12' title="bbox 209 4447 1514 4920">
     <span class='ocr_line' id='line_1_43' title="bbox 280 4447 1513 4520; baseline -0.002 -16"><span class='ocrx_word' id='word_1_428' title='bbox 280 4452 415 4520; x_wconf 88' lang='lat' dir='ltr'>conplura</span> <span class='ocrx_word' id='word_1_429' title='bbox 433 4451 471 4504; x_wconf 89' lang='lat' dir='ltr'><em>M</em></span> <span class='ocrx_word' id='word_1_430' title='bbox 488 4450 604 4519; x_wconf 77' lang='lat' dir='ltr'>coptum</span> <span class='ocrx_word' id='word_1_431' title='bbox 620 4451 667 4505; x_wconf 90' lang='lat' dir='ltr'>uel</span> <span class='ocrx_word' id='word_1_432' title='bbox 686 4448 813 4519; x_wconf 78' lang='lat' dir='ltr'>copluria</span> <span class='ocrx_word' id='word_1_433' title='bbox 831 4449 855 4502; x_wconf 85' lang='lat'><em>0</em></span> <span class='ocrx_word' id='word_1_434' title='bbox 871 4450 1006 4520; x_wconf 85' lang='lat' dir='ltr'>conplura</span> <span class='ocrx_word' id='word_1_435' title='bbox 1023 4449 1072 4504; x_wconf 84' lang='lat' dir='ltr'>uel</span> <span class='ocrx_word' id='word_1_436' title='bbox 1089 4449 1264 4520; x_wconf 86' lang='lat' dir='ltr'>conpluralia</span> <span class='ocrx_word' id='word_1_437' title='bbox 1281 4449 1309 4502; x_wconf 91' lang='grc' dir='ltr'><strong><em>Β</em></strong></span> <span class='ocrx_word' id='word_1_438' title='bbox 1374 4454 1407 4503; x_wconf 88' lang='lat'>18</span> <span class='ocrx_word' id='word_1_439' title='bbox 1421 4447 1466 4502; x_wconf 83' lang='lat' dir='ltr'>sie</span> <span class='ocrx_word' id='word_1_440' title='bbox 1485 4451 1513 4502; x_wconf 91' lang='lat' dir='ltr'>et</span> 
     </span>
     <span class='ocr_line' id='line_1_44' title="bbox 209 4528 1464 4600; baseline -0.003 -16"><span class='ocrx_word' id='word_1_441' title='bbox 209 4532 342 4599; x_wconf 84' lang='lat' dir='ltr'>quaestus</span> <span class='ocrx_word' id='word_1_442' title='bbox 361 4533 486 4599; x_wconf 78' lang='lat' dir='ltr'>(questus</span> <span class='ocrx_word' id='word_1_443' title='bbox 500 4530 538 4599; x_wconf 87' lang='grc' dir='ltr'>Β)</span> <span class='ocrx_word' id='word_1_444' title='bbox 557 4530 627 4584; x_wconf 87' lang='lat' dir='ltr'>lueri</span> <span class='ocrx_word' id='word_1_445' title='bbox 646 4533 676 4584; x_wconf 81' lang='lat' dir='ltr'>ot</span> <span class='ocrx_word' id='word_1_446' title='bbox 694 4534 808 4600; x_wconf 85' lang='lat' dir='ltr'>questus</span> <span class='ocrx_word' id='word_1_447' title='bbox 826 4530 1004 4584; x_wconf 84' lang='lat' dir='ltr'>lacrimarum</span> <span class='ocrx_word' id='word_1_448' title='bbox 1023 4529 1080 4584; x_wconf 77' lang='lat' dir='ltr'>BC</span> <span class='ocrx_word' id='word_1_449' title='bbox 1133 4537 1166 4585; x_wconf 89' lang='grc'>20</span> <span class='ocrx_word' id='word_1_450' title='bbox 1181 4528 1328 4600; x_wconf 79' lang='lat' dir='ltr'>quod&#39;BO</span> <span class='ocrx_word' id='word_1_451' title='bbox 1339 4545 1411 4599; x_wconf 87' lang='lat' dir='ltr'>quae</span> <span class='ocrx_word' id='word_1_452' title='bbox 1426 4528 1464 4581; x_wconf 90' lang='lat' dir='ltr'><em>M</em></span> 
     </span>
     <span class='ocr_line' id='line_1_45' title="bbox 209 4608 1464 4681; baseline -0.003 -17"><span class='ocrx_word' id='word_1_453' title='bbox 209 4609 338 4681; x_wconf 83' lang='lat' dir='ltr'>accepto]</span> <span class='ocrx_word' id='word_1_454' title='bbox 359 4609 413 4665; x_wconf 83' lang='lat' dir='ltr'>Cic.</span> <span class='ocrx_word' id='word_1_455' title='bbox 424 4629 454 4680; x_wconf 84' lang='lat' dir='ltr'>p.</span> <span class='ocrx_word' id='word_1_456' title='bbox 471 4611 576 4666; x_wconf 79' lang='lat' dir='ltr'>Claeot.</span> <span class='ocrx_word' id='word_1_457' title='bbox 590 4617 636 4678; x_wconf 90' lang='lat'>10,</span> <span class='ocrx_word' id='word_1_458' title='bbox 649 4616 687 4666; x_wconf 87' lang='lat'>30</span> <span class='ocrx_word' id='word_1_459' title='bbox 740 4615 774 4664; x_wconf 92' lang='grc'>22</span> <span class='ocrx_word' id='word_1_460' title='bbox 794 4609 843 4664; x_wconf 85' lang='lat' dir='ltr'>sed</span> <span class='ocrx_word' id='word_1_461' title='bbox 861 4610 952 4665; x_wconf 76' lang='lat' dir='ltr'>omO</span> <span class='ocrx_word' id='word_1_462' title='bbox 1004 4616 1038 4665; x_wconf 87' lang='grc'>23</span> <span class='ocrx_word' id='word_1_463' title='bbox 1058 4612 1087 4665; x_wconf 88' lang='lat' dir='ltr'>et</span> <span class='ocrx_word' id='word_1_464' title='bbox 1105 4616 1168 4665; x_wconf 79' lang='lat' dir='ltr'>uate</span> <span class='ocrx_word' id='word_1_465' title='bbox 1186 4609 1328 4680; x_wconf 87' lang='lat' dir='ltr'>quondam</span> <span class='ocrx_word' id='word_1_466' title='bbox 1341 4625 1391 4664; x_wconf 78' lang='lat' dir='ltr'>ora.</span> <span class='ocrx_word' id='word_1_467' title='bbox 1406 4608 1464 4661; x_wconf 81' lang='lat' dir='ltr'>Bc</span> 
     </span>
     <span class='ocr_line' id='line_1_46' title="bbox 210 4689 1512 4761; baseline -0.001 -16"><span class='ocrx_word' id='word_1_468' title='bbox 210 4691 355 4759; x_wconf 86' lang='lat' dir='ltr'>praeteriti</span> <span class='ocrx_word' id='word_1_469' title='bbox 376 4692 530 4761; x_wconf 83' lang='lat' dir='ltr'>praesentis</span> <span class='ocrx_word' id='word_1_470' title='bbox 552 4691 687 4761; x_wconf 87' lang='lat' dir='ltr'>temporis</span> <span class='ocrx_word' id='word_1_471' title='bbox 709 4693 738 4746; x_wconf 89' lang='lat' dir='ltr'>et</span> <span class='ocrx_word' id='word_1_472' title='bbox 760 4691 847 4745; x_wconf 85' lang='lat' dir='ltr'>futuri</span> <span class='ocrx_word' id='word_1_473' title='bbox 870 4691 988 4747; x_wconf 80' lang='lat' dir='ltr'>adfatim</span> <span class='ocrx_word' id='word_1_474' title='bbox 1011 4689 1192 4745; x_wconf 86' lang='lat' dir='ltr'>inueniuntur</span> <span class='ocrx_word' id='word_1_475' title='bbox 1210 4689 1339 4758; x_wconf 77' lang='lat' dir='ltr'>exempla</span> <span class='ocrx_word' id='word_1_476' title='bbox 1357 4689 1512 4758; x_wconf 74' lang='lat' dir='ltr'>praesentis</span> 
     </span>
     <span class='ocr_line' id='line_1_47' title="bbox 209 4768 1514 4840; baseline 0.002 -17"><span class='ocrx_word' id='word_1_477' title='bbox 209 4770 307 4824; x_wconf 82' lang='lat' dir='ltr'>domus</span> <span class='ocrx_word' id='word_1_478' title='bbox 324 4769 352 4822; x_wconf 91' lang='grc' dir='ltr'><strong><em>Β</em></strong></span> <span class='ocrx_word' id='word_1_479' title='bbox 371 4770 515 4839; x_wconf 86' lang='lat' dir='ltr'>praeteriti</span> <span class='ocrx_word' id='word_1_480' title='bbox 533 4770 689 4839; x_wconf 78' lang='lat' dir='ltr'>praesentis</span> <span class='ocrx_word' id='word_1_481' title='bbox 708 4772 738 4824; x_wconf 88' lang='lat' dir='ltr'>et</span> <span class='ocrx_word' id='word_1_482' title='bbox 755 4771 843 4826; x_wconf 80' lang='lat' dir='ltr'>futuri</span> <span class='ocrx_word' id='word_1_483' title='bbox 856 4771 974 4827; x_wconf 81' lang='lat' dir='ltr'>adfatim</span> <span class='ocrx_word' id='word_1_484' title='bbox 989 4770 1170 4825; x_wconf 85' lang='lat' dir='ltr'>inueniuntur</span> <span class='ocrx_word' id='word_1_485' title='bbox 1183 4769 1218 4824; x_wconf 87' lang='lat' dir='ltr'>de</span> <span class='ocrx_word' id='word_1_486' title='bbox 1233 4768 1277 4824; x_wconf 86' lang='lat' dir='ltr'>his</span> <span class='ocrx_word' id='word_1_487' title='bbox 1291 4770 1420 4840; x_wconf 86' lang='lat' dir='ltr'>exempla</span> <span class='ocrx_word' id='word_1_488' title='bbox 1434 4787 1514 4840; x_wconf 88' lang='lat' dir='ltr'>prae—</span> 
     </span>
     <span class='ocr_line' id='line_1_48' title="bbox 209 4848 784 4920; baseline 0 -16"><span class='ocrx_word' id='word_1_489' title='bbox 209 4849 295 4906; x_wconf 84' lang='lat' dir='ltr'>seutia</span> <span class='ocrx_word' id='word_1_490' title='bbox 313 4848 448 4919; x_wconf 72' lang='lat' dir='ltr'>temporis</span> <span class='ocrx_word' id='word_1_491' title='bbox 466 4851 624 4920; x_wconf 87' lang='lat' dir='ltr'>exemplum</span> <span class='ocrx_word' id='word_1_492' title='bbox 643 4850 740 4905; x_wconf 87' lang='lat' dir='ltr'>demus</span> <span class='ocrx_word' id='word_1_493' title='bbox 760 4850 784 4904; x_wconf 84' lang='lat' dir='ltr'><em>O</em></span> 
     </span>
    </p>
   </div>
   <div class='ocr_carea' id='block_1_4' title="bbox 0 0 1662 5474">
    <p class='ocr_par' dir='ltr' id='par_1_13' title="bbox 0 0 1662 5474">
     <span class='ocr_line' id='line_1_49' title="bbox 0 0 1662 5474; baseline 0 4"><span class='ocrx_word' id='word_1_494' title='bbox 0 0 1662 5474; x_wconf 95' lang='lat' dir='ltr'> </span> 
     </span>
    </p>
   </div>
  </div>
 </body>
</html>
