3316 5474
232 355 298 422 362
800 358 958 416 AvnAdls

233 469 254 508 p.
267 461 293 498 ιι
308 458 338 498 Η.

233 563 301 606 eum
320 547 391 606 satis
411 547 449 606 sit
467 545 566 607 dicere
584 544 672 624 legite
687 591 695 606 .
710 546 894 608 detractione
913 546 1041 629 litterae,
1062 557 1094 608 ut
1112 546 1260 608 nutribam
1276 566 1330 628 pro
1346 545 1531 608 nutriebam.

233 651 396 713 adiectione
415 652 540 732 syllabae
560 654 594 714 sn
611 652 820 734 barbarismus,
840 663 872 715 ut
890 656 984 733 siquis
1002 654 1079 716 dieat
1097 655 1233 735 prandidi
1252 674 1306 734 pro
1325 655 1438 736 prandi,
1462 657 1531 735 quia

233 777 398 837 pransurus
422 761 503 834 iacit,
527 778 587 820 non
609 760 817 839 pranditurus:
841 779 906 821 nam
931 779 1006 840 quae
1029 763 1059 821 in
1079 764 1239 840 praeterito
1258 765 1404 842 geminata
1423 761 1531 841 syllaba

233 867 441 948 proteruntur,
464 869 494 926 in
518 869 673 946 participio
697 886 816 947 quoque
840 868 933 929 lutnri
956 871 1099 947 temporis
1121 868 1243 929 eandem
1264 869 1386 948 syllbam
1405 879 1532 949 servant,

233 982 267 1033 ut
292 973 400 1034 tradidi
427 974 604 1054 traditurus,
632 973 747 1034 reddidi
775 973 946 1036 redditurus
975 1023 982 1036 .
1010 973 1192 1036 detractione
1221 975 1360 1057 syllabae,
1388 985 1422 1037 ut
1448 975 1531 1037 verbi
1560 980 1573 1019 i

232 1081 325 1157 gratia
349 1098 472 1140 currum
499 1099 553 1160 pro
577 1099 720 1142 curruum
744 1129 751 1142 .
775 1084 845 1142 item
873 1084 1067 1143 inmutatione
1098 1084 1227 1157 litterae,
1259 1093 1293 1144 nt
1320 1083 1369 1144 olli
1399 1102 1452 1163 pro
1479 1083 1533 1165 illi,

232 1205 368 1247 maxume
395 1206 450 1267 pro
480 1191 605 1248 maxime
629 1235 635 1248 .
659 1191 853 1249 inmutatione
882 1187 1022 1269 syllabae,
1049 1201 1083 1249 ut
1110 1199 1173 1250 tum
1201 1209 1255 1269 pro
1289 1200 1374 1271 tune,
1406 1189 1532 1250 relicum

231 1311 287 1372 pro
320 1293 436 1374 reliquo
465 1342 471 1354 .
500 1295 745 1354 transmutatione
779 1293 907 1373 litterae,
940 1305 972 1355 ut
1002 1314 1019 1350 e
1046 1298 1291 1357 transmutatione
1325 1296 1466 1378 syllabae,
1498 1307 1534 1357 ut

233 1400 387 1480 displieina
424 1419 478 1480 pro
515 1399 669 1480 disciplina
701 1448 708 1460 .
742 1399 906 1461 adiectione
943 1403 1100 1484 temporis,
1141 1411 1175 1462 ut
1215 1398 1383 1464 ‘exercet
1424 1402 1532 1464 lliana

232 1502 426 1569 ohorum':
454 1507 598 1588 producta
625 1509 704 1567 enim
731 1506 761 1566 di
790 1509 956 1585 geminatur
983 1516 1101 1587 tempus
1129 1508 1270 1590 syllabae,
1297 1528 1366 1570 oum
1393 1521 1532 1589 correpte
1548 1514 1574 1552 ¹⁰

232 1614 322 1675 lllana
353 1615 412 1676 diei
439 1611 544 1675 debeat
567 1660 574 1674 .
598 1614 780 1675 detractione
809 1617 964 1694 temporis,
996 1623 1030 1675 ut
1058 1617 1082 1675 si
1111 1615 1242 1676 dicamus
1270 1625 1406 1696 correpta
1435 1617 1531 1677 media

232 1720 340 1800 syllaba
368 1729 517 1801 emerunt,
549 1739 616 1781 eum
649 1720 792 1801 producta
821 1731 956 1782 emerunt
983 1720 1041 1781 diei
1069 1720 1175 1783 debeat
1202 1771 1208 1782 .
1237 1723 1372 1783 similiter
1399 1742 1453 1803 per
1481 1724 1531 1783 ad·

232 1831 421 1908 spirationem
446 1831 533 1888 utiam
557 1829 590 1903 tit
612 1827 825 1910 barbarismus,
853 1828 923 1889 dnm
951 1838 1001 1890 aut
1024 1829 1150 1890 adicitur
1177 1830 1210 1909 b,
1238 1829 1289 1890 nbi
1317 1849 1375 1890 uon
1404 1840 1532 1910 oportet,

232 1944 283 1996 aut
314 1936 492 2016 detrahitur,
525 1934 576 1995 ubi
608 1954 673 1995 esse
702 1945 832 2018 oportet,
865 1935 942 2015 quod
978 1938 1078 1997 vitium
1111 1939 1253 2016 seriptum
1282 1939 1444 1998 invenitur:
1476 1956 1531 2016 per

232 2045 425 2106 adiectionem
446 2044 665 2123 adspirationis,
690 2053 722 2104 nt
746 2046 839 2123 siquis
862 2043 941 2104 dieat
959 2064 976 2100 r
995 2062 1118 2104 onorem
1141 2062 1194 2122 pro
1218 2042 1330 2104 bonore
1354 2053 1405 2104 aut
1428 2063 1531 2105 nmnm
1547 2046 1573 2086 ¹⁵

232 2170 286 2230 pro
318 2150 407 2211 burno
441 2199 447 2212 .
481 2160 604 2210 accentu
641 2152 673 2210 bt
709 2148 924 2232 barbarismus,
961 2169 1029 2211 cum
1062 2159 1113 2210 aut
1144 2159 1249 2210 aoutus
1281 2169 1335 2230 pro
1368 2153 1448 2229 gravi
1481 2162 1532 2211 ant

232 2259 328 2337 gravis
345 2276 400 2337 pro
419 2265 506 2318 acuto
529 2255 575 2316 vel
598 2255 671 2317 alius
695 2274 748 2336 pro
773 2256 904 2336 quolibet
926 2258 1060 2336 ponitur,
1084 2264 1116 2316 ut
1138 2258 1165 2316 si
1187 2255 1267 2317 dieas
1286 2256 1421 2317 ble'tellus
1444 2267 1531 2318 acuto

231 2372 356 2426 accentu
380 2368 410 2425 in
435 2366 542 2445 prima,
576 2381 644 2423 eum
667 2365 697 2422 in
721 2363 849 2424 secunda
874 2366 913 2424 sit
935 2372 1040 2425 acutus
1064 2372 1217 2444 accentus,
1249 2366 1280 2423 in
1309 2367 1402 2442 prima
1426 2366 1531 2443 gravis.

321 2470 525 2531 Barbarismus
550 2468 629 2529 nnllo
654 2469 740 2529 nrodo
764 2473 899 2530 excusari
922 2459 1041 2550 potest?
1078 2471 1192 2531 Potest:
1216 2472 1241 2529 si
1260 2472 1338 2529 enirn
1357 2489 1410 2549 per
1429 2473 1531 2550 inpru-

168 2580 173 2599 '
232 2577 361 2639 dentiam
381 2578 443 2657 frat,
463 2579 565 2637 vitium
584 2585 643 2657 est3
663 2579 688 2636 si
707 2595 723 2635 a
742 2579 851 2658 poetis,
869 2579 964 2637 virtus
983 2576 1172 2658 elocutionis,
1195 2585 1226 2637 et
1244 2577 1407 2656 appellatur
1425 2596 1530 2656 graeco
1545 2580 1574 2618 ²⁰

232 2685 449 2765 metaplasmus.

323 2865 335 2910 1
356 2855 528 2911 detractione
551 2857 584 2910 rit
605 2855 747 2910 nutribam
767 2857 805 2910 M
882 2854 1048 2910 tuillabam
1066 2854 1104 2909 M
1183 2862 1273 2910 3non
1296 2856 1474 2925 pranditurus
1495 2856 1533 2909 M

232 2952 287 2990 non
306 2934 513 3004 prandiditurus
532 2934 560 2987 B
631 2941 646 2989 ὅ
665 2933 782 3005 tradidi]
801 2933 917 2988 tradidit
935 2934 1006 2986 ΒΜ
1019 2977 1025 2989 .
1039 2951 1109 3003 quae
1126 2940 1278 3003 sequuntur
1295 2952 1378 3004 oeque
1396 2936 1434 2989 ud
1451 2936 1530 3013 fipem

232 3015 342 3070 libriin
355 3016 490 3070 Bernenai
503 3017 709 3085 codieeaera'pta
722 3031 779 3069 nor·
792 3020 857 3069 aunt
927 3012 1048 3084 reddidi]
1062 3013 1141 3067 reddi
1154 3014 1190 3067 M
1260 3016 1292 3068 ut
1306 3032 1378 3083 quae
1391 3015 1534 3085 gratiaM

286 3095 443 3166 deutrum]
473 3090 551 3150 edrru
572 3096 610 3148 M
690 3094 861 3150 'tmaximae
885 3110 936 3164 pro
959 3091 1072 3149 maximi
1094 3093 1130 3145 Μ
1209 3095 1288 3165 tuno]
1313 3098 1380 3148 tuno
1407 3094 1444 3147 M
1515 3101 1531 3147 8

231 3176 428 3231 transmutatio
456 3175 549 3230 littere
577 3179 609 3229 ut
634 3176 829 3230 transmutatio
858 3173 975 3229 sillabas
1003 3175 1035 3227 ut
1062 3172 1211 3243 disciplina
1237 3189 1288 3242 pro
1316 3172 1466 3242 disciplina
1496 3173 1534 3226 M

232 3256 368 3320 lacunam,
391 3272 448 3324 qua
469 3254 619 3322 cumptum
647 3256 886 3310 tramnrututionia
911 3256 1016 3309 litterae
1042 3253 1157 3316 recidit,
1184 3252 1307 3306 indicaui
1383 3259 1399 3307 9
1422 3255 1534 3307 exereet

167 3396 172 3406 ,
233 3334 323 3388 ebena
342 3335 392 3388 M:
416 3334 693 3402 Very.Aen.1499
767 3341 799 3388 10
818 3334 991 3403 geminatum
1011 3333 1052 3386 M
1118 3333 1207 3386 ehana
1227 3332 1264 3384 M
1335 3339 1367 3386 12
1387 3350 1437 3402 pro
1456 3334 1531 3402 aspi—

233 3415 348 3469 rationis
366 3413 491 3467 litteram
510 3413 542 3465 fit
561 3413 598 3465 M
668 3420 699 3468 13
719 3415 785 3469 dum
805 3417 888 3484 acuta
905 3413 1007 3468 dieitur
1025 3413 1044 3466 h
1063 3412 1101 3466 M
1172 3417 1205 3465 15
1224 3411 1300 3466 dieat
1322 3413 1455 3467 honorem
1480 3431 1531 3482 pro

232 3496 366 3550 honorem
384 3496 434 3547 aut
452 3493 567 3546 humum
585 3510 636 3561 pro
657 3495 742 3549 humo
757 3495 793 3548 M
808 3535 813 3545 .
829 3495 972 3559 lacunam,
989 3511 1045 3562 qua
1062 3493 1184 3562 exempla
1197 3493 1318 3547 adiectae
1332 3494 1532 3562 admirationes

232 3576 402 3641 ceciderunt,
421 3574 545 3628 indicavi
618 3581 649 3627 16
669 3577 814 3629 accentum
835 3574 872 3627 M
944 3580 975 3628 1⁷
995 3589 1045 3642 pro
1065 3573 1209 3641 quodlibet
1225 3572 1263 3626 M
1332 3576 1416 3627 aeutu
1430 3577 1531 3628 acentu

232 3654 376 3724 primaM
447 3656 479 3706 18
497 3653 527 3707 in
544 3652 602 3706 ima
620 3653 714 3722 grauis
730 3653 767 3706 M
839 3659 870 3707 19
889 3653 1014 3709 excusari
1027 3653 1129 3724 potest.
1157 3652 1269 3707 sienim
1285 3653 1322 3706 M
1391 3658 1423 3704 21
1444 3655 1531 3706 meta-

232 3733 341 3803 plasma
361 3734 398 3787 M
