3316 5474
247 399 313 469 380
808 400 980 461 nosmnm

245 505 398 555 omnm

245 592 328 655 verbi
354 595 503 675 proximas
530 592 663 670 syllabas
690 591 796 653 inflexa
825 591 929 654 subter
956 592 1068 672 virgula
1092 595 1231 676 iungunt,
1263 603 1364 655 otest
1388 586 1551 656 ‘Turnus

245 709 284 761 ut
305 695 607 781 antevvolansfs
630 702 701 761 item
721 700 935 782 apostrophon,
955 718 1022 763 oum
1043 700 1171 761 vocalem
1189 700 1322 762 ultimam
1338 701 1550 763 subtrahimus.

244 805 320 867 hano
344 808 387 868 sio
410 816 527 869 notant:
560 807 596 868 ad
620 815 708 889 eaput
741 810 806 868 eius
839 811 1042 890 consonantis,
1074 810 1123 868 oui
1152 808 1259 869 vocalis
1288 808 1437 869 subtracta
1468 803 1548 892 est,l

243 913 380 975 inflexam
413 915 569 998 virgulam,
601 933 676 994 quae
708 914 745 975 ad
777 933 841 975 ram
874 923 1001 997 spectat,
1032 925 1198 996 apponunt,
1234 924 1268 977 ut
1300 910 1462 978 ‘tanton'
1494 935 1550 978 me

243 1022 397 1083 erimine
420 1017 590 1101 dignum'.
1576 1038 1591 1078 ι

697 1213 756 1280 DE
780 1211 1091 1280 uisumcmornn

331 1350 487 1413 Distinctio
525 1360 572 1412 est
603 1350 713 1413 silentii
745 1360 828 1433 uota,
865 1370 940 1431 quae
974 1354 1004 1413 in
1037 1351 1161 1432 legendo
1194 1353 1244 1413 dat
1276 1355 1389 1434 copiam
1423 1357 1548 1435 spiritus

243 1456 420 1540 recipiendi,
448 1477 485 1519 ne
513 1460 736 1521 continuatione
766 1459 890 1521 deliciat.
940 1461 995 1520 hae
1026 1468 1088 1521 tres
1120 1467 1203 1540 sunt,
1235 1478 1360 1539 quarum
1389 1461 1548 1522 diversitas

243 1563 340 1627 tribus
372 1568 491 1645 punctis
522 1566 639 1627 diverso
672 1566 737 1628 loco
768 1569 874 1648 positis
906 1567 1061 1629 indicatur.
1116 1566 1168 1629 ubi
1204 1566 1310 1647 plenus
1347 1578 1393 1628 est
1429 1586 1547 1649 sensus,

241 1682 385 1752 punctum
414 1673 449 1733 ad
474 1683 563 1753 eaput
585 1674 700 1736 litterae
724 1677 876 1757 ponimus,
903 1684 934 1736 ot
957 1685 1002 1736 est
1020 1674 1146 1736 liberum
1166 1694 1283 1736 cessare
1302 1676 1455 1756 prolixius.
1494 1674 1547 1737 ubi
1563 1695 1589 1732 ro

242 1797 331 1841 sensu
369 1780 499 1841 noudum
537 1781 625 1861 pleno
663 1785 803 1862 respirari
840 1791 972 1865 oportet,
1009 1782 1045 1843 ad
1083 1783 1207 1845 mediam
1243 1783 1371 1845 litteram
1409 1781 1547 1843 dabimus

241 1897 393 1967 punctum.
447 1888 498 1949 ubi
531 1888 587 1950 sub
620 1890 717 1969 ipsum
749 1889 838 1950 finem
870 1889 1012 1970 implendi
1044 1909 1150 1952 seusus
1182 1893 1223 1952 ita
1256 1889 1478 1971 suspendimus,
1512 1898 1548 1951 ut

241 1997 340 2055 statim
359 1995 388 2055 id
408 1995 486 2075 quod
507 1999 641 2076 sequitur
660 1995 797 2056 subicere
816 1993 989 2078 debeamus,
1012 1997 1101 2058 imam
1120 1996 1248 2058 litteram
1267 2005 1379 2077 puncto
1398 2005 1546 2058 notamus

330 2165 421 2223 Codex
448 2167 645 2238 salonitano.
693 2167 850 2236 lsyllabas
869 2184 917 2223 οια.
1009 2169 1212 2239 eaposuofon
1303 2170 1474 2224 stantonns
1498 2187 1547 2225 me

241 2245 357 2302 erimine
376 2246 433 2318 dig.
507 2254 522 2302 9
541 2247 682 2302 iudicatur
701 2249 748 2316 qui
767 2248 867 2319 plenus
940 2255 971 2302 11
992 2248 1086 2319 sensu]
1105 2266 1217 2304 sensnm

332 2414 344 2460 1
365 2407 486 2479 Turnus]
513 2407 590 2478 Verp.
610 2410 679 2463 Aen.
705 2408 814 2463 VIIII
830 2413 874 2464 47.
900 2409 1037 2477 loctunam,
1064 2427 1120 2479 ηαα
1147 2409 1274 2464 diastoles
1292 2411 1415 2477 definitio
1434 2411 1548 2477 ταοίιίίλ,

240 2488 365 2543 iudicavi
454 2494 470 2541 4
498 2487 610 2560 tanton]
645 2488 721 2560 γάρ.
746 2492 815 2544 Aen.
841 2489 872 2542 X
894 2494 951 2544 668
1041 2489 1129 2544 6DE
1156 2489 1428 2554 DISTINCTIONEl
1451 2490 1546 2547 Diam.

236 2587 266 2639 p.
285 2573 376 2636 saro

240 2729 427 2818 ἐκφωνήσει
447 2728 648 2818 συνάγομεν,
666 2733 721 2799 καὶ
740 2729 777 2800 τὸ
797 2746 936 2819 σημείου
955 2728 1058 2818 αότής
1075 2735 1174 2800 τοῦτο
1193 2736 1362 2799 ποιοῦσιν·
1387 2733 1547 2818 ἑκατέρου

241 2837 387 2926 ῥήματος
422 2835 480 2917 τὰς
516 2843 650 2924 ἔγγιστα
687 2836 855 2924 συλλαβάς
891 2840 1131 2927 ἐπικεκαμμένη
1168 2835 1387 2906 ὑποκάτωθεν
1428 2837 1546 2930 ῥάβδῳ

243 2944 473 3032 ζευγνόουσιυ,
502 2942 547 3025 τός
575 2946 664 3013 ἐστιν
732 2941 896 3032 *ὁμοίως
918 2945 973 3012 καὶ
996 2942 1224 3034 άπόστροφον,
1252 2943 1378 3015 ὁπόταν
1406 2949 1546 3032 φωνῆεν

186 3133 188 3137 Α
239 3049 370 3119 τελικὸν
392 3048 612 3140 ὑφαιροῦμεν.
658 3050 782 3138 ταύτην
807 3048 912 3132 οὕτως
935 3056 1163 3140 σημειοῦνται·
1187 3051 1271 3138 πρὸς
1287 3051 1325 3122 τό
1345 3052 1416 3121 άνοι
1429 3059 1432 3141 l
1445 3055 1548 3140 μέρος

239 3163 300 3228 τοῦ
324 3159 526 3247 συμφώνου,
551 3150 591 3228 οὑ
614 3157 651 3228 τὸ
675 3164 812 3247 φωνῆεν
834 3156 1019 3249 ὑφήρηται,
1047 3148 1308 3247 έπικεκαμμένον
1331 3162 1473 3247 ῥαβδίον
1497 3165 1547 3240 είς

240 3263 323 3335 αὑτὸ
347 3268 471 3351 βλέπον
494 3268 648 3335 tlalamo
672 3262 747 3346 ὡς.

1574 3224 1588 3261 5

715 3488 829 3549 ΠΕΡΙ
848 3486 1071 3549 ΣΤΙΓΜΗΣ

329 3604 460 3691 Στιγμή
484 3605 575 3673 ἐστιν
599 3608 725 3691 σιωπῆς
748 3619 902 3693 σημεῖον,
924 3603 997 3692 ήτις
1018 3606 1120 3697 ἐντῷ
1139 3601 1382 3689 ἀναγινώσκειν
1401 3607 1546 3674 δίδωσιν

240 3708 358 3778 άδειαν
381 3709 502 3786 τοῦ,τό
527 3714 657 3797 πνεῦμα
679 3709 969 3798 άνακτήσασαθαι,
993 3710 1037 3799 μὴ
1061 3714 1098 3779 έν
1121 3714 1166 3802 τῷ
1185 3711 1365 3780 συνάπτειν
1384 3714 1545 3800 έπιλείψη.

240 3808 339 3885 αὑται
361 3831 449 3905 τρεῖς
471 3822 574 3903 είσιυ,
604 3808 653 3886 οὑν
680 3815 700 3905 ή
730 3817 877 3906 διαφορά
900 3820 1010 3904 τρισὶν
1034 3831 1176 3906 νυγμαῑς
1202 3820 1239 3887 έν
1271 3817 1424 3909 διαφόρῳ
1451 3817 1543 3910 τόπῳ
1561 3849 1587 3886 ιο

239 3926 448 4011 τεθειμέναις
481 3923 722 4012 δηλωθήσεται.
774 3923 861 3993 ὅπου
892 3924 1020 4013 πλήρης
1051 3926 1141 3993 ἐστὶν
1175 3922 1195 4012 ἡ
1229 3925 1379 4010 διάνοια,
1411 3922 1545 4013 νυγμήν

240 4027 329 4116 παρά
351 4029 389 4099 τὸ
413 4029 484 4099 άνω
513 4033 613 4120 μέρος
640 4037 700 4102 τοῦ
729 4031 921 4120 γράμματος
948 4038 1100 4119 τίθεμεν,
1131 4039 1190 4100 καί
1219 4034 1310 4102 ἐστιν
1342 4031 1456 4112 ἄνεσις
1483 4037 1545 4101 τοῦ

241 4136 402 4224 σχολάσαι
426 4139 478 4206 ἐπὶ
501 4146 626 4209 πλεῖον.
672 4136 757 4208 ὅπου
781 4138 819 4206 δὲ
840 4143 899 4226 τῆς
922 4142 1074 4220 διανοίας
1102 4141 1237 4226 μηδέπω
1266 4138 1412 4227 πλήρους
1441 4137 1546 4226 οὔσης

240 4240 448 4313 ἀναπνεῦσαι
481 4245 676 4335 χρῄζουσιν,
708 4245 796 4334 παρά
827 4249 931 4334 μέσον
967 4245 1004 4314 τὸ
1042 4246 1175 4335 γράμμα
1213 4249 1364 4334 δαίσομεν
1401 4245 1544 4333 νυγμήν.

241 4348 328 4420 ὅπου
360 4353 397 4421 δὲ
430 4352 514 4440 πρὸς
546 4351 635 4445 αὑτῷ
667 4358 713 4447 τῷ
745 4356 830 4422 τέλει
861 4358 923 4424 τοῦ
954 4351 1131 4442 ἀπαρτίσαι
1162 4353 1223 4443 τήν
1261 4353 1418 4422 διάνοιαν
1456 4352 1544 4422 οὑτω
1560 4383 1587 4422 ιι

240 4456 454 4547 άπαρτώμεν,
486 4458 569 4529 ὥστε
601 4456 728 4540 εὐδίαις
757 4459 848 4529 τοῦτ’
881 4459 961 4547 ὅπερ
995 4463 1104 4530 ἕπεται
1136 4457 1319 4547 ὑποβαλεῖν
1352 4460 1545 4549 ὀφείλομεν,

240 4564 329 4652 παρὰ
352 4564 390 4635 τὸ
413 4567 502 4635 κάτω
525 4570 625 4656 μέρος
647 4571 708 4636 τοῦ
732 4568 922 4656 γράμματος
944 4572 984 4657 τῇ
1008 4572 1119 4656 νυγμῇ
1142 4567 1378 4654 σημειούμεθα.

332 4722 466 4799 1αῦτής]
483 4747 554 4795 αυτη
627 4730 828 4782 λυποκατθευ
846 4727 944 4792 παρδω
962 4729 1145 4798 superscripto
1165 4729 1259 4798 ραβδοι
1332 4735 1546 4797 3αναστροφον

242 4822 311 4861 corr.
340 4825 515 4875 ανοττροφον
596 4826 695 4876 φοιννη
721 4809 813 4861 relano
872 4811 911 4870 1σ
939 4825 1035 4873 φονον
1116 4813 1132 4861 9
1162 4810 1285 4875 επιλιφει
1365 4814 1397 4861 13
1421 4805 1547 4876 πλήρους

242 4883 337 4958 viros]
356 4890 461 4956 πλοισι
533 4892 567 4939 14
585 4889 734 4955 errrore
