3316 5474
715 340 911 396 EXCERPTA
1395 339 1460 405 343

156 449 178 486 r.
192 442 227 481 ss.
239 442 267 481 11
281 442 310 481 n.

156 524 300 586 facilium:
323 525 452 586 dativum
476 543 546 585 vero
571 533 601 586 et
623 523 781 586 ablativum
810 527 840 586 in
869 523 940 605 bus,
972 532 1005 585 ut
1037 524 1083 585 bis
1111 534 1142 586 et
1168 524 1205 586 ab
1234 525 1280 584 bis
1308 523 1462 585 codicibus

155 631 324 711 parietibus¹
338 630 464 711 rupibus
483 630 627 712 stirpibus
646 629 783 711 vigilibus
801 633 933 708 agilibus
952 630 1096 693 facilibus.
1133 630 1211 702 Quid
1235 632 1259 690 si
1279 649 1294 690 e
1314 629 1460 710 producta

156 734 269 799 luerit?
305 737 480 800 Genetivum
503 736 647 818 pluralem
671 739 702 797 in
726 756 793 799 rum
817 736 958 817 syllabam
981 740 1082 820 eiciet,
1106 737 1236 798 dativum
1256 744 1286 797 et
1304 735 1462 797 ablativum

156 847 186 905 in
210 844 282 925 bus,
309 855 343 906 ut
366 844 403 905 ab
427 843 481 905 hac
504 847 604 924 specie
627 844 733 906 barum
757 847 925 926 specierum
952 841 1001 906 bis
1029 854 1059 905 et
1088 844 1125 904 ab
1149 844 1195 905 bis
1218 842 1375 924 speciebus
1402 891 1409 904 .
1433 851 1463 904 at

128 967 226 1012 svero
249 969 269 1012 u
293 953 462 1036 genetivum
485 950 630 1032 pluralem
653 954 684 1012 in
709 971 780 1014 uum
805 961 918 1013 tantum
942 952 1029 1013 modo
1053 954 1153 1032 eiciet,
1176 950 1305 1013 dativum
1330 960 1360 1012 et
1383 950 1460 1011 abla-

157 1060 248 1118 tivum
271 1060 302 1119 in
333 1057 402 1138 bus,
434 1066 467 1119 ut
490 1056 527 1118 ab
549 1057 606 1119 hoc
628 1058 722 1120 fluctu
746 1059 854 1120 borum
877 1058 1037 1139 fluctuum,
1060 1077 1152 1119 curru
1177 1076 1337 1139 curruum,
1360 1057 1407 1118 bis
1432 1066 1462 1117 et
1492 1035 1497 1043 ⁵

157 1164 193 1224 ab
218 1164 264 1224 bis
287 1164 428 1227 fluctibus
451 1174 481 1225 et
505 1164 652 1226 curribus.

635 1365 694 1430 DE
718 1365 978 1434 PRONOMINE

245 1511 321 1583 Quid
355 1520 401 1573 est
431 1507 618 1592 pronomen?
663 1511 736 1572 Pars
767 1514 910 1575 orationis
942 1512 1034 1594 dicta,
1070 1512 1148 1592 quod
1181 1531 1236 1592 pro
1268 1513 1333 1592 ipso
1366 1514 1460 1591 posita

116 1628 142 1665 1⁰
157 1621 275 1679 nomine
308 1621 406 1680 minus
439 1619 559 1699 quidem
596 1617 698 1699 plene,
734 1619 812 1680 idern
850 1629 949 1682 tamen
984 1619 1138 1699 significet
1183 1618 1355 1680 Pronomini
1388 1628 1461 1697 quot

156 1721 316 1785 accidunt?
352 1728 423 1787 Sex.
465 1729 570 1799 Quae?
611 1726 743 1798 Qualitas
772 1745 867 1807 genus
895 1745 1038 1788 numerus
1067 1727 1160 1806 ligura
1186 1743 1315 1806 persona
1342 1744 1460 1787 casus.

156 1832 208 1893 sed
232 1832 356 1912 qualitas
384 1835 593 1913 pronominum
621 1835 652 1893 in
679 1841 742 1895 tres
769 1837 885 1914 species
913 1834 1055 1894 dividitur
1077 1853 1085 1894 ε
1109 1851 1175 1894 nam
1203 1841 1255 1893 aut
1281 1832 1363 1893 finita
1390 1840 1461 1893 sunt

156 1941 330 2019 pronomina
350 1948 401 2000 aut
420 1941 534 2000 infinita
554 1947 606 2000 aut
625 1942 724 2001 minus
742 1958 830 2020 quam
848 1942 938 2002 linita.
972 1939 1064 2012 Quale
1084 1949 1129 2001 est
1144 1942 1259 2001 finitum
1273 1935 1461 2021 pronomen?

156 2046 285 2107 Finitum
309 2064 473 2126 pronomen
497 2055 544 2107 est
567 2046 646 2126 quod
669 2056 752 2109 notat
774 2056 886 2109 certam
909 2065 1083 2128 personam,
1106 2055 1140 2109 ut
1159 2065 1213 2127 ego
1232 2057 1279 2128 tu3
1303 2046 1461 2126 infinitum,

116 2160 142 2213 1⁵
157 2153 236 2232 quod
270 2162 381 2214 certam
414 2171 571 2233 personam
604 2172 664 2214 non
696 2153 800 2236 babet,
836 2163 870 2216 ut
898 2156 965 2233 quis
995 2172 1070 2233 quae
1098 2153 1178 2234 quod
1206 2200 1214 2214 .
1241 2153 1339 2214 blinus
1372 2171 1461 2232 quam

156 2261 271 2320 linitum
295 2260 366 2339 quid
390 2263 453 2320 est?
490 2259 577 2331 Quod
600 2262 691 2321 certis
714 2263 896 2341 incertisque
919 2264 1056 2341 personis
1080 2263 1175 2342 aptari
1202 2267 1314 2342 potest,
1342 2268 1376 2320 ut
1403 2260 1460 2319 iste

155 2366 203 2427 ille
231 2369 303 2446 ipse.
345 2365 462 2428 Genera
493 2369 704 2446 pronominum
735 2376 810 2446 quot
841 2363 932 2428 sunt?
973 2367 1057 2449 Tria,
1093 2367 1303 2448 masculinum,
1335 2373 1369 2426 ut
1402 2365 1461 2443 bic,

156 2474 344 2548 femininum,
372 2482 405 2534 ut
432 2473 519 2555 baec,
547 2481 702 2555 neutrum,
728 2481 764 2534 ut
791 2473 847 2535 boc
871 2521 877 2535 .
901 2482 972 2535 sunt
1000 2483 1030 2536 et
1057 2476 1238 2554 communia,
1270 2483 1303 2534 ut
1331 2491 1386 2552 ego
1418 2482 1458 2533 tu.

155 2579 277 2640 Numeri
301 2582 510 2659 pronominum
534 2589 607 2660 quot
630 2576 723 2641 sunt?
759 2579 838 2661 Duo,
861 2580 1033 2662 singularis,
1060 2589 1095 2642 ut
1117 2577 1182 2661 bic,
1210 2580 1346 2660 pluralis,
1370 2590 1404 2641 ut
1427 2579 1459 2640 hi

115 2685 241 2764 ²⁰[item
264 2687 376 2768 dualis,
403 2695 437 2748 ut
460 2686 519 2749 duo
543 2686 629 2749 ambo
652 2684 793 2767 uterque]
819 2733 826 2747 .
850 2698 896 2749 est
919 2696 950 2748 et
973 2705 1116 2748 numerus
1140 2689 1322 2767 communis,
1349 2689 1401 2766 qui
1428 2689 1460 2747 in

155 2794 297 2874 singulari
320 2793 486 2875 pluralique
510 2793 645 2855 similiter
668 2795 804 2874 ponitur,
826 2801 860 2854 ut
883 2795 934 2873 qui
958 2807 1048 2873 quae:
1079 2793 1205 2855 dicimus
1234 2795 1312 2853 enim
1341 2795 1392 2872 qui
1416 2794 1461 2853 vir

156 2909 186 2962 et
213 2903 264 2980 qui
292 2902 359 2975 viri,
392 2919 467 2980 quae
496 2900 605 2961 mulier
632 2907 663 2960 et
690 2916 765 2977 quae
794 2891 943 2961 mulieres
986 2900 1113 2980 Figurae
1145 2902 1354 2980 pronominum
1387 2906 1460 2978 quot

155 3004 247 3068 sunt?
284 3007 378 3088 Duae,
401 3005 539 3087 simplex,
557 3015 591 3067 ut
610 3007 691 3087 quis,
710 3007 886 3088 composita,
905 3015 939 3068 ut
957 3008 1101 3087 quisquis.
1139 3005 1231 3067 Casus
1249 3009 1459 3087 pronominum

156 3124 229 3194 quot
247 3110 338 3175 sunt?
371 3113 508 3175 Totidem
528 3122 600 3193 quot
618 3123 649 3174 et
667 3115 828 3174 nominum.
849 3107 854 3192 Ι
875 3112 1023 3175 Personae
1038 3123 1111 3194 quot
1125 3110 1218 3175 sunt?
1254 3113 1342 3193 Tres,
1365 3115 1461 3193 prima

60 3230 64 3238 “
116 3221 402 3303 25111111110111111111,
430 3229 463 3282 ut
486 3238 555 3301 ego;
583 3219 712 3282 secunda
735 3219 772 3280 ad
796 3237 884 3299 quarn
911 3219 1059 3300 loquitur,
1087 3229 1121 3281 ut
1148 3229 1194 3301 tu;
1222 3221 1310 3281 tertia
1336 3218 1373 3279 de
1402 3237 1460 3297 qua

156 3330 302 3408 loquitur,
325 3335 358 3388 ut
381 3327 429 3387 ille
454 3375 460 3388 .
484 3329 659 3407 pronomina
687 3333 786 3387 autem
814 3325 972 3407 quaedam,
999 3333 1033 3386 ut
1064 3328 1196 3407 nomios,
1223 3334 1274 3387 aut
1301 3343 1461 3386 numerum

155 3436 334 3514 significant,
362 3443 396 3494 ut
419 3441 493 3513 quot
515 3441 572 3509 tot3
590 3420 653 3494 ¹aut
680 3441 812 3514 gentem,
840 3441 874 3494 ut
901 3435 984 3494 cuias
1011 3443 1142 3515 nostras;
1170 3443 1221 3495 aut
1248 3432 1398 3513 ordinem,
1426 3440 1461 3492 ot

156 3550 265 3623 quotus
289 3550 383 3621 totus3
407 3551 457 3602 aut
480 3539 665 3622 qualitatem,
688 3548 721 3601 ut
744 3539 840 3620 qualis
863 3539 943 3623 talis3
966 3550 1017 3603 aut
1041 3543 1250 3622 quantitatem,
1274 3550 1308 3601 ut
1331 3546 1460 3619 quantus

156 3656 256 3710 tantus
280 3695 286 3708 .
310 3646 452 3726 quaedam
476 3658 575 3709 autem
599 3646 634 3707 ad
658 3646 767 3726 aliquid
791 3646 946 3711 dicuntur:
976 3666 1044 3710 uam
1072 3651 1136 3710 sine
1165 3647 1222 3709 alio
1245 3647 1377 3726 intellegi
1400 3664 1459 3707 non

114 3761 142 3801 ⁸⁰
155 3762 294 3837 possunt,
317 3763 351 3815 ut
375 3772 459 3815 meus
477 3762 548 3818 tuus
567 3772 648 3815 suus.
685 3753 848 3815 Declinatio
867 3773 1011 3835 personae
1030 3758 1142 3837 primae
1162 3754 1261 3815 finitae
1281 3763 1355 3834 quot
1373 3772 1460 3815 casus

154 3860 269 3924 babet?
309 3861 447 3940 Quinque
478 3869 607 3923 tantum:
639 3863 771 3922 vocativo
799 3862 879 3922 enlm
907 3870 989 3933 caret
1017 3870 1077 3923 tam
1104 3863 1135 3922 in
1163 3860 1305 3940 singulari
1334 3879 1460 3922 numero

155 3988 242 4049 quam
266 3971 297 4029 in
320 3967 441 4049 plurali,
469 3970 538 4047 quia
561 3985 649 4029 nemo
672 3976 812 4027 sevocat
835 3985 852 4027 o
877 3985 946 4048 ego,
973 3986 991 4028 o
1015 3986 1069 4029 nos
1093 4016 1100 4029 .
1124 3969 1167 4028 sic
1191 3987 1263 4047 ergo
1285 3967 1460 4049 declinatur,

243 4253 258 4301 2
279 4245 400 4316 agilibus
419 4261 469 4299 om.
488 4243 561 4298 ΒΜ
631 4241 805 4312 3ρ111111111111
828 4258 878 4297 orn.
903 4245 951 4312 M,
978 4245 1042 4302 add.
1065 4243 1094 4298 Β
1165 4244 1276 4315 syllsbo
1300 4246 1373 4301 ΒΜ
1442 4249 1458 4301 8

153 4328 202 4382 llll
221 4323 440 4381 PRONOMINE
459 4339 510 4378 orn.
528 4323 572 4389 B,
591 4322 655 4378 add.
675 4322 714 4376 Μ
784 4328 818 4378 10
836 4322 911 4379 idem
933 4326 1030 4380 lemen
1054 4325 1092 4379 M
1108 4327 1202 4380 tamen
1225 4324 1301 4381 idem
1323 4326 1352 4380 Β
1426 4333 1456 4380 11

154 4408 207 4462 Sex
227 4404 464 4471 nassonem
535 4409 568 4458 12
587 4403 617 4457 in
635 4401 705 4473 tres]
724 4401 798 4458 inter
815 4403 843 4457 Β
915 4409 950 4458 14
967 4403 1078 4460 linitum
1092 4421 1107 4460 e
1122 4421 1275 4474 pronomen
1289 4405 1365 4474 quod
1379 4407 1460 4460 notat

154 4487 261 4540 certum
283 4501 431 4556 personam
450 4484 489 4538 Μ
509 4481 619 4537 linitum
642 4497 795 4552 pronomen
818 4489 833 4538 ὃ
857 4483 933 4553 quod
954 4501 1057 4541 nomen
1079 4488 1123 4542 est
1145 4485 1221 4554 quod
1244 4500 1347 4540 nomen
1368 4487 1460 4540 certet

153 4583 301 4636 personam
320 4566 348 4619 Β
423 4570 454 4618 15
474 4564 526 4617 1111.
545 4563 639 4618 minus
662 4577 748 4631 quem
770 4562 880 4617 finitum
904 4562 972 4634 quid
996 4564 1074 4635 (quid
1096 4582 1146 4620 om.
1170 4565 1210 4636 Β)
1233 4565 1266 4620 le
1290 4564 1366 4633 quod
1389 4564 1461 4620 ΒΜ

189 4651 222 4699 18
242 4649 271 4701 et
288 4662 339 4700 om.
359 4645 397 4699 Μ
466 4649 501 4697 20
520 4642 611 4698 duelis
629 4644 659 4698 et
676 4642 731 4697 duo
748 4642 823 4697 ΒΜ
891 4647 935 4700 est
958 4643 1032 4699 enim
1056 4647 1085 4701 st
1108 4645 1262 4701 communis
1286 4644 1357 4699 ΒΜ
1424 4651 1460 4701 14

121 4743 124 4748 ’
153 4726 244 4796 primo
271 4725 319 4794 qui
347 4724 472 4793 loquitur
495 4725 533 4779 M
603 4731 638 4780 25
661 4722 759 4794 quem]
785 4740 869 4793 quem
891 4724 964 4779 ΒΜ
1030 4725 1139 4794 dequo
1159 4728 1198 4782 M
1267 4735 1302 4785 26
1316 4728 1458 4798 'quwdsm

153 4804 334 4861 uninomina
352 4803 380 4857 B
451 4809 485 4858 27
505 4803 581 4860 ouius
599 4804 627 4858 Β
646 4802 724 4859 cuius
742 4804 782 4859 M
850 4812 883 4862 ³1
903 4805 1065 4862 uocauuum
1082 4806 1155 4860 ΒΜ
