3316 5474
164 337 229 402 446
544 350 548 355 ’
655 336 829 392 cunstitui
848 334 968 390 uussu

164 523 324 583 Frontonis
343 522 469 600 ‹ptrodaur
488 520 578 603 illuc,
602 524 652 600 epiri
672 523 805 582 coritiuet
824 521 956 601 exempla
975 520 1183 583 elocutionum.
1232 523 1339 594 Quem
1361 520 1486 602 quide·

165 628 288 710 librum,
312 648 380 689 cunr
403 628 443 689 lo.
467 628 637 688 Zamoscius
661 636 776 709 noster,
799 628 971 691 adolescens
993 629 1243 711 litteratissimus,
1271 649 1313 691 ex
1340 628 1431 691 ltalia
1455 630 1484 690 iu

164 735 316 797 Poloniam
340 735 375 795 nd
400 754 446 795 me
471 737 615 816 misisset,
643 738 783 814 quoniam
806 746 891 797 antea
914 754 1033 816 quoque
1057 754 1093 797 ex
1117 754 1152 796 eo
1176 736 1326 815 Sigonius
1351 734 1483 816 quadra·

165 845 244 922 ginta
274 843 337 903 lere
370 841 424 901 alia
457 841 620 919 iragmeuta
652 841 806 921 elicuerat,
837 844 928 921 inque
960 860 1043 902 stram
1076 843 1274 923 posteriorem
1311 842 1481 905 editionem

166 950 370 1029 transtulerat3
393 948 461 1009 dedi
484 951 600 1028 etipse
625 967 758 1030 operam,
782 957 815 1010 ut
838 948 906 1009 inde
930 950 1017 1010 etiam
1041 958 1071 1010 et
1089 949 1159 1010 boio
1177 957 1302 1011 nostrae
1323 970 1480 1013 commen·

166 1055 277 1116 dationi
300 1057 430 1116 accessio
454 1054 594 1116 nonnulla
618 1058 749 1135 quaesita
773 1075 839 1117 esse
863 1050 1043 1117 videretur’:
1066 1056 1105 1116 cl.
1128 1056 1212 1116 drus.
1236 1075 1265 1136 p.
1290 1054 1372 1119 226.

256 1161 390 1241 benique
414 1180 448 1223 ex
472 1162 528 1221 boc
553 1180 661 1241 genere
686 1161 822 1222 codicum
846 1162 901 1222 luit
924 1164 950 1222 is
973 1181 1032 1242 qno
1055 1162 1258 1224 Ludovicus
1282 1163 1421 1227 Carrio
1449 1168 1478 1227 in

167 1269 296 1331 editione
321 1267 451 1328 Sallustii
474 1270 680 1349 Autvcrpiensi
704 1287 728 1329 a.
757 1264 839 1330 1579
864 1287 936 1330 usus
959 1279 1018 1351 est,
1041 1288 1219 1350 quamquam
1242 1273 1268 1331 is
1293 1290 1356 1333 uon
1382 1271 1476 1335 Fron·

168 1387 280 1457 touem,
314 1376 365 1436 sed
390 1376 567 1436 drusianam
591 1375 734 1457 blessum,
766 1394 854 1456 quem
887 1376 972 1456 dicit,
1004 1386 1155 1438 auctorem
1183 1376 1252 1438 libri
1280 1378 1475 1459 appellarit.

167 1485 223 1545 icoc
247 1486 365 1544 nomine
390 1484 469 1542 euim
493 1484 609 1561 saepius
633 1501 701 1544 eunt
725 1486 965 1545 commemoravit
987 1487 1073 1564 eique
1097 1487 1211 1564 primus
1234 1503 1367 1564 eaquae
1387 1494 1476 1548 autea

169 1592 319 1652 Frontone
347 1599 468 1651 auctore
497 1598 615 1669 recepta
644 1601 729 1651 erant
751 1591 923 1672 vindicavit,
952 1593 982 1652 iu
1007 1591 1074 1653 Sall.
1098 1592 1199 1671 lragm.
1223 1592 1291 1652 bist.
1316 1589 1376 1652 19
1402 1613 1431 1672 p.
1453 1589 1474 1655 6

169 1699 214 1759 ed.
243 1696 312 1758 llav.
344 1696 464 1757 cernente
496 1705 623 1757 necterent
655 1716 777 1758 secrrrrn
810 1708 900 1774 atque
928 1701 1106 1760 Auentinum
1139 1702 1259 1773 insedit,
1293 1693 1474 1761 ‘Arusianus

169 1805 255 1865 llcss.
283 1803 381 1864 libello
414 1803 450 1863 de
484 1803 684 1865 elocutionum
712 1805 868 1885 exemplis,
900 1825 988 1885 quern
1021 1807 1139 1885 quidam
1167 1808 1266 1885 inepte
1298 1808 1417 1886 pariter
1444 1816 1474 1868 et

171 1914 332 1972 inscienter
352 1911 418 1971 Cor.
438 1910 581 1971 Frontoni
602 1909 748 1992 tribuunt,
772 1911 844 1973 baec
864 1912 1037 1973 Sallustiana
1062 1908 1161 1973 citat’:
1186 1914 1223 1972 ci.
1241 1915 1328 1973 Artis.
1347 1933 1376 1993 p.
1398 1911 1472 1975 236.

170 2021 268 2098 ipsum
292 2019 424 2079 codicem
448 2017 645 2078 Elnoucnsem
670 2019 761 2079 inisse
784 2019 856 2080 dicit
879 2021 908 2080 in
933 2022 1034 2100 fragm.
1053 2019 1118 2081 bist
1140 2019 1151 2078 l
1172 2016 1213 2081 85
1232 2039 1259 2099 p.
1279 2017 1323 2080 35
1343 2019 1471 2081 edllar.

171 2133 402 2202 eruderaverunt
434 2128 601 2185 exercitum
634 2125 862 2201 Dyrrhachium
899 2144 1021 2202 copore,
1058 2122 1231 2188 ‘Arusianus
1268 2126 1373 2188 eodem
1413 2146 1472 2208 quo

172 2235 325 2312 superiora
343 2230 433 2293 libro:
461 2235 540 2306 dopo
558 2240 587 2293 te
607 2235 732 2293 domum.
770 2234 998 2310 Dyrrhachium
1017 2242 1115 2295 autem
1129 2236 1215 2314 posui
1230 2252 1284 2313 pro
1299 2235 1472 2317 bruchium,

171 2339 250 2418 quod
274 2341 314 2399 ita
337 2342 366 2399 iu
391 2337 466 2398 libro
490 2337 651 2399 Elnoueusi
674 2334 784 2401 esset':
807 2340 843 2400 cl.
868 2340 952 2401 brus.
976 2360 1003 2420 p.
1026 2337 1100 2402 218.

260 2446 365 2507 Omnia
398 2455 496 2507 autem
530 2463 604 2524 quae
637 2464 672 2505 ex
705 2444 751 2505 bis
782 2443 867 2505 libris
899 2445 968 2505 olim
1001 2444 1037 2505 ab
1074 2445 1236 2507 editoribus
1270 2445 1405 2508 Sallustii
1443 2458 1473 2509 et

172 2553 324 2614 Ciceronis
348 2552 460 2632 prolata
484 2561 553 2612 sunt
577 2569 644 2611 cum
668 2551 734 2612 liaii
758 2550 910 2613 codicibus
933 2552 1018 2631 plaue
1038 2556 1249 2614 consentiunt.
1264 2572 1350 2615 acue
1367 2553 1471 2616 Carrio

173 2660 292 2740 quidem
316 2662 345 2720 iu
370 2659 531 2721 Elnoueusi
555 2661 691 2719 drusiani
719 2658 833 2740 codice,
866 2677 955 2738 quem
987 2660 1072 2741 dicit,
1105 2660 1188 2739 plura
1220 2660 1348 2741 legebat,
1381 2680 1472 2740 quam

173 2786 247 2848 quae
271 2769 301 2827 iu
326 2769 473 2847 excerptis
497 2767 669 2847 Frontonis,
696 2766 804 2845 quibus
828 2767 935 2847 reliqui
964 2768 1009 2827 usi
1038 2776 1135 2847 erant,
1162 2769 1272 2847 scripta
1301 2775 1384 2849 suut,
1418 2769 1470 2829 sed

174 2874 306 2954 exempla
326 2873 457 2935 Sallustii
480 2876 509 2935 in
532 2875 590 2935 illis
613 2893 700 2955 saepe
724 2874 877 2935 decurtata
896 2874 999 2935 eodem
1019 2874 1105 2933 modo
1125 2876 1283 2954 repetivit.
1298 2878 1472 2938 coniectura

172 2986 320 3043 inventam
344 2982 501 3043 lectionem
525 3003 540 3043 e
565 2984 665 3044 codice
690 3001 744 3043 suo
768 2980 890 3060 protulit
912 2983 942 3041 iu
971 2982 1073 3060 lragm.
1097 2981 1164 3041 bist.
1190 2980 1266 3042 124
1294 2983 1372 3062 apud
1395 2985 1472 3045 Arri·

173 3094 288 3151 sianum
311 3110 339 3170 p.
363 3085 442 3168 233,
462 3108 580 3164 prunus
604 3093 695 3162 itlius,
720 3091 781 3149 Sul.
804 3091 871 3149 hist.
899 3090 916 3148 Ι
935 3096 965 3149 et
987 3093 1107 3149 urrrneri
1128 3107 1231 3150 eorrirn
1257 3090 1392 3150 ,tierricus
1412 3110 1473 3168 per

173 3204 290 3260 litteras
312 3215 443 3275 prunus,
467 3194 518 3254 ubi
541 3214 594 3274 pro
619 3206 647 3256 et
670 3200 801 3270 creutzeri,
831 3196 908 3275 quod
937 3198 966 3256 iu
991 3195 1074 3256 libris
1097 3214 1185 3256 mauu
1210 3198 1329 3274 scriptis
1353 3196 1474 3280 legitur,

175 3309 292 3366 itineris
316 3305 435 3383 scripsit
454 3302 507 3362 bac
527 3301 623 3362 addita
642 3303 828 3362 adnotatione
848 3322 875 3381 p.
894 3300 938 3362 40
957 3302 1009 3365 ed..
1021 3302 1100 3383 llav,
1124 3297 1176 3363 ‘ita
1195 3305 1224 3362 in
1243 3320 1309 3361 meo
1325 3303 1473 3365 drusiauo

174 3423 228 3495 est,
242 3411 319 3490 qrtod
336 3408 371 3470 ab
391 3410 455 3470 aliis
475 3410 531 3489 legi
551 3408 647 3470 video:
671 3417 700 3470 et
717 3412 851 3470 merereris
868 3427 993 3469 eorum.
1014 3408 1096 3470 male.
1133 3409 1247 3469 llessus
1262 3411 1291 3469 iu
1307 3408 1474 3475 locutione:

171 3539 290 3596 prtinus
314 3512 409 3578 iilius'
434 3564 440 3577 .
465 3526 598 3576 ceterum
630 3526 698 3596 post
726 3515 896 3575 Carriouem
930 3534 988 3575 nou
1016 3517 1133 3575 invenio
1161 3533 1177 3575 a
1206 3534 1353 3594 qtroquam
1382 3517 1473 3580 Elno-

175 3645 296 3687 ueusem
320 3626 457 3685 drusiani
481 3624 612 3683 codicem
637 3632 898 3682 commemoratum
922 3641 1001 3702 esse,
1025 3641 1121 3701 neque
1146 3624 1223 3682 inter
1247 3623 1363 3683 codices
1383 3624 1474 3686 Eluo·

174 3752 281 3794 nenses
305 3734 356 3811 qrri
379 3750 458 3791 utruc
482 3738 643 3809 supersunt
666 3732 730 3789 eius
754 3731 895 3788 memoria
918 3739 1005 3790 extat.

263 3837 355 3898 Nimis
380 3836 464 3915 longa
488 3835 686 3916 disputatione
711 3854 785 3915 opus
809 3836 865 3896 luit
887 3835 922 3895 ad
951 3838 1081 3897 rationes
1110 3855 1212 3897 eorurn
1242 3837 1392 3919 codicum,
1419 3845 1474 3919 (ptri

173 3945 269 4005 aclbuc
301 3948 331 4004 in
363 3942 439 4004 libro
473 3944 609 4003 drusiani
643 3945 775 4022 usurpati
809 3951 892 4023 sunt,
924 3942 1123 4025 explicandas,
1156 3963 1332 4024 ‹pcraruquam
1366 3965 1473 4010 eorum

173 4055 305 4113 cunnum
338 4050 447 4111 nullam
480 4048 635 4110 utilitatem
668 4068 733 4109 esse
767 4068 803 4109 ex
836 4048 881 4109 bis
913 4051 985 4129 ipsis
1018 4068 1092 4129 qnae
1125 4050 1185 4111 dixi
1218 4063 1338 4131 apparet
1368 4101 1374 4112 .
1403 4072 1474 4115 uam

173 4162 344 4239 incorrupta
369 4160 477 4218 veteris
501 4134 667 4237 scripturae
690 4155 762 4217 tides
785 4175 821 4217 ex
846 4157 907 4216 solo
927 4156 1075 4217 Parrhasii
1094 4157 1208 4238 codiee,
1232 4176 1320 4236 quern
1339 4161 1474 4237 priorem

173 4267 246 4346 vlixi,
270 4266 472 4345 cognoscitur,
501 4264 613 4343 reliqua
637 4264 817 4344 apographa,
846 4262 1024 4343 ubicumque
1053 4262 1089 4323 ab
1118 4263 1166 4324 illo
1195 4264 1388 4345 dissentiunt,
1421 4277 1475 4327 aut

173 4392 275 4433 errore
300 4371 494 4433 scribentium
519 4372 674 4451 depravatu
698 4380 748 4432 aut
771 4373 951 4432 coniecturis
980 4370 1118 4431 ltaloruur
1150 4379 1179 4432 et
1202 4369 1390 4451 batavorum,
1420 4377 1474 4451 qui

174 4480 298 4540 multum
322 4498 428 4558 operae
453 4479 521 4539 alirn
546 4482 575 4539 iu
599 4480 655 4539 hoc
678 4478 753 4539 libro
784 4478 1015 4559 collocaverunt,
1043 4486 1152 4538 mittatc
1181 4488 1250 4538 suut
1273 4526 1279 4537 .
1305 4479 1405 4555 itaque
1436 4481 1473 4540 ad

173 4590 344 4647 memoriam
364 4586 517 4647 bobiensis
542 4586 652 4646 codicis
676 4585 888 4645 restituendam
907 4586 985 4646 bunc
1005 4604 1097 4646 cirrum
1116 4586 1221 4645 ducem
1240 4594 1361 4645 secutus
1381 4605 1473 4650 sum.

172 4693 344 4772 compendia
374 4695 461 4752 etiam
491 4694 665 4773 scripturae,
701 4691 809 4772 quibus
840 4693 957 4752 nomina
991 4694 1169 4770 scriptorum
1203 4700 1233 4751 et
1264 4691 1424 4774 librorum,
1456 4715 1475 4756 e

173 4799 282 4878 quibus
314 4798 446 4877 exeurpla
483 4799 683 4860 elocutionum
718 4801 811 4878 petita
848 4806 930 4878 suut,
967 4799 1128 4878 significata
1161 4809 1258 4877 eruut,
1295 4817 1330 4858 ex
1368 4800 1475 4863 codice
