<?xml version="1.0" encoding="UTF-8"?>
<!DOCTYPE html PUBLIC "-//W3C//DTD XHTML 1.0 Transitional//EN"
    "http://www.w3.org/TR/xhtml1/DTD/xhtml1-transitional.dtd">
<html xmlns="http://www.w3.org/1999/xhtml" xml:lang="en" lang="en">
 <head>
  <title>
</title>
<meta http-equiv="Content-Type" content="text/html;charset=utf-8" />
  <meta name='ocr-system' content='tesseract 3.04.00' />
  <meta name='ocr-capabilities' content='ocr_page ocr_carea ocr_par ocr_line ocrx_word'/>
</head>
<body>
  <div class='ocr_page' id='page_1' title='image "./grammaticilatin00keilgoog/grammaticilatin00keilgoog_0116.png"; bbox 0 0 3316 5474; ppageno 0'>
   <div class='ocr_carea' id='block_1_1' title="bbox 134 369 1443 524">
    <p class='ocr_par' dir='ltr' id='par_1_1' title="bbox 134 369 1443 524">
     <span class='ocr_line' id='line_1_1' title="bbox 646 369 1443 433; baseline 0.01 -8"><span class='ocrx_word' id='word_1_1' title='bbox 646 371 934 427; x_wconf 79' lang='lat' dir='ltr'><strong>ORTHOGRAPHIA</strong></span> <span class='ocrx_word' id='word_1_2' title='bbox 1401 369 1443 433; x_wconf 77' lang='grc'><strong>97</strong></span> 
     </span>
     <span class='ocr_line' id='line_1_2' title="bbox 134 475 312 524; baseline -0.017 -9"><span class='ocrx_word' id='word_1_3' title='bbox 134 487 157 524; x_wconf 78' lang='lat' dir='ltr'><strong>p.</strong></span> <span class='ocrx_word' id='word_1_4' title='bbox 172 476 232 514; x_wconf 76' lang='lat' dir='ltr'><strong>can.</strong></span> <span class='ocrx_word' id='word_1_5' title='bbox 246 476 273 513; x_wconf 78' lang='lat' dir='ltr'><strong>ra</strong></span> <span class='ocrx_word' id='word_1_6' title='bbox 287 475 312 512; x_wconf 79' lang='lat' dir='ltr'><strong>a.</strong></span> 
     </span>
    </p>
   </div>
   <div class='ocr_carea' id='block_1_2' title="bbox 96 548 1448 2237">
    <p class='ocr_par' dir='ltr' id='par_1_2' title="bbox 96 548 1448 2237">
     <span class='ocr_line' id='line_1_3' title="bbox 136 548 1444 638; baseline -0.005 -18"><span class='ocrx_word' id='word_1_7' title='bbox 136 560 266 620; x_wconf 79' lang='lat' dir='ltr'><strong>eradunt</strong></span> <span class='ocrx_word' id='word_1_8' title='bbox 292 560 450 638; x_wconf 81' lang='lat' dir='ltr'><strong>siguificat:</strong></span> <span class='ocrx_word' id='word_1_9' title='bbox 476 553 596 618; x_wconf 75' lang='lat' dir='ltr'><strong>‘casus</strong></span> <span class='ocrx_word' id='word_1_10' title='bbox 616 566 851 636; x_wconf 87' lang='lat' dir='ltr'><strong>superaverat</strong></span> <span class='ocrx_word' id='word_1_11' title='bbox 874 550 1014 617; x_wconf 89' lang='lat' dir='ltr'><strong>omnes&#39;</strong></span> <span class='ocrx_word' id='word_1_12' title='bbox 1032 573 1087 634; x_wconf 91' lang='lat' dir='ltr'><strong>pro</strong></span> <span class='ocrx_word' id='word_1_13' title='bbox 1111 563 1256 616; x_wconf 89' lang='lat' dir='ltr'><strong>evaserat:</strong></span> <span class='ocrx_word' id='word_1_14' title='bbox 1277 548 1281 636; x_wconf 93' lang='grc' dir='ltr'>Ι</span> <span class='ocrx_word' id='word_1_15' title='bbox 1303 549 1444 634; x_wconf 81' lang='lat' dir='ltr'><strong>‘captae</strong></span> 
     </span>
     <span class='ocr_line' id='line_1_4' title="bbox 136 659 1445 747; baseline -0.004 -20"><span class='ocrx_word' id='word_1_16' title='bbox 136 668 411 747; x_wconf 85' lang='lat' dir='ltr'><strong>superavimus</strong></span> <span class='ocrx_word' id='word_1_17' title='bbox 444 660 547 725; x_wconf 92' lang='lat' dir='ltr'><strong>urbi’</strong></span> <span class='ocrx_word' id='word_1_18' title='bbox 583 683 636 743; x_wconf 94' lang='lat' dir='ltr'><strong>pro</strong></span> <span class='ocrx_word' id='word_1_19' title='bbox 669 666 900 743; x_wconf 81' lang='lat' dir='ltr'><strong>superviximus:</strong></span> <span class='ocrx_word' id='word_1_20' title='bbox 938 659 1143 742; x_wconf 72' lang='lat' dir='ltr'><strong>‘superent</strong></span> <span class='ocrx_word' id='word_1_21' title='bbox 1178 662 1321 740; x_wconf 91' lang='lat' dir='ltr'><strong>quibus</strong></span> <span class='ocrx_word' id='word_1_22' title='bbox 1359 661 1445 742; x_wconf 95' lang='lat' dir='ltr'><strong>boc,</strong></span> 
     </span>
     <span class='ocr_line' id='line_1_5' title="bbox 136 767 726 852; baseline -0.003 -20"><span class='ocrx_word' id='word_1_23' title='bbox 136 773 317 852; x_wconf 81' lang='lat' dir='ltr'><strong>Neptune,</strong></span> <span class='ocrx_word' id='word_1_24' title='bbox 341 767 492 831; x_wconf 90' lang='lat' dir='ltr'><strong>dedisti&#39;</strong></span> <span class='ocrx_word' id='word_1_25' title='bbox 516 789 571 850; x_wconf 91' lang='lat' dir='ltr'><strong>pro</strong></span> <span class='ocrx_word' id='word_1_26' title='bbox 595 773 726 831; x_wconf 87' lang='lat' dir='ltr'><strong>vincant:</strong></span> 
     </span>
     <span class='ocr_line' id='line_1_6' title="bbox 299 870 1186 957; baseline -0.003 -19"><span class='ocrx_word' id='word_1_27' title='bbox 299 881 429 939; x_wconf 90' lang='lat' dir='ltr'><strong>amissa</strong></span> <span class='ocrx_word' id='word_1_28' title='bbox 453 877 552 939; x_wconf 92' lang='lat' dir='ltr'><strong>solus</strong></span> <span class='ocrx_word' id='word_1_29' title='bbox 575 877 689 956; x_wconf 90' lang='lat' dir='ltr'><strong>palma</strong></span> <span class='ocrx_word' id='word_1_30' title='bbox 714 877 911 957; x_wconf 89' lang='lat' dir='ltr'><strong>superabat</strong></span> <span class='ocrx_word' id='word_1_31' title='bbox 934 877 1082 936; x_wconf 76' lang='lat' dir='ltr'><strong>Acestes</strong></span> <span class='ocrx_word' id='word_1_32' title='bbox 1174 870 1186 884; x_wconf 75' lang='grc'><em>’</em></span> 
     </span>
     <span class='ocr_line' id='line_1_7' title="bbox 107 985 356 1068; baseline -0.008 -21"><span class='ocrx_word' id='word_1_33' title='bbox 107 1006 193 1068; x_wconf 66' lang='lat' dir='ltr'><strong>apro</strong></span> <span class='ocrx_word' id='word_1_34' title='bbox 217 985 356 1047; x_wconf 89' lang='lat' dir='ltr'><strong>restabat.</strong></span> 
     </span>
     <span class='ocr_line' id='line_1_8' title="bbox 229 1081 1348 1174; baseline -0.003 -20"><span class='ocrx_word' id='word_1_35' title='bbox 229 1093 396 1174; x_wconf 79' lang='lat' dir='ltr'><strong>Spectabat.</strong></span> <span class='ocrx_word' id='word_1_36' title='bbox 434 1101 569 1171; x_wconf 89' lang='lat' dir='ltr'><strong>spectare</strong></span> <span class='ocrx_word' id='word_1_37' title='bbox 592 1094 739 1170; x_wconf 76' lang='grc' dir='ltr'><em>θεωρεῖν</em></span> <span class='ocrx_word' id='word_1_38' title='bbox 763 1093 829 1171; x_wconf 91' lang='lat' dir='ltr'><strong>erit,</strong></span> <span class='ocrx_word' id='word_1_39' title='bbox 853 1098 1009 1170; x_wconf 81' lang='lat' dir='ltr'><strong>expectare</strong></span> <span class='ocrx_word' id='word_1_40' title='bbox 1034 1093 1097 1150; x_wconf 86' lang='lat' dir='ltr'><strong>sine</strong></span> <span class='ocrx_word' id='word_1_41' title='bbox 1121 1110 1135 1149; x_wconf 92' lang='lat' dir='ltr'><strong>s</strong></span> <span class='ocrx_word' id='word_1_42' title='bbox 1159 1081 1348 1170; x_wconf 79' lang='grc' dir='ltr'><strong><em>ἀναμένειν.</em></strong></span> 
     </span>
     <span class='ocr_line' id='line_1_9' title="bbox 229 1189 1446 1278; baseline -0.003 -18"><span class='ocrx_word' id='word_1_43' title='bbox 229 1200 356 1260; x_wconf 76' lang='lat' dir='ltr'><strong>demitte</strong></span> <span class='ocrx_word' id='word_1_44' title='bbox 393 1208 440 1259; x_wconf 86' lang='lat' dir='ltr'><strong>est</strong></span> <span class='ocrx_word' id='word_1_45' title='bbox 476 1198 616 1259; x_wconf 90' lang='lat' dir='ltr'><strong>deorsum</strong></span> <span class='ocrx_word' id='word_1_46' title='bbox 650 1202 750 1278; x_wconf 90' lang='lat' dir='ltr'><strong>mitte,</strong></span> <span class='ocrx_word' id='word_1_47' title='bbox 787 1198 908 1277; x_wconf 46' lang='lat' dir='ltr'><strong>dimitte·</strong></span> <span class='ocrx_word' id='word_1_48' title='bbox 940 1189 1112 1259; x_wconf 76' lang='grc' dir='ltr'><em>ἀπόλυσον</em></span> <span class='ocrx_word' id='word_1_49' title='bbox 1146 1198 1279 1258; x_wconf 88' lang='lat' dir='ltr'><strong>absolve:</strong></span> <span class='ocrx_word' id='word_1_50' title='bbox 1315 1198 1446 1257; x_wconf 88' lang='lat' dir='ltr'><strong>dismitte</strong></span> 
     </span>
     <span class='ocr_line' id='line_1_10' title="bbox 139 1306 313 1368; baseline -0.011 0"><span class='ocrx_word' id='word_1_51' title='bbox 139 1326 199 1368; x_wconf 93' lang='lat' dir='ltr'><strong>uon</strong></span> <span class='ocrx_word' id='word_1_52' title='bbox 223 1306 313 1367; x_wconf 77' lang='lat' dir='ltr'><strong>dicas,</strong></span> 
     </span>
     <span class='ocr_line' id='line_1_11' title="bbox 230 1411 980 1491; baseline 0 -20"><span class='ocrx_word' id='word_1_53' title='bbox 230 1413 320 1473; x_wconf 86' lang='lat' dir='ltr'><strong>Fidus</strong></span> <span class='ocrx_word' id='word_1_54' title='bbox 344 1415 457 1473; x_wconf 89' lang='lat' dir='ltr'><strong>amicus</strong></span> <span class='ocrx_word' id='word_1_55' title='bbox 482 1414 552 1491; x_wconf 88' lang='lat' dir='ltr'><strong>erit;</strong></span> <span class='ocrx_word' id='word_1_56' title='bbox 576 1412 718 1472; x_wconf 92' lang='lat' dir='ltr'><strong>lamulum</strong></span> <span class='ocrx_word' id='word_1_57' title='bbox 741 1411 857 1472; x_wconf 84' lang='lat' dir='ltr'><strong>fidelem</strong></span> <span class='ocrx_word' id='word_1_58' title='bbox 881 1411 980 1472; x_wconf 88' lang='lat' dir='ltr'><strong>dicito.</strong></span> 
     </span>
     <span class='ocr_line' id='line_1_12' title="bbox 96 1515 1446 1598; baseline 0 -20"><span class='ocrx_word' id='word_1_59' title='bbox 96 1548 126 1587; x_wconf 79' lang='lat'><strong>10</strong></span> <span class='ocrx_word' id='word_1_60' title='bbox 232 1518 337 1578; x_wconf 88' lang='lat' dir='ltr'><strong>Coram</strong></span> <span class='ocrx_word' id='word_1_61' title='bbox 350 1518 399 1578; x_wconf 93' lang='lat' dir='ltr'><strong>illo</strong></span> <span class='ocrx_word' id='word_1_62' title='bbox 410 1518 578 1598; x_wconf 89' lang='lat' dir='ltr'><strong>dicendum,</strong></span> <span class='ocrx_word' id='word_1_63' title='bbox 589 1537 646 1578; x_wconf 93' lang='lat' dir='ltr'><strong>non</strong></span> <span class='ocrx_word' id='word_1_64' title='bbox 658 1518 752 1596; x_wconf 89' lang='lat' dir='ltr'><strong>palam</strong></span> <span class='ocrx_word' id='word_1_65' title='bbox 766 1517 822 1578; x_wconf 91' lang='lat' dir='ltr'><strong>illo.</strong></span> <span class='ocrx_word' id='word_1_66' title='bbox 839 1537 905 1579; x_wconf 89' lang='lat' dir='ltr'><strong>nam</strong></span> <span class='ocrx_word' id='word_1_67' title='bbox 915 1518 1010 1598; x_wconf 89' lang='lat' dir='ltr'><strong>palam</strong></span> <span class='ocrx_word' id='word_1_68' title='bbox 1020 1518 1055 1579; x_wconf 96' lang='lat' dir='ltr'><strong>ad</strong></span> <span class='ocrx_word' id='word_1_69' title='bbox 1066 1520 1176 1580; x_wconf 89' lang='lat' dir='ltr'><strong>multos</strong></span> <span class='ocrx_word' id='word_1_70' title='bbox 1185 1520 1330 1580; x_wconf 84' lang='lat' dir='ltr'><strong>retertur:</strong></span> <span class='ocrx_word' id='word_1_71' title='bbox 1341 1515 1446 1598; x_wconf 81' lang='lat' dir='ltr'><strong>‘palam</strong></span> 
     </span>
     <span class='ocr_line' id='line_1_13' title="bbox 140 1620 1446 1704; baseline -0.002 -17"><span class='ocrx_word' id='word_1_72' title='bbox 140 1627 251 1687; x_wconf 87' lang='lat' dir='ltr'><strong>lactum</strong></span> <span class='ocrx_word' id='word_1_73' title='bbox 272 1620 336 1685; x_wconf 83' lang='lat' dir='ltr'><strong>est&#39;</strong></span> <span class='ocrx_word' id='word_1_74' title='bbox 356 1624 393 1684; x_wconf 89' lang='lat' dir='ltr'><strong>de</strong></span> <span class='ocrx_word' id='word_1_75' title='bbox 413 1623 513 1683; x_wconf 84' lang='lat' dir='ltr'><strong>multis</strong></span> <span class='ocrx_word' id='word_1_76' title='bbox 532 1623 620 1683; x_wconf 87' lang='lat' dir='ltr'><strong>babet</strong></span> <span class='ocrx_word' id='word_1_77' title='bbox 640 1625 897 1704; x_wconf 82' lang='lat' dir='ltr'><strong>significationem,</strong></span> <span class='ocrx_word' id='word_1_78' title='bbox 917 1627 1032 1685; x_wconf 88' lang='lat' dir='ltr'><strong>etiamsi</strong></span> <span class='ocrx_word' id='word_1_79' title='bbox 1051 1625 1107 1685; x_wconf 94' lang='lat' dir='ltr'><strong>boc</strong></span> <span class='ocrx_word' id='word_1_80' title='bbox 1126 1634 1242 1687; x_wconf 91' lang='lat' dir='ltr'><strong>veteres</strong></span> <span class='ocrx_word' id='word_1_81' title='bbox 1262 1627 1446 1686; x_wconf 85' lang='lat' dir='ltr'><strong>variaverint.</strong></span> 
     </span>
     <span class='ocr_line' id='line_1_14' title="bbox 231 1732 1370 1813; baseline -0.001 -20"><span class='ocrx_word' id='word_1_82' title='bbox 231 1733 444 1813; x_wconf 84' lang='lat' dir='ltr'><strong>Cognoscimns</strong></span> <span class='ocrx_word' id='word_1_83' title='bbox 468 1733 565 1810; x_wconf 90' lang='lat' dir='ltr'><strong>ignota</strong></span> <span class='ocrx_word' id='word_1_84' title='bbox 590 1739 620 1790; x_wconf 84' lang='lat' dir='ltr'><strong>et</strong></span> <span class='ocrx_word' id='word_1_85' title='bbox 642 1732 748 1810; x_wconf 88' lang='lat' dir='ltr'><strong>invisa,</strong></span> <span class='ocrx_word' id='word_1_86' title='bbox 772 1733 960 1810; x_wconf 84' lang='lat' dir='ltr'><strong>agnoscimus</strong></span> <span class='ocrx_word' id='word_1_87' title='bbox 983 1750 1059 1810; x_wconf 88' lang='lat' dir='ltr'><strong>quae</strong></span> <span class='ocrx_word' id='word_1_88' title='bbox 1083 1732 1169 1793; x_wconf 93' lang='lat' dir='ltr'><strong>nobis</strong></span> <span class='ocrx_word' id='word_1_89' title='bbox 1192 1734 1370 1794; x_wconf 87' lang='lat' dir='ltr'><strong>exciderant.</strong></span> 
     </span>
     <span class='ocr_line' id='line_1_15' title="bbox 231 1837 1189 1919; baseline 0.002 -20"><span class='ocrx_word' id='word_1_90' title='bbox 231 1839 313 1900; x_wconf 91' lang='lat' dir='ltr'><strong>lllius</strong></span> <span class='ocrx_word' id='word_1_91' title='bbox 337 1839 441 1900; x_wconf 89' lang='lat' dir='ltr'><strong>similis</strong></span> <span class='ocrx_word' id='word_1_92' title='bbox 464 1837 499 1898; x_wconf 91' lang='lat' dir='ltr'><strong>ad</strong></span> <span class='ocrx_word' id='word_1_93' title='bbox 523 1856 622 1898; x_wconf 91' lang='lat' dir='ltr'><strong>mores</strong></span> <span class='ocrx_word' id='word_1_94' title='bbox 645 1838 790 1919; x_wconf 84' lang='lat' dir='ltr'><strong>retertur,</strong></span> <span class='ocrx_word' id='word_1_95' title='bbox 813 1837 855 1898; x_wconf 95' lang='lat' dir='ltr'><strong>illi</strong></span> <span class='ocrx_word' id='word_1_96' title='bbox 879 1838 984 1899; x_wconf 89' lang='lat' dir='ltr'><strong>similis</strong></span> <span class='ocrx_word' id='word_1_97' title='bbox 1007 1838 1043 1898; x_wconf 87' lang='lat' dir='ltr'><strong>ad</strong></span> <span class='ocrx_word' id='word_1_98' title='bbox 1067 1839 1189 1902; x_wconf 88' lang='lat' dir='ltr'><strong>vultum.</strong></span> 
     </span>
     <span class='ocr_line' id='line_1_16' title="bbox 233 1937 1040 2025; baseline 0 -20"><span class='ocrx_word' id='word_1_99' title='bbox 233 1945 368 2025; x_wconf 79' lang='lat' dir='ltr'><strong>Cilpeum</strong></span> <span class='ocrx_word' id='word_1_100' title='bbox 392 1937 533 2018; x_wconf 79' lang='grc' dir='ltr'><em>ἀσπίδα,</em></span> <span class='ocrx_word' id='word_1_101' title='bbox 558 1943 695 2023; x_wconf 88' lang='lat' dir='ltr'><strong>clupeum</strong></span> <span class='ocrx_word' id='word_1_102' title='bbox 720 1953 926 2004; x_wconf 88' lang='lat' dir='ltr'><strong>ornamentum</strong></span> <span class='ocrx_word' id='word_1_103' title='bbox 951 1943 1040 2005; x_wconf 86' lang='lat' dir='ltr'><strong>dices.</strong></span> 
     </span>
     <span class='ocr_line' id='line_1_17' title="bbox 234 2049 1338 2131; baseline 0.003 -19"><span class='ocrx_word' id='word_1_104' title='bbox 234 2053 345 2112; x_wconf 81' lang='lat' dir='ltr'><strong>Versus</strong></span> <span class='ocrx_word' id='word_1_105' title='bbox 367 2053 489 2131; x_wconf 79' lang='lat' dir='ltr'><strong>paginae</strong></span> <span class='ocrx_word' id='word_1_106' title='bbox 514 2049 645 2129; x_wconf 90' lang='lat' dir='ltr'><strong>dicetur,</strong></span> <span class='ocrx_word' id='word_1_107' title='bbox 668 2069 772 2110; x_wconf 89' lang='lat' dir='ltr'><strong>versus</strong></span> <span class='ocrx_word' id='word_1_108' title='bbox 795 2053 983 2131; x_wconf 88' lang='lat' dir='ltr'><strong>participium</strong></span> <span class='ocrx_word' id='word_1_109' title='bbox 1007 2060 1053 2112; x_wconf 88' lang='lat' dir='ltr'><strong>est</strong></span> <span class='ocrx_word' id='word_1_110' title='bbox 1075 2070 1092 2111; x_wconf 91' lang='lat' dir='ltr'><strong>a</strong></span> <span class='ocrx_word' id='word_1_111' title='bbox 1116 2054 1206 2114; x_wconf 91' lang='lat' dir='ltr'><strong>verbo</strong></span> <span class='ocrx_word' id='word_1_112' title='bbox 1229 2062 1338 2115; x_wconf 89' lang='lat' dir='ltr'><strong>vertor.</strong></span> 
     </span>
     <span class='ocr_line' id='line_1_18' title="bbox 233 2150 1448 2237; baseline 0 -17"><span class='ocrx_word' id='word_1_113' title='bbox 233 2160 311 2220; x_wconf 68' lang='lat' dir='ltr'><strong>illias</strong></span> <span class='ocrx_word' id='word_1_114' title='bbox 326 2160 468 2237; x_wconf 90' lang='lat' dir='ltr'><strong>temporis</strong></span> <span class='ocrx_word' id='word_1_115' title='bbox 483 2168 528 2216; x_wconf 87' lang='lat' dir='ltr'><strong>est</strong></span> <span class='ocrx_word' id='word_1_116' title='bbox 543 2156 723 2236; x_wconf 87' lang='lat' dir='ltr'><strong>adverbium,</strong></span> <span class='ocrx_word' id='word_1_117' title='bbox 743 2157 821 2235; x_wconf 93' lang='lat' dir='ltr'><strong>quod</strong></span> <span class='ocrx_word' id='word_1_118' title='bbox 837 2158 942 2218; x_wconf 89' lang='lat' dir='ltr'><strong>Graeci</strong></span> <span class='ocrx_word' id='word_1_119' title='bbox 956 2150 1075 2220; x_wconf 79' lang='grc' dir='ltr'><strong><em>ἄλλοτε</em></strong></span> <span class='ocrx_word' id='word_1_120' title='bbox 1094 2163 1209 2235; x_wconf 74' lang='lat' dir='ltr'><strong>dictent,</strong></span> <span class='ocrx_word' id='word_1_121' title='bbox 1228 2161 1314 2222; x_wconf 89' lang='lat' dir='ltr'><strong>aliter</strong></span> <span class='ocrx_word' id='word_1_122' title='bbox 1332 2153 1448 2232; x_wconf 77' lang='grc' dir='ltr'><strong><em>ἄλλως.</em></strong></span> 
     </span>
    </p>
   </div>
   <div class='ocr_carea' id='block_1_3' title="bbox 140 2263 1450 2561">
    <p class='ocr_par' dir='ltr' id='par_1_3' title="bbox 140 2263 1450 2561">
     <span class='ocr_line' id='line_1_19' title="bbox 233 2263 1449 2349; baseline 0 -22"><span class='ocrx_word' id='word_1_123' title='bbox 233 2266 296 2327; x_wconf 84' lang='lat' dir='ltr'><strong>Cilo</strong></span> <span class='ocrx_word' id='word_1_124' title='bbox 329 2271 375 2324; x_wconf 88' lang='lat' dir='ltr'><strong>est</strong></span> <span class='ocrx_word' id='word_1_125' title='bbox 408 2265 503 2341; x_wconf 91' lang='lat' dir='ltr'><strong>capite</strong></span> <span class='ocrx_word' id='word_1_126' title='bbox 532 2272 671 2343; x_wconf 89' lang='lat' dir='ltr'><strong>angusto,</strong></span> <span class='ocrx_word' id='word_1_127' title='bbox 702 2266 755 2340; x_wconf 74' lang='lat' dir='ltr'><strong>cui</strong></span> <span class='ocrx_word' id='word_1_128' title='bbox 782 2263 838 2324; x_wconf 92' lang='lat' dir='ltr'><strong>boc</strong></span> <span class='ocrx_word' id='word_1_129' title='bbox 869 2267 993 2344; x_wconf 88' lang='lat' dir='ltr'><strong>contigit</strong></span> <span class='ocrx_word' id='word_1_130' title='bbox 1024 2269 1054 2326; x_wconf 94' lang='lat' dir='ltr'><strong>in</strong></span> <span class='ocrx_word' id='word_1_131' title='bbox 1084 2276 1185 2349; x_wconf 82' lang='lat' dir='ltr'><strong>partu3</strong></span> <span class='ocrx_word' id='word_1_132' title='bbox 1218 2268 1295 2329; x_wconf 92' lang='lat' dir='ltr'><strong>chilo</strong></span> <span class='ocrx_word' id='word_1_133' title='bbox 1328 2268 1449 2328; x_wconf 92' lang='lat' dir='ltr'><strong>modum</strong></span> 
     </span>
     <span class='ocr_line' id='line_1_20' title="bbox 140 2369 467 2435; baseline -0.021 0"><span class='ocrx_word' id='word_1_134' title='bbox 140 2374 288 2435; x_wconf 85' lang='lat' dir='ltr'><strong>labiorum</strong></span> <span class='ocrx_word' id='word_1_135' title='bbox 312 2369 467 2431; x_wconf 83' lang='lat' dir='ltr'><strong>excedens.</strong></span> 
     </span>
     <span class='ocr_line' id='line_1_21' title="bbox 233 2476 1450 2561; baseline 0.005 -22"><span class='ocrx_word' id='word_1_136' title='bbox 233 2479 436 2540; x_wconf 86' lang='lat' dir='ltr'><strong>Collectanens</strong></span> <span class='ocrx_word' id='word_1_137' title='bbox 465 2483 511 2535; x_wconf 86' lang='lat' dir='ltr'><strong>est</strong></span> <span class='ocrx_word' id='word_1_138' title='bbox 544 2476 656 2536; x_wconf 90' lang='lat' dir='ltr'><strong>eisdem</strong></span> <span class='ocrx_word' id='word_1_139' title='bbox 690 2478 824 2537; x_wconf 89' lang='lat' dir='ltr'><strong>mammis</strong></span> <span class='ocrx_word' id='word_1_140' title='bbox 858 2476 1015 2559; x_wconf 83' lang='lat' dir='ltr'><strong>educatus,</strong></span> <span class='ocrx_word' id='word_1_141' title='bbox 1047 2479 1207 2542; x_wconf 91' lang='lat' dir='ltr'><strong>collacteus</strong></span> <span class='ocrx_word' id='word_1_142' title='bbox 1240 2484 1292 2561; x_wconf 91' lang='lat' dir='ltr'><strong>qui</strong></span> <span class='ocrx_word' id='word_1_143' title='bbox 1324 2501 1360 2544; x_wconf 82' lang='lat' dir='ltr'><strong>er</strong></span> <span class='ocrx_word' id='word_1_144' title='bbox 1391 2502 1450 2543; x_wconf 92' lang='lat' dir='ltr'><strong>uno</strong></span> 
     </span>
    </p>
   </div>
   <div class='ocr_carea' id='block_1_4' title="bbox 140 2629 1458 4621">
    <p class='ocr_par' dir='ltr' id='par_1_4' title="bbox 140 2629 1458 4542">
     <span class='ocr_line' id='line_1_22' title="bbox 233 2629 1449 2707; baseline 0.002 -20"><span class='ocrx_word' id='word_1_145' title='bbox 233 2641 245 2687; x_wconf 92' lang='lat'>1</span> <span class='ocrx_word' id='word_1_146' title='bbox 263 2632 355 2703; x_wconf 77' lang='grc'><strong>00000]</strong></span> <span class='ocrx_word' id='word_1_147' title='bbox 375 2629 453 2697; x_wconf 73' lang='lat' dir='ltr'><strong>Verp.</strong></span> <span class='ocrx_word' id='word_1_148' title='bbox 468 2645 556 2697; x_wconf 68' lang='lat' dir='ltr'><strong>georg.</strong></span> <span class='ocrx_word' id='word_1_149' title='bbox 573 2630 658 2683; x_wconf 92' lang='grc' dir='ltr'><em>ΙΙΙΙ</em></span> <span class='ocrx_word' id='word_1_150' title='bbox 669 2634 724 2685; x_wconf 73' lang='grc'><strong>485</strong></span> <span class='ocrx_word' id='word_1_151' title='bbox 787 2632 916 2685; x_wconf 84' lang='lat' dir='ltr'><strong>euaserat</strong></span> <span class='ocrx_word' id='word_1_152' title='bbox 930 2630 1051 2689; x_wconf 86' lang='lat' dir='ltr'><strong>humano</strong></span> <span class='ocrx_word' id='word_1_153' title='bbox 1068 2637 1072 2702; x_wconf 84' lang='grc' dir='ltr'>Ι</span> <span class='ocrx_word' id='word_1_154' title='bbox 1089 2651 1148 2690; x_wconf 91' lang='lat' dir='ltr'><strong>mos</strong></span> <span class='ocrx_word' id='word_1_155' title='bbox 1162 2635 1286 2705; x_wconf 91' lang='lat' dir='ltr'><strong>loquitur</strong></span> <span class='ocrx_word' id='word_1_156' title='bbox 1300 2639 1400 2707; x_wconf 80' lang='lat' dir='ltr'><strong>captae</strong></span> <span class='ocrx_word' id='word_1_157' title='bbox 1413 2635 1449 2690; x_wconf 91' lang='grc' dir='ltr'><strong>Β.</strong></span> 
     </span>
     <span class='ocr_line' id='line_1_23' title="bbox 140 2709 1451 2782; baseline 0.001 -13"><span class='ocrx_word' id='word_1_158' title='bbox 140 2716 267 2769; x_wconf 74' lang='lat' dir='ltr'><strong>humanu</strong></span> <span class='ocrx_word' id='word_1_159' title='bbox 291 2730 322 2768; x_wconf 86' lang='lat' dir='ltr'><strong>oa</strong></span> <span class='ocrx_word' id='word_1_160' title='bbox 346 2709 471 2778; x_wconf 89' lang='lat' dir='ltr'><strong>loquitur</strong></span> <span class='ocrx_word' id='word_1_161' title='bbox 491 2716 555 2778; x_wconf 80' lang='lat' dir='ltr'><strong>post</strong></span> <span class='ocrx_word' id='word_1_162' title='bbox 578 2713 708 2765; x_wconf 80' lang='lat' dir='ltr'><strong>euaserat</strong></span> <span class='ocrx_word' id='word_1_163' title='bbox 733 2712 948 2780; x_wconf 63' lang='lat' dir='ltr'><strong>superscriptum</strong></span> <span class='ocrx_word' id='word_1_164' title='bbox 975 2719 1013 2767; x_wconf 81' lang='lat' dir='ltr'><strong>est</strong></span> <span class='ocrx_word' id='word_1_165' title='bbox 1040 2715 1071 2768; x_wconf 78' lang='lat' dir='ltr'><strong>ln</strong></span> <span class='ocrx_word' id='word_1_166' title='bbox 1095 2713 1129 2782; x_wconf 78' lang='grc' dir='ltr'><strong>θ,</strong></span> <span class='ocrx_word' id='word_1_167' title='bbox 1158 2719 1286 2770; x_wconf 85' lang='lat' dir='ltr'><strong>euaserat</strong></span> <span class='ocrx_word' id='word_1_168' title='bbox 1313 2717 1451 2771; x_wconf 86' lang='lat' dir='ltr'><strong>humanos</strong></span> 
     </span>
     <span class='ocr_line' id='line_1_24' title="bbox 140 2792 1452 2866; baseline 0.002 -18"><span class='ocrx_word' id='word_1_169' title='bbox 140 2794 269 2863; x_wconf 90' lang='lat' dir='ltr'><strong>loquitur</strong></span> <span class='ocrx_word' id='word_1_170' title='bbox 286 2794 423 2861; x_wconf 82' lang='lat' dir='ltr'><strong>captaep</strong></span> <span class='ocrx_word' id='word_1_171' title='bbox 509 2793 620 2862; x_wconf 85' lang='lat' dir='ltr'><strong>captae]</strong></span> <span class='ocrx_word' id='word_1_172' title='bbox 648 2792 725 2861; x_wconf 78' lang='lat' dir='ltr'><strong>Verg.</strong></span> <span class='ocrx_word' id='word_1_173' title='bbox 744 2793 813 2846; x_wconf 83' lang='lat' dir='ltr'><strong>Aen.</strong></span> <span class='ocrx_word' id='word_1_174' title='bbox 833 2793 876 2844; x_wconf 94' lang='grc' dir='ltr'><strong>ΙΙ</strong></span> <span class='ocrx_word' id='word_1_175' title='bbox 893 2797 947 2847; x_wconf 80' lang='grc'><strong>643</strong></span> <span class='ocrx_word' id='word_1_176' title='bbox 1033 2799 1201 2865; x_wconf 71' lang='grc'><strong>2000010111</strong></span> <span class='ocrx_word' id='word_1_177' title='bbox 1219 2797 1321 2866; x_wconf 85' lang='lat' dir='ltr'><strong>quibua</strong></span> <span class='ocrx_word' id='word_1_178' title='bbox 1341 2796 1452 2852; x_wconf 82' lang='lat' dir='ltr'><strong>Gltem</strong></span> 
     </span>
     <span class='ocr_line' id='line_1_25' title="bbox 141 2871 1451 2946; baseline 0 -16"><span class='ocrx_word' id='word_1_179' title='bbox 141 2875 275 2943; x_wconf 88' lang='lat' dir='ltr'><strong>superent</strong></span> <span class='ocrx_word' id='word_1_180' title='bbox 292 2873 394 2941; x_wconf 90' lang='lat' dir='ltr'><strong>quibus</strong></span> <span class='ocrx_word' id='word_1_181' title='bbox 413 2887 427 2924; x_wconf 90' lang='lat' dir='ltr'><strong>c</strong></span> <span class='ocrx_word' id='word_1_182' title='bbox 445 2871 515 2925; x_wconf 91' lang='lat' dir='ltr'><strong>Item</strong></span> <span class='ocrx_word' id='word_1_183' title='bbox 540 2874 674 2941; x_wconf 83' lang='lat' dir='ltr'><strong>superant</strong></span> <span class='ocrx_word' id='word_1_184' title='bbox 691 2871 792 2940; x_wconf 84' lang='lat' dir='ltr'><strong>quibus</strong></span> <span class='ocrx_word' id='word_1_185' title='bbox 810 2873 839 2926; x_wconf 93' lang='grc' dir='ltr'><em>Β</em></span> <span class='ocrx_word' id='word_1_186' title='bbox 858 2876 990 2941; x_wconf 86' lang='lat' dir='ltr'><strong>superent</strong></span> <span class='ocrx_word' id='word_1_187' title='bbox 1008 2875 1051 2929; x_wconf 91' lang='lat' dir='ltr'><strong>his</strong></span> <span class='ocrx_word' id='word_1_188' title='bbox 1069 2875 1170 2944; x_wconf 87' lang='lat' dir='ltr'><strong>quibus</strong></span> <span class='ocrx_word' id='word_1_189' title='bbox 1191 2876 1238 2930; x_wconf 92' lang='lat' dir='ltr'><strong>M:</strong></span> <span class='ocrx_word' id='word_1_190' title='bbox 1263 2876 1363 2946; x_wconf 62' lang='lat' dir='ltr'><strong>Vergil.</strong></span> <span class='ocrx_word' id='word_1_191' title='bbox 1382 2877 1451 2930; x_wconf 76' lang='lat' dir='ltr'><strong>Aen</strong></span> 
     </span>
     <span class='ocr_line' id='line_1_26' title="bbox 147 2949 1452 3025; baseline 0.002 -17"><span class='ocrx_word' id='word_1_192' title='bbox 147 2954 244 3008; x_wconf 82' lang='lat' dir='ltr'><strong><em>V195</em></strong></span> <span class='ocrx_word' id='word_1_193' title='bbox 330 2957 347 3005; x_wconf 85' lang='lat'>4</span> <span class='ocrx_word' id='word_1_194' title='bbox 370 2949 517 3005; x_wconf 80' lang='lat' dir='ltr'><strong>amisaaO</strong></span> <span class='ocrx_word' id='word_1_195' title='bbox 541 2952 609 3005; x_wconf 89' lang='lat' dir='ltr'><strong>item</strong></span> <span class='ocrx_word' id='word_1_196' title='bbox 628 2951 731 3005; x_wconf 87' lang='lat' dir='ltr'><strong>amissa</strong></span> <span class='ocrx_word' id='word_1_197' title='bbox 749 2952 797 3007; x_wconf 92' lang='lat' dir='ltr'><strong>Bc</strong></span> <span class='ocrx_word' id='word_1_198' title='bbox 815 2954 900 3008; x_wconf 87' lang='lat' dir='ltr'><strong>missa</strong></span> <span class='ocrx_word' id='word_1_199' title='bbox 920 2955 967 3007; x_wconf 88' lang='lat' dir='ltr'><strong>M:</strong></span> <span class='ocrx_word' id='word_1_200' title='bbox 993 2953 1069 3024; x_wconf 76' lang='lat' dir='ltr'><strong>Verg.</strong></span> <span class='ocrx_word' id='word_1_201' title='bbox 1089 2958 1157 3011; x_wconf 83' lang='lat' dir='ltr'><strong>Aen.</strong></span> <span class='ocrx_word' id='word_1_202' title='bbox 1184 2955 1210 3008; x_wconf 88' lang='lat' dir='ltr'><em>V</em></span> <span class='ocrx_word' id='word_1_203' title='bbox 1226 2961 1279 3010; x_wconf 89' lang='grc'><strong>519</strong></span> <span class='ocrx_word' id='word_1_204' title='bbox 1366 2962 1452 3025; x_wconf 81' lang='lat' dir='ltr'><strong>bpro</strong></span> 
     </span>
     <span class='ocr_line' id='line_1_27' title="bbox 140 3030 1451 3105; baseline 0 -15"><span class='ocrx_word' id='word_1_205' title='bbox 140 3032 319 3090; x_wconf 72' lang='lat' dir='ltr'><strong>restaurabat</strong></span> <span class='ocrx_word' id='word_1_206' title='bbox 335 3032 363 3085; x_wconf 95' lang='grc' dir='ltr'><em>Β</em></span> <span class='ocrx_word' id='word_1_207' title='bbox 436 3036 452 3083; x_wconf 85' lang='grc'>6</span> <span class='ocrx_word' id='word_1_208' title='bbox 472 3030 624 3098; x_wconf 78' lang='lat' dir='ltr'><strong>Spectabat</strong></span> <span class='ocrx_word' id='word_1_209' title='bbox 638 3033 765 3098; x_wconf 86' lang='lat' dir='ltr'><strong>spectare</strong></span> <span class='ocrx_word' id='word_1_210' title='bbox 783 3032 918 3086; x_wconf 91' lang='lat' dir='ltr'><strong>theoreon</strong></span> <span class='ocrx_word' id='word_1_211' title='bbox 940 3033 993 3086; x_wconf 87' lang='lat' dir='ltr'><strong>erit</strong></span> <span class='ocrx_word' id='word_1_212' title='bbox 1012 3035 1180 3102; x_wconf 84' lang='lat' dir='ltr'><strong>expectabat</strong></span> <span class='ocrx_word' id='word_1_213' title='bbox 1198 3040 1346 3105; x_wconf 80' lang='lat' dir='ltr'><strong>expectare</strong></span> <span class='ocrx_word' id='word_1_214' title='bbox 1365 3035 1451 3090; x_wconf 87' lang='lat' dir='ltr'><strong>sines</strong></span> 
     </span>
     <span class='ocr_line' id='line_1_28' title="bbox 140 3104 1451 3186; baseline 0.001 -20"><span class='ocrx_word' id='word_1_215' title='bbox 140 3113 261 3175; x_wconf 70' lang='grc' dir='ltr'>ὸΥΡΕΙΝ</span> <span class='ocrx_word' id='word_1_216' title='bbox 277 3113 314 3165; x_wconf 99' lang='grc' dir='ltr'><em>Μ</em></span> <span class='ocrx_word' id='word_1_217' title='bbox 331 3111 471 3166; x_wconf 62' lang='lat' dir='ltr'><strong>acorem</strong></span> <span class='ocrx_word' id='word_1_218' title='bbox 491 3110 556 3177; x_wconf 90' lang='lat' dir='ltr'><strong>(erit</strong></span> <span class='ocrx_word' id='word_1_219' title='bbox 569 3111 633 3166; x_wconf 84' lang='lat' dir='ltr'><strong>cdd.</strong></span> <span class='ocrx_word' id='word_1_220' title='bbox 650 3110 682 3175; x_wconf 81' lang='lat' dir='ltr'><strong>G)</strong></span> <span class='ocrx_word' id='word_1_221' title='bbox 697 3114 845 3180; x_wconf 81' lang='lat' dir='ltr'><strong>expectare</strong></span> <span class='ocrx_word' id='word_1_222' title='bbox 859 3104 1052 3168; x_wconf 73' lang='grc' dir='ltr'>ὰΝὸΜΕΝΕΙΝ</span> <span class='ocrx_word' id='word_1_223' title='bbox 1071 3114 1100 3168; x_wconf 91' lang='lat' dir='ltr'><strong>id</strong></span> <span class='ocrx_word' id='word_1_224' title='bbox 1120 3118 1163 3168; x_wconf 90' lang='lat' dir='ltr'><strong>est</strong></span> <span class='ocrx_word' id='word_1_225' title='bbox 1176 3118 1324 3171; x_wconf 88' lang='lat' dir='ltr'><strong>uenturum</strong></span> <span class='ocrx_word' id='word_1_226' title='bbox 1339 3131 1451 3186; x_wconf 88' lang='lat' dir='ltr'><strong>sperare</strong></span> 
     </span>
     <span class='ocr_line' id='line_1_29' title="bbox 140 3188 1451 3267; baseline -0.002 -20"><span class='ocrx_word' id='word_1_227' title='bbox 140 3192 201 3247; x_wconf 81' lang='grc' dir='ltr'><strong>ΒΟ</strong></span> <span class='ocrx_word' id='word_1_228' title='bbox 221 3192 353 3262; x_wconf 81' lang='lat' dir='ltr'><strong>Spectato</strong></span> <span class='ocrx_word' id='word_1_229' title='bbox 376 3207 426 3258; x_wconf 85' lang='lat' dir='ltr'><strong>per</strong></span> <span class='ocrx_word' id='word_1_230' title='bbox 445 3208 458 3242; x_wconf 87' lang='lat' dir='ltr'><strong>s</strong></span> <span class='ocrx_word' id='word_1_231' title='bbox 482 3192 630 3259; x_wconf 80' lang='lat' dir='ltr'><strong>expectare</strong></span> <span class='ocrx_word' id='word_1_232' title='bbox 655 3206 704 3258; x_wconf 88' lang='lat' dir='ltr'><strong>per</strong></span> <span class='ocrx_word' id='word_1_233' title='bbox 725 3209 743 3267; x_wconf 68' lang='lat' dir='ltr'><strong>r</strong></span> <span class='ocrx_word' id='word_1_234' title='bbox 762 3206 779 3247; x_wconf 86' lang='grc' dir='ltr'><strong>ς</strong></span> <span class='ocrx_word' id='word_1_235' title='bbox 803 3190 934 3259; x_wconf 83' lang='lat' dir='ltr'><strong>Spectarc</strong></span> <span class='ocrx_word' id='word_1_236' title='bbox 960 3208 1011 3258; x_wconf 88' lang='lat' dir='ltr'><strong>per</strong></span> <span class='ocrx_word' id='word_1_237' title='bbox 1029 3210 1042 3244; x_wconf 88' lang='lat' dir='ltr'><strong>s</strong></span> <span class='ocrx_word' id='word_1_238' title='bbox 1060 3197 1196 3262; x_wconf 77' lang='grc' dir='ltr'><strong>θεωρεῖν,</strong></span> <span class='ocrx_word' id='word_1_239' title='bbox 1215 3199 1363 3264; x_wconf 84' lang='lat' dir='ltr'><strong>expectare</strong></span> <span class='ocrx_word' id='word_1_240' title='bbox 1381 3188 1451 3246; x_wconf 76' lang='lat' dir='ltr'><strong>dva-</strong></span> 
     </span>
     <span class='ocr_line' id='line_1_30' title="bbox 140 3268 1453 3343; baseline 0.001 -16"><span class='ocrx_word' id='word_1_241' title='bbox 140 3271 241 3343; x_wconf 65' lang='lat' dir='ltr'><strong>pims</strong></span> <span class='ocrx_word' id='word_1_242' title='bbox 258 3271 288 3325; x_wconf 92' lang='lat' dir='ltr'><strong>id</strong></span> <span class='ocrx_word' id='word_1_243' title='bbox 307 3273 350 3325; x_wconf 85' lang='lat' dir='ltr'><strong>ert</strong></span> <span class='ocrx_word' id='word_1_244' title='bbox 367 3272 515 3324; x_wconf 89' lang='lat' dir='ltr'><strong>venturum</strong></span> <span class='ocrx_word' id='word_1_245' title='bbox 534 3283 645 3338; x_wconf 88' lang='lat' dir='ltr'><strong>sperare</strong></span> <span class='ocrx_word' id='word_1_246' title='bbox 666 3284 703 3336; x_wconf 83' lang='lat' dir='ltr'><strong>p:</strong></span> <span class='ocrx_word' id='word_1_247' title='bbox 727 3269 762 3334; x_wconf 76' lang='lat' dir='ltr'><strong>cf.</strong></span> <span class='ocrx_word' id='word_1_248' title='bbox 787 3268 864 3338; x_wconf 71' lang='lat' dir='ltr'><strong>Vero,</strong></span> <span class='ocrx_word' id='word_1_249' title='bbox 882 3287 971 3339; x_wconf 75' lang='lat' dir='ltr'><strong>georg.</strong></span> <span class='ocrx_word' id='word_1_250' title='bbox 992 3272 1076 3324; x_wconf 93' lang='lat' dir='ltr'><em>IIII</em></span> <span class='ocrx_word' id='word_1_251' title='bbox 1092 3278 1148 3328; x_wconf 83' lang='lat'><strong>367</strong></span> <span class='ocrx_word' id='word_1_252' title='bbox 1171 3276 1319 3343; x_wconf 79' lang='lat' dir='ltr'><strong>spectabat</strong></span> <span class='ocrx_word' id='word_1_253' title='bbox 1342 3274 1453 3328; x_wconf 88' lang='lat' dir='ltr'><strong>diversa</strong></span> 
     </span>
     <span class='ocr_line' id='line_1_31' title="bbox 143 3347 1398 3422; baseline -0.002 -13"><span class='ocrx_word' id='word_1_254' title='bbox 143 3352 214 3409; x_wconf 89' lang='lat' dir='ltr'><strong>locis</strong></span> <span class='ocrx_word' id='word_1_255' title='bbox 287 3347 453 3419; x_wconf 77' lang='lat' dir='ltr'><strong>tDemitte]</strong></span> <span class='ocrx_word' id='word_1_256' title='bbox 474 3349 552 3417; x_wconf 76' lang='lat' dir='ltr'><strong>Verp.</strong></span> <span class='ocrx_word' id='word_1_257' title='bbox 566 3365 654 3417; x_wconf 76' lang='lat' dir='ltr'><strong>georg.</strong></span> <span class='ocrx_word' id='word_1_258' title='bbox 670 3350 754 3402; x_wconf 92' lang='lat' dir='ltr'><em>IIII</em></span> <span class='ocrx_word' id='word_1_259' title='bbox 772 3355 827 3404; x_wconf 80' lang='lat'><strong>542</strong></span> <span class='ocrx_word' id='word_1_260' title='bbox 842 3352 872 3404; x_wconf 89' lang='lat' dir='ltr'><strong>et</strong></span> <span class='ocrx_word' id='word_1_261' title='bbox 890 3367 998 3404; x_wconf 86' lang='lat' dir='ltr'><strong>sacrum</strong></span> <span class='ocrx_word' id='word_1_262' title='bbox 1017 3351 1123 3422; x_wconf 89' lang='lat' dir='ltr'><strong>iugulis</strong></span> <span class='ocrx_word' id='word_1_263' title='bbox 1141 3353 1259 3408; x_wconf 87' lang='lat' dir='ltr'><strong>demitte</strong></span> <span class='ocrx_word' id='word_1_264' title='bbox 1273 3370 1398 3409; x_wconf 90' lang='lat' dir='ltr'><strong>cruorem</strong></span> 
     </span>
     <span class='ocr_line' id='line_1_32' title="bbox 141 3423 1452 3499; baseline 0 -11"><span class='ocrx_word' id='word_1_265' title='bbox 141 3432 256 3488; x_wconf 87' lang='lat' dir='ltr'><strong>dimitte</strong></span> <span class='ocrx_word' id='word_1_266' title='bbox 275 3463 309 3472; x_wconf 92' lang='lat'>-</span> <span class='ocrx_word' id='word_1_267' title='bbox 327 3427 453 3499; x_wconf 89' lang='lat' dir='ltr'><strong>absolve]</strong></span> <span class='ocrx_word' id='word_1_268' title='bbox 477 3428 587 3482; x_wconf 87' lang='lat' dir='ltr'><strong>dimitte</strong></span> <span class='ocrx_word' id='word_1_269' title='bbox 607 3423 760 3499; x_wconf 65' lang='grc' dir='ltr'><strong>ᾲΝᾷζζΟΝ</strong></span> <span class='ocrx_word' id='word_1_270' title='bbox 784 3425 951 3487; x_wconf 59' lang='lat' dir='ltr'><strong>amonicali</strong></span> <span class='ocrx_word' id='word_1_271' title='bbox 971 3433 1086 3488; x_wconf 89' lang='lat' dir='ltr'><strong>absolue</strong></span> <span class='ocrx_word' id='word_1_272' title='bbox 1106 3434 1144 3486; x_wconf 94' lang='lat' dir='ltr'><strong><em>M</em></strong></span> <span class='ocrx_word' id='word_1_273' title='bbox 1166 3432 1277 3487; x_wconf 87' lang='lat' dir='ltr'><strong>dimitte</strong></span> <span class='ocrx_word' id='word_1_274' title='bbox 1297 3430 1452 3492; x_wconf 73' lang='lat' dir='ltr'><strong>nuncto(</strong></span> 
     </span>
     <span class='ocr_line' id='line_1_33' title="bbox 141 3502 1450 3582; baseline -0.002 -14"><span class='ocrx_word' id='word_1_275' title='bbox 141 3513 173 3568; x_wconf 88' lang='lat' dir='ltr'><strong>id</strong></span> <span class='ocrx_word' id='word_1_276' title='bbox 191 3515 234 3568; x_wconf 87' lang='lat' dir='ltr'><strong>est</strong></span> <span class='ocrx_word' id='word_1_277' title='bbox 251 3513 315 3567; x_wconf 84' lang='lat' dir='ltr'><strong>laxa</strong></span> <span class='ocrx_word' id='word_1_278' title='bbox 332 3510 390 3565; x_wconf 82' lang='lat' dir='ltr'><strong>BG</strong></span> <span class='ocrx_word' id='word_1_279' title='bbox 406 3507 517 3562; x_wconf 87' lang='lat' dir='ltr'><strong>dimitte</strong></span> <span class='ocrx_word' id='word_1_280' title='bbox 536 3502 643 3570; x_wconf 76' lang='grc' dir='ltr'><strong><em>ἀνάδος</em></strong></span> <span class='ocrx_word' id='word_1_281' title='bbox 661 3509 690 3563; x_wconf 92' lang='lat' dir='ltr'><strong>id</strong></span> <span class='ocrx_word' id='word_1_282' title='bbox 710 3510 753 3564; x_wconf 88' lang='lat' dir='ltr'><strong>est</strong></span> <span class='ocrx_word' id='word_1_283' title='bbox 771 3509 871 3578; x_wconf 82' lang='lat' dir='ltr'><strong>laxap</strong></span> <span class='ocrx_word' id='word_1_284' title='bbox 935 3517 951 3565; x_wconf 92' lang='grc'><em>9</em></span> <span class='ocrx_word' id='word_1_285' title='bbox 966 3511 1051 3566; x_wconf 79' lang='lat' dir='ltr'><strong>Fidus</strong></span> <span class='ocrx_word' id='word_1_286' title='bbox 1067 3512 1144 3582; x_wconf 68' lang='lat' dir='ltr'><strong>Vero.</strong></span> <span class='ocrx_word' id='word_1_287' title='bbox 1160 3512 1228 3567; x_wconf 81' lang='lat' dir='ltr'><strong>Aen.</strong></span> <span class='ocrx_word' id='word_1_288' title='bbox 1245 3516 1266 3567; x_wconf 96' lang='lat' dir='ltr'><em>I</em></span> <span class='ocrx_word' id='word_1_289' title='bbox 1278 3520 1332 3569; x_wconf 84' lang='lat'><strong>113</strong></span> <span class='ocrx_word' id='word_1_290' title='bbox 1350 3514 1450 3568; x_wconf 89' lang='lat' dir='ltr'><strong>fidum-</strong></span> 
     </span>
     <span class='ocr_line' id='line_1_34' title="bbox 143 3585 1448 3664; baseline 0.001 -17"><span class='ocrx_word' id='word_1_291' title='bbox 143 3609 199 3662; x_wconf 89' lang='lat' dir='ltr'><strong>que</strong></span> <span class='ocrx_word' id='word_1_292' title='bbox 218 3593 338 3647; x_wconf 85' lang='lat' dir='ltr'><strong>vehebat</strong></span> <span class='ocrx_word' id='word_1_293' title='bbox 352 3588 475 3644; x_wconf 89' lang='lat' dir='ltr'><strong>Oronten</strong></span> <span class='ocrx_word' id='word_1_294' title='bbox 547 3585 668 3643; x_wconf 85' lang='lat' dir='ltr'><strong>tamulus</strong></span> <span class='ocrx_word' id='word_1_295' title='bbox 687 3589 777 3644; x_wconf 87' lang='lat' dir='ltr'><strong>fidelis</strong></span> <span class='ocrx_word' id='word_1_296' title='bbox 797 3590 883 3646; x_wconf 89' lang='lat' dir='ltr'><strong>dicito</strong></span> <span class='ocrx_word' id='word_1_297' title='bbox 902 3590 961 3646; x_wconf 83' lang='lat' dir='ltr'><strong>BG</strong></span> <span class='ocrx_word' id='word_1_298' title='bbox 1030 3597 1065 3646; x_wconf 87' lang='lat'><strong>10</strong></span> <span class='ocrx_word' id='word_1_299' title='bbox 1084 3592 1185 3646; x_wconf 85' lang='lat' dir='ltr'><strong>Coram</strong></span> <span class='ocrx_word' id='word_1_300' title='bbox 1203 3591 1264 3664; x_wconf 92' lang='lat' dir='ltr'><strong>illo]</strong></span> <span class='ocrx_word' id='word_1_301' title='bbox 1286 3594 1448 3663; x_wconf 64' lang='grc'><strong>17001100.</strong></span> 
     </span>
     <span class='ocr_line' id='line_1_35' title="bbox 144 3668 1385 3739; baseline -0.002 -11"><span class='ocrx_word' id='word_1_302' title='bbox 144 3675 167 3728; x_wconf 92' lang='grc' dir='ltr'><strong><em>Ι</em></strong></span> <span class='ocrx_word' id='word_1_303' title='bbox 185 3678 240 3728; x_wconf 88' lang='grc'><strong>595</strong></span> <span class='ocrx_word' id='word_1_304' title='bbox 259 3688 352 3727; x_wconf 87' lang='lat' dir='ltr'><strong>coram</strong></span> <span class='ocrx_word' id='word_1_305' title='bbox 371 3686 456 3739; x_wconf 91' lang='lat' dir='ltr'><strong>quem</strong></span> <span class='ocrx_word' id='word_1_306' title='bbox 474 3668 608 3737; x_wconf 78' lang='lat' dir='ltr'><strong>quaeritis</strong></span> <span class='ocrx_word' id='word_1_307' title='bbox 628 3669 726 3724; x_wconf 90' lang='lat' dir='ltr'><strong>adsum</strong></span> <span class='ocrx_word' id='word_1_308' title='bbox 817 3678 850 3725; x_wconf 95' lang='grc'><strong>11</strong></span> <span class='ocrx_word' id='word_1_309' title='bbox 875 3675 918 3726; x_wconf 87' lang='lat' dir='ltr'><strong>est</strong></span> <span class='ocrx_word' id='word_1_310' title='bbox 936 3689 986 3728; x_wconf 85' lang='lat' dir='ltr'><strong>om.</strong></span> <span class='ocrx_word' id='word_1_311' title='bbox 1005 3672 1033 3725; x_wconf 94' lang='grc' dir='ltr'><em>Β</em></span> <span class='ocrx_word' id='word_1_312' title='bbox 1127 3672 1310 3728; x_wconf 88' lang='lat' dir='ltr'><strong>uariaueruut</strong></span> <span class='ocrx_word' id='word_1_313' title='bbox 1326 3672 1385 3728; x_wconf 83' lang='lat' dir='ltr'><strong>Bc</strong></span> 
     </span>
     <span class='ocr_line' id='line_1_36' title="bbox 144 3749 1452 3824; baseline -0.001 -16"><span class='ocrx_word' id='word_1_314' title='bbox 144 3759 179 3808; x_wconf 76' lang='lat'><strong>12</strong></span> <span class='ocrx_word' id='word_1_315' title='bbox 202 3751 413 3822; x_wconf 78' lang='lat' dir='ltr'><strong>cognoscimus]</strong></span> <span class='ocrx_word' id='word_1_316' title='bbox 439 3749 513 3818; x_wconf 76' lang='lat' dir='ltr'><strong>Verq.</strong></span> <span class='ocrx_word' id='word_1_317' title='bbox 538 3749 605 3803; x_wconf 79' lang='lat' dir='ltr'><strong>Aen.</strong></span> <span class='ocrx_word' id='word_1_318' title='bbox 631 3749 719 3807; x_wconf 87' lang='lat' dir='ltr'><em>VIII</em></span> <span class='ocrx_word' id='word_1_319' title='bbox 740 3756 795 3807; x_wconf 87' lang='grc'><strong>155</strong></span> <span class='ocrx_word' id='word_1_320' title='bbox 818 3751 925 3820; x_wconf 86' lang='lat' dir='ltr'><strong>accipio</strong></span> <span class='ocrx_word' id='word_1_321' title='bbox 949 3769 1126 3823; x_wconf 83' lang='lat' dir='ltr'><strong>agnoscoque</strong></span> <span class='ocrx_word' id='word_1_322' title='bbox 1149 3754 1239 3810; x_wconf 85' lang='lat' dir='ltr'><strong>libens</strong></span> <span class='ocrx_word' id='word_1_323' title='bbox 1342 3753 1452 3824; x_wconf 80' lang='lat' dir='ltr'><strong>ignota]</strong></span> 
     </span>
     <span class='ocr_line' id='line_1_37' title="bbox 140 3829 1451 3904; baseline -0.002 -15"><span class='ocrx_word' id='word_1_324' title='bbox 140 3834 273 3904; x_wconf 84' lang='lat' dir='ltr'><strong>ignorata</strong></span> <span class='ocrx_word' id='word_1_325' title='bbox 290 3830 350 3885; x_wconf 81' lang='lat' dir='ltr'><strong>Be</strong></span> <span class='ocrx_word' id='word_1_326' title='bbox 435 3847 506 3897; x_wconf 90' lang='lat' dir='ltr'><strong>quae</strong></span> <span class='ocrx_word' id='word_1_327' title='bbox 525 3844 543 3882; x_wconf 84' lang='lat' dir='ltr'><strong>a</strong></span> <span class='ocrx_word' id='word_1_328' title='bbox 561 3829 642 3883; x_wconf 91' lang='lat' dir='ltr'><strong>uobis</strong></span> <span class='ocrx_word' id='word_1_329' title='bbox 662 3830 822 3885; x_wconf 84' lang='lat' dir='ltr'><strong>exciderant</strong></span> <span class='ocrx_word' id='word_1_330' title='bbox 842 3831 879 3883; x_wconf 87' lang='lat' dir='ltr'><strong><em>M</em></strong></span> <span class='ocrx_word' id='word_1_331' title='bbox 968 3837 1000 3885; x_wconf 85' lang='lat'><strong>13</strong></span> <span class='ocrx_word' id='word_1_332' title='bbox 1025 3832 1061 3886; x_wconf 88' lang='lat' dir='ltr'><strong>ad</strong></span> <span class='ocrx_word' id='word_1_333' title='bbox 1080 3834 1198 3889; x_wconf 87' lang='lat' dir='ltr'><strong>maiores</strong></span> <span class='ocrx_word' id='word_1_334' title='bbox 1218 3851 1287 3890; x_wconf 85' lang='lat' dir='ltr'><strong>corr.</strong></span> <span class='ocrx_word' id='word_1_335' title='bbox 1307 3835 1343 3888; x_wconf 82' lang='lat' dir='ltr'><strong>al.</strong></span> <span class='ocrx_word' id='word_1_336' title='bbox 1362 3851 1396 3889; x_wconf 88' lang='lat' dir='ltr'><strong>m.</strong></span> <span class='ocrx_word' id='word_1_337' title='bbox 1415 3833 1451 3887; x_wconf 86' lang='lat' dir='ltr'><strong>ad</strong></span> 
     </span>
     <span class='ocr_line' id='line_1_38' title="bbox 142 3906 1455 3983; baseline 0.001 -15"><span class='ocrx_word' id='word_1_338' title='bbox 142 3931 235 3968; x_wconf 89' lang='lat' dir='ltr'><strong>mores</strong></span> <span class='ocrx_word' id='word_1_339' title='bbox 253 3912 280 3965; x_wconf 89' lang='grc' dir='ltr'><em>Β</em></span> <span class='ocrx_word' id='word_1_340' title='bbox 372 3916 405 3964; x_wconf 81' lang='grc'><strong>14</strong></span> <span class='ocrx_word' id='word_1_341' title='bbox 429 3909 555 3979; x_wconf 85' lang='lat' dir='ltr'><strong>Clipeum</strong></span> <span class='ocrx_word' id='word_1_342' title='bbox 578 3906 702 3969; x_wconf 73' lang='lat' dir='ltr'><strong>Alled</strong></span> <span class='ocrx_word' id='word_1_343' title='bbox 724 3909 783 3964; x_wconf 82' lang='lat' dir='ltr'><strong>Bo</strong></span> <span class='ocrx_word' id='word_1_344' title='bbox 807 3909 942 3979; x_wconf 78' lang='lat' dir='ltr'><strong>elypeum</strong></span> <span class='ocrx_word' id='word_1_345' title='bbox 960 3908 1085 3971; x_wconf 65' lang='lat' dir='ltr'><strong>autad</strong></span> <span class='ocrx_word' id='word_1_346' title='bbox 1105 3915 1154 3968; x_wconf 93' lang='lat' dir='ltr'><strong>M:</strong></span> <span class='ocrx_word' id='word_1_347' title='bbox 1179 3914 1332 3983; x_wconf 70' lang='grc' dir='ltr'><strong>0110τί00.</strong></span> <span class='ocrx_word' id='word_1_348' title='bbox 1351 3919 1397 3980; x_wconf 88' lang='lat'><strong>77,</strong></span> <span class='ocrx_word' id='word_1_349' title='bbox 1415 3920 1455 3969; x_wconf 84' lang='lat'><strong>20</strong></span> 
     </span>
     <span class='ocr_line' id='line_1_39' title="bbox 142 3989 1455 4064; baseline -0.001 -17"><span class='ocrx_word' id='word_1_350' title='bbox 142 3992 220 4048; x_wconf 81' lang='lat' dir='ltr'><strong>Seru.</strong></span> <span class='ocrx_word' id='word_1_351' title='bbox 239 3995 271 4046; x_wconf 84' lang='lat' dir='ltr'><strong>in</strong></span> <span class='ocrx_word' id='word_1_352' title='bbox 295 3991 372 4061; x_wconf 79' lang='lat' dir='ltr'><strong>Verg.</strong></span> <span class='ocrx_word' id='word_1_353' title='bbox 392 3989 460 4042; x_wconf 84' lang='lat' dir='ltr'><strong>Aen.</strong></span> <span class='ocrx_word' id='word_1_354' title='bbox 486 3989 595 4043; x_wconf 87' lang='lat' dir='ltr'><em>VIIII</em></span> <span class='ocrx_word' id='word_1_355' title='bbox 612 3996 666 4046; x_wconf 79' lang='lat'><strong>709</strong></span> <span class='ocrx_word' id='word_1_356' title='bbox 749 3996 781 4043; x_wconf 83' lang='grc'><strong>15</strong></span> <span class='ocrx_word' id='word_1_357' title='bbox 800 3989 905 4059; x_wconf 87' lang='lat' dir='ltr'><strong>pagina</strong></span> <span class='ocrx_word' id='word_1_358' title='bbox 923 3989 1026 4046; x_wconf 90' lang='lat' dir='ltr'><strong>dicitur</strong></span> <span class='ocrx_word' id='word_1_359' title='bbox 1046 3994 1084 4048; x_wconf 93' lang='lat' dir='ltr'><strong><em>M</em></strong></span> <span class='ocrx_word' id='word_1_360' title='bbox 1164 4002 1195 4050; x_wconf 87' lang='grc'><strong>16</strong></span> <span class='ocrx_word' id='word_1_361' title='bbox 1222 3995 1301 4049; x_wconf 84' lang='lat' dir='ltr'><strong>Alias</strong></span> <span class='ocrx_word' id='word_1_362' title='bbox 1319 3992 1455 4064; x_wconf 89' lang='lat' dir='ltr'><strong>temporis</strong></span> 
     </span>
     <span class='ocr_line' id='line_1_40' title="bbox 142 4064 1456 4145; baseline -0.002 -17"><span class='ocrx_word' id='word_1_363' title='bbox 142 4076 189 4128; x_wconf 84' lang='lat' dir='ltr'><strong>est</strong></span> <span class='ocrx_word' id='word_1_364' title='bbox 201 4071 366 4127; x_wconf 74' lang='lat' dir='ltr'><strong>aduerbium</strong></span> <span class='ocrx_word' id='word_1_365' title='bbox 380 4071 455 4139; x_wconf 91' lang='lat' dir='ltr'><strong>quod</strong></span> <span class='ocrx_word' id='word_1_366' title='bbox 474 4071 569 4139; x_wconf 85' lang='lat' dir='ltr'><strong>graeci</strong></span> <span class='ocrx_word' id='word_1_367' title='bbox 587 4065 700 4127; x_wconf 73' lang='lat' dir='ltr'><strong>accite</strong></span> <span class='ocrx_word' id='word_1_368' title='bbox 719 4069 802 4124; x_wconf 87' lang='lat' dir='ltr'><strong>aliter</strong></span> <span class='ocrx_word' id='word_1_369' title='bbox 820 4064 912 4126; x_wconf 76' lang='lat' dir='ltr'><strong>douc</strong></span> <span class='ocrx_word' id='word_1_370' title='bbox 933 4070 970 4123; x_wconf 92' lang='lat' dir='ltr'><strong><em>M</em></strong></span> <span class='ocrx_word' id='word_1_371' title='bbox 986 4072 1064 4127; x_wconf 85' lang='lat' dir='ltr'><strong>Alias</strong></span> <span class='ocrx_word' id='word_1_372' title='bbox 1083 4075 1216 4145; x_wconf 87' lang='lat' dir='ltr'><strong>temporis</strong></span> <span class='ocrx_word' id='word_1_373' title='bbox 1230 4073 1395 4129; x_wconf 83' lang='lat' dir='ltr'><strong>adnerbinm</strong></span> <span class='ocrx_word' id='word_1_374' title='bbox 1412 4073 1456 4126; x_wconf 88' lang='lat' dir='ltr'><strong>est</strong></span> 
     </span>
     <span class='ocr_line' id='line_1_41' title="bbox 143 4146 1456 4222; baseline -0.001 -17"><span class='ocrx_word' id='word_1_375' title='bbox 143 4151 222 4222; x_wconf 83' lang='lat' dir='ltr'><strong>quod</strong></span> <span class='ocrx_word' id='word_1_376' title='bbox 240 4152 315 4222; x_wconf 84' lang='lat' dir='ltr'><strong>greci</strong></span> <span class='ocrx_word' id='word_1_377' title='bbox 333 4146 452 4211; x_wconf 72' lang='lat' dir='ltr'><strong>duabu)</strong></span> <span class='ocrx_word' id='word_1_378' title='bbox 471 4151 552 4206; x_wconf 83' lang='lat' dir='ltr'><strong>aliter</strong></span> <span class='ocrx_word' id='word_1_379' title='bbox 570 4151 715 4207; x_wconf 75' lang='lat' dir='ltr'><strong>naono(</strong></span> <span class='ocrx_word' id='word_1_380' title='bbox 734 4149 761 4202; x_wconf 89' lang='grc' dir='ltr'><em>Β</em></span> <span class='ocrx_word' id='word_1_381' title='bbox 779 4148 858 4202; x_wconf 76' lang='lat' dir='ltr'><strong>Alias</strong></span> <span class='ocrx_word' id='word_1_382' title='bbox 876 4151 1011 4219; x_wconf 85' lang='lat' dir='ltr'><strong>temporis</strong></span> <span class='ocrx_word' id='word_1_383' title='bbox 1029 4152 1192 4209; x_wconf 82' lang='lat' dir='ltr'><strong>aduerbium</strong></span> <span class='ocrx_word' id='word_1_384' title='bbox 1213 4156 1256 4209; x_wconf 88' lang='lat' dir='ltr'><strong>est</strong></span> <span class='ocrx_word' id='word_1_385' title='bbox 1279 4153 1354 4222; x_wconf 90' lang='lat' dir='ltr'><strong>quod</strong></span> <span class='ocrx_word' id='word_1_386' title='bbox 1378 4151 1456 4222; x_wconf 84' lang='lat' dir='ltr'><strong>greci</strong></span> 
     </span>
     <span class='ocr_line' id='line_1_42' title="bbox 143 4228 1456 4300; baseline -0.002 -14"><span class='ocrx_word' id='word_1_387' title='bbox 143 4231 276 4286; x_wconf 77' lang='lat' dir='ltr'><strong>uladoctc</strong></span> <span class='ocrx_word' id='word_1_388' title='bbox 299 4233 378 4299; x_wconf 82' lang='lat' dir='ltr'><strong>(corr.</strong></span> <span class='ocrx_word' id='word_1_389' title='bbox 403 4233 526 4300; x_wconf 87' lang='lat' dir='ltr'><strong>aladote)</strong></span> <span class='ocrx_word' id='word_1_390' title='bbox 549 4231 631 4286; x_wconf 86' lang='lat' dir='ltr'><strong>aliter</strong></span> <span class='ocrx_word' id='word_1_391' title='bbox 655 4229 753 4285; x_wconf 87' lang='lat' dir='ltr'><strong>alados</strong></span> <span class='ocrx_word' id='word_1_392' title='bbox 779 4228 808 4282; x_wconf 78' lang='lat'><strong>0.</strong></span> <span class='ocrx_word' id='word_1_393' title='bbox 842 4228 913 4283; x_wconf 83' lang='lat' dir='ltr'><strong>alias</strong></span> <span class='ocrx_word' id='word_1_394' title='bbox 941 4247 993 4298; x_wconf 92' lang='lat' dir='ltr'><strong>pro</strong></span> <span class='ocrx_word' id='word_1_395' title='bbox 1015 4232 1098 4287; x_wconf 84' lang='lat' dir='ltr'><strong>aliter</strong></span> <span class='ocrx_word' id='word_1_396' title='bbox 1121 4233 1268 4288; x_wconf 85' lang='lat' dir='ltr'><strong>Terentius</strong></span> <span class='ocrx_word' id='word_1_397' title='bbox 1296 4234 1325 4286; x_wconf 89' lang='lat' dir='ltr'><strong>in</strong></span> <span class='ocrx_word' id='word_1_398' title='bbox 1348 4229 1456 4285; x_wconf 83' lang='lat' dir='ltr'><strong>Andria</strong></span> 
     </span>
     <span class='ocr_line' id='line_1_43' title="bbox 142 4310 1454 4383; baseline 0.001 -19"><span class='ocrx_word' id='word_1_399' title='bbox 142 4311 224 4378; x_wconf 90' lang='lat' dir='ltr'><em>(III</em></span> <span class='ocrx_word' id='word_1_400' title='bbox 239 4317 269 4376; x_wconf 81' lang='lat'><strong>2,</strong></span> <span class='ocrx_word' id='word_1_401' title='bbox 288 4316 336 4376; x_wconf 81' lang='grc'><strong>49)</strong></span> <span class='ocrx_word' id='word_1_402' title='bbox 355 4311 435 4380; x_wconf 84' lang='lat' dir='ltr'><strong>‘quid</strong></span> <span class='ocrx_word' id='word_1_403' title='bbox 454 4312 525 4366; x_wconf 85' lang='lat' dir='ltr'><strong>alias</strong></span> <span class='ocrx_word' id='word_1_404' title='bbox 544 4310 639 4365; x_wconf 91' lang='lat' dir='ltr'><strong>malim</strong></span> <span class='ocrx_word' id='word_1_405' title='bbox 659 4328 744 4380; x_wconf 90' lang='lat' dir='ltr'><strong>quam</strong></span> <span class='ocrx_word' id='word_1_406' title='bbox 763 4310 847 4364; x_wconf 90' lang='lat' dir='ltr'><strong>hodie</strong></span> <span class='ocrx_word' id='word_1_407' title='bbox 866 4311 935 4364; x_wconf 80' lang='lat' dir='ltr'><strong>istas</strong></span> <span class='ocrx_word' id='word_1_408' title='bbox 953 4311 1013 4364; x_wconf 89' lang='lat' dir='ltr'><strong>lieri</strong></span> <span class='ocrx_word' id='word_1_409' title='bbox 1031 4313 1166 4383; x_wconf 89' lang='lat' dir='ltr'><strong>nuptias&#39;,</strong></span> <span class='ocrx_word' id='word_1_410' title='bbox 1185 4313 1233 4367; x_wconf 92' lang='lat' dir='ltr'><strong>ubi</strong></span> <span class='ocrx_word' id='word_1_411' title='bbox 1251 4312 1292 4367; x_wconf 84' lang='lat' dir='ltr'><strong>Fl.</strong></span> <span class='ocrx_word' id='word_1_412' title='bbox 1313 4311 1402 4381; x_wconf 84' lang='lat' dir='ltr'><strong>Caper</strong></span> <span class='ocrx_word' id='word_1_413' title='bbox 1420 4311 1454 4365; x_wconf 89' lang='lat' dir='ltr'><strong>de</strong></span> 
     </span>
     <span class='ocr_line' id='line_1_44' title="bbox 144 4388 1453 4460; baseline -0.002 -14"><span class='ocrx_word' id='word_1_414' title='bbox 144 4389 290 4446; x_wconf 80' lang='lat' dir='ltr'><strong>latinitate</strong></span> <span class='ocrx_word' id='word_1_415' title='bbox 311 4390 377 4445; x_wconf 91' lang='lat' dir='ltr'><strong>‘non</strong></span> <span class='ocrx_word' id='word_1_416' title='bbox 396 4392 483 4446; x_wconf 87' lang='lat' dir='ltr'><strong>ausim</strong></span> <span class='ocrx_word' id='word_1_417' title='bbox 503 4391 649 4445; x_wconf 81' lang='lat' dir='ltr'><strong>adfirmare</strong></span> <span class='ocrx_word' id='word_1_418' title='bbox 668 4405 719 4458; x_wconf 90' lang='lat' dir='ltr'><strong>pro</strong></span> <span class='ocrx_word' id='word_1_419' title='bbox 739 4388 823 4444; x_wconf 80' lang='lat' dir='ltr'><strong>aliter</strong></span> <span class='ocrx_word' id='word_1_420' title='bbox 841 4388 908 4443; x_wconf 91' lang='lat' dir='ltr'><strong>dici&#39;</strong></span> <span class='ocrx_word' id='word_1_421' title='bbox 930 4388 1074 4445; x_wconf 77' lang='lat' dir='ltr'><strong>Charisius</strong></span> <span class='ocrx_word' id='word_1_422' title='bbox 1088 4410 1119 4460; x_wconf 83' lang='lat' dir='ltr'><strong>p.</strong></span> <span class='ocrx_word' id='word_1_423' title='bbox 1134 4397 1197 4457; x_wconf 82' lang='grc'><strong>194,</strong></span> <span class='ocrx_word' id='word_1_424' title='bbox 1215 4397 1254 4447; x_wconf 81' lang='lat'><strong>29</strong></span> <span class='ocrx_word' id='word_1_425' title='bbox 1329 4396 1361 4444; x_wconf 81' lang='grc'><strong>17</strong></span> <span class='ocrx_word' id='word_1_426' title='bbox 1381 4389 1453 4460; x_wconf 83' lang='grc'><strong>(1110]</strong></span> 
     </span>
     <span class='ocr_line' id='line_1_45' title="bbox 145 4467 1458 4542; baseline 0.001 -18"><span class='ocrx_word' id='word_1_427' title='bbox 145 4470 211 4540; x_wconf 79' lang='lat' dir='ltr'><strong>cylo</strong></span> <span class='ocrx_word' id='word_1_428' title='bbox 231 4470 269 4523; x_wconf 91' lang='lat' dir='ltr'><strong><em>M</em></strong></span> <span class='ocrx_word' id='word_1_429' title='bbox 285 4471 360 4525; x_wconf 89' lang='lat' dir='ltr'><strong>chilo</strong></span> <span class='ocrx_word' id='word_1_430' title='bbox 378 4470 436 4523; x_wconf 85' lang='lat' dir='ltr'><strong>BG</strong></span> <span class='ocrx_word' id='word_1_431' title='bbox 505 4468 644 4538; x_wconf 87' lang='lat' dir='ltr'><strong>contingit</strong></span> <span class='ocrx_word' id='word_1_432' title='bbox 664 4468 731 4521; x_wconf 91' lang='grc' dir='ltr'><strong>ΜΒ</strong></span> <span class='ocrx_word' id='word_1_433' title='bbox 750 4467 932 4538; x_wconf 82' lang='lat' dir='ltr'><strong>contiguitG</strong></span> <span class='ocrx_word' id='word_1_434' title='bbox 1000 4471 1087 4542; x_wconf 86' lang='lat' dir='ltr'><strong>chilo]</strong></span> <span class='ocrx_word' id='word_1_435' title='bbox 1107 4471 1189 4540; x_wconf 83' lang='lat' dir='ltr'><strong>cbylo</strong></span> <span class='ocrx_word' id='word_1_436' title='bbox 1210 4472 1248 4525; x_wconf 93' lang='lat' dir='ltr'><strong><em>M</em></strong></span> <span class='ocrx_word' id='word_1_437' title='bbox 1264 4471 1324 4524; x_wconf 90' lang='lat' dir='ltr'><strong>bilo</strong></span> <span class='ocrx_word' id='word_1_438' title='bbox 1338 4473 1382 4525; x_wconf 88' lang='lat' dir='ltr'><strong>est</strong></span> <span class='ocrx_word' id='word_1_439' title='bbox 1399 4471 1427 4524; x_wconf 90' lang='grc' dir='ltr'><em>Β</em></span> <span class='ocrx_word' id='word_1_440' title='bbox 1434 4469 1458 4525; x_wconf 82' lang='lat' dir='ltr'><strong><em>G</em></strong></span> 
     </span>
    </p>

    <p class='ocr_par' dir='ltr' id='par_1_5' title="bbox 222 4549 1458 4621">
     <span class='ocr_line' id='line_1_46' title="bbox 222 4549 1458 4621; baseline 0.002 -17"><span class='ocrx_word' id='word_1_441' title='bbox 222 4557 254 4605; x_wconf 91' lang='grc'><strong>19</strong></span> <span class='ocrx_word' id='word_1_442' title='bbox 274 4550 484 4621; x_wconf 83' lang='lat' dir='ltr'><strong>Colluctaneus]</strong></span> <span class='ocrx_word' id='word_1_443' title='bbox 504 4549 710 4617; x_wconf 82' lang='lat' dir='ltr'><strong>Collectaneus,</strong></span> <span class='ocrx_word' id='word_1_444' title='bbox 729 4549 776 4602; x_wconf 81' lang='lat' dir='ltr'><strong>sed</strong></span> <span class='ocrx_word' id='word_1_445' title='bbox 793 4565 825 4603; x_wconf 91' lang='lat' dir='ltr'><strong>ec</strong></span> <span class='ocrx_word' id='word_1_446' title='bbox 842 4565 898 4605; x_wconf 85' lang='lat' dir='ltr'><strong>ras.</strong></span> <span class='ocrx_word' id='word_1_447' title='bbox 917 4550 945 4603; x_wconf 94' lang='grc' dir='ltr'><em>Β</em></span> <span class='ocrx_word' id='word_1_448' title='bbox 1017 4551 1205 4606; x_wconf 83' lang='lat' dir='ltr'><strong>collactaneus</strong></span> <span class='ocrx_word' id='word_1_449' title='bbox 1224 4549 1274 4620; x_wconf 90' lang='lat' dir='ltr'><strong>qui</strong></span> <span class='ocrx_word' id='word_1_450' title='bbox 1293 4567 1326 4606; x_wconf 87' lang='lat' dir='ltr'><strong>ex</strong></span> <span class='ocrx_word' id='word_1_451' title='bbox 1344 4569 1399 4606; x_wconf 89' lang='lat' dir='ltr'><strong>uno</strong></span> <span class='ocrx_word' id='word_1_452' title='bbox 1420 4552 1458 4605; x_wconf 91' lang='lat' dir='ltr'><strong><em>M</em></strong></span> 
     </span>
    </p>
   </div>
   <div class='ocr_carea' id='block_1_5' title="bbox 147 4641 1456 4900">
    <p class='ocr_par' dir='ltr' id='par_1_6' title="bbox 147 4641 1456 4900">
     <span class='ocr_line' id='line_1_47' title="bbox 147 4641 1456 4742; baseline 0.001 -14"><span class='ocrx_word' id='word_1_453' title='bbox 147 4671 346 4728; x_wconf 80' lang='lat' dir='ltr'><strong>conlactaneus</strong></span> <span class='ocrx_word' id='word_1_454' title='bbox 364 4671 413 4741; x_wconf 88' lang='lat' dir='ltr'><strong>qui</strong></span> <span class='ocrx_word' id='word_1_455' title='bbox 432 4688 466 4726; x_wconf 86' lang='lat' dir='ltr'><strong>ex</strong></span> <span class='ocrx_word' id='word_1_456' title='bbox 484 4687 538 4725; x_wconf 91' lang='lat' dir='ltr'><strong>uuo</strong></span> <span class='ocrx_word' id='word_1_457' title='bbox 557 4670 584 4722; x_wconf 91' lang='grc' dir='ltr'><em>Β</em></span> <span class='ocrx_word' id='word_1_458' title='bbox 608 4641 798 4740; x_wconf 78' lang='lat' dir='ltr'><strong>collactaneus</strong></span> <span class='ocrx_word' id='word_1_459' title='bbox 822 4670 870 4739; x_wconf 90' lang='lat' dir='ltr'><strong>qui</strong></span> <span class='ocrx_word' id='word_1_460' title='bbox 890 4688 924 4726; x_wconf 84' lang='lat' dir='ltr'><strong>ex</strong></span> <span class='ocrx_word' id='word_1_461' title='bbox 942 4689 997 4727; x_wconf 93' lang='lat' dir='ltr'><strong>uno</strong></span> <span class='ocrx_word' id='word_1_462' title='bbox 1018 4670 1042 4727; x_wconf 81' lang='grc'><em>0</em></span> <span class='ocrx_word' id='word_1_463' title='bbox 1062 4672 1214 4727; x_wconf 85' lang='lat' dir='ltr'><strong>collaetans</strong></span> <span class='ocrx_word' id='word_1_464' title='bbox 1233 4675 1276 4727; x_wconf 88' lang='lat' dir='ltr'><strong>est</strong></span> <span class='ocrx_word' id='word_1_465' title='bbox 1298 4673 1346 4742; x_wconf 86' lang='lat' dir='ltr'><strong>qni</strong></span> <span class='ocrx_word' id='word_1_466' title='bbox 1364 4689 1420 4727; x_wconf 91' lang='lat' dir='ltr'><strong>uno</strong></span> <span class='ocrx_word' id='word_1_467' title='bbox 1439 4690 1456 4731; x_wconf 85' lang='grc' dir='ltr'><strong><em>ς</em></strong></span> 
     </span>
     <span class='ocr_line' id='line_1_48' title="bbox 148 4750 1456 4842; baseline 0.002 -36"><span class='ocrx_word' id='word_1_468' title='bbox 148 4751 301 4842; x_wconf 76' lang='lat' dir='ltr'><strong>collacteus</strong></span> <span class='ocrx_word' id='word_1_469' title='bbox 319 4752 386 4822; x_wconf 90' lang='lat' dir='ltr'><strong>quia</strong></span> <span class='ocrx_word' id='word_1_470' title='bbox 404 4768 459 4807; x_wconf 87' lang='lat' dir='ltr'><strong>uno</strong></span> <span class='ocrx_word' id='word_1_471' title='bbox 474 4769 505 4821; x_wconf 82' lang='lat' dir='ltr'><strong>p.</strong></span> <span class='ocrx_word' id='word_1_472' title='bbox 534 4751 731 4806; x_wconf 83' lang='lat' dir='ltr'><strong>conlactaneus</strong></span> <span class='ocrx_word' id='word_1_473' title='bbox 750 4750 806 4806; x_wconf 91' lang='lat' dir='ltr'><strong>dici</strong></span> <span class='ocrx_word' id='word_1_474' title='bbox 824 4750 923 4806; x_wconf 84' lang='lat' dir='ltr'><strong>debet:</strong></span> <span class='ocrx_word' id='word_1_475' title='bbox 941 4768 1006 4807; x_wconf 90' lang='lat' dir='ltr'><strong>nam</strong></span> <span class='ocrx_word' id='word_1_476' title='bbox 1025 4753 1179 4808; x_wconf 83' lang='lat' dir='ltr'><strong>collaetans</strong></span> <span class='ocrx_word' id='word_1_477' title='bbox 1197 4769 1279 4808; x_wconf 90' lang='lat' dir='ltr'><strong>nemo</strong></span> <span class='ocrx_word' id='word_1_478' title='bbox 1298 4754 1368 4809; x_wconf 90' lang='lat' dir='ltr'><strong>dicit</strong></span> <span class='ocrx_word' id='word_1_479' title='bbox 1386 4753 1456 4809; x_wconf 84' lang='lat' dir='ltr'><strong>Obo-</strong></span> 
     </span>
     <span class='ocr_line' id='line_1_49' title="bbox 148 4837 408 4900; baseline 0.004 -15"><span class='ocrx_word' id='word_1_480' title='bbox 148 4845 238 4885; x_wconf 59' lang='grc'><strong>000</strong></span> <span class='ocrx_word' id='word_1_481' title='bbox 252 4848 283 4900; x_wconf 72' lang='lat' dir='ltr'><strong>p.</strong></span> <span class='ocrx_word' id='word_1_482' title='bbox 302 4838 351 4899; x_wconf 79' lang='lat' dir='ltr'><strong>aa,</strong></span> <span class='ocrx_word' id='word_1_483' title='bbox 370 4837 408 4886; x_wconf 89' lang='lat'><strong>12</strong></span> 
     </span>
    </p>
   </div>
   <div class='ocr_carea' id='block_1_6' title="bbox 206 4927 1242 4978">
    <p class='ocr_par' dir='ltr' id='par_1_7' title="bbox 206 4927 1242 4978">
     <span class='ocr_line' id='line_1_50' title="bbox 206 4927 1242 4978; baseline 0 -8"><span class='ocrx_word' id='word_1_484' title='bbox 206 4938 360 4972; x_wconf 74' lang='lat' dir='ltr'><strong>uuunrrcr</strong></span> <span class='ocrx_word' id='word_1_485' title='bbox 375 4939 461 4970; x_wconf 70' lang='lat' dir='ltr'><strong>carran</strong></span> <span class='ocrx_word' id='word_1_486' title='bbox 475 4940 520 4970; x_wconf 89' lang='lat' dir='ltr'><strong>vu.</strong></span> <span class='ocrx_word' id='word_1_487' title='bbox 1227 4927 1242 4978; x_wconf 82' lang='grc'><strong>7</strong></span> 
     </span>
    </p>
   </div>
   <div class='ocr_carea' id='block_1_7' title="bbox 0 0 1680 5474">
    <p class='ocr_par' dir='ltr' id='par_1_8' title="bbox 0 0 1680 5474">
     <span class='ocr_line' id='line_1_51' title="bbox 0 0 1680 5474; baseline 0 0"><span class='ocrx_word' id='word_1_488' title='bbox 0 0 1680 5474; x_wconf 95' lang='lat' dir='ltr'><strong> </strong></span> 
     </span>
    </p>
   </div>
  </div>
 </body>
</html>
