3316 5474
164 369 232 436 470
656 370 831 427 ARVSIANI
849 369 969 426 uussu

170 484 190 522 ρ,
204 473 250 515 stt.
265 471 305 513 sxa
318 470 344 512 u.

166 557 338 637 domoque
366 559 433 618 iam
461 559 582 618 exisse
607 605 613 617 .
637 560 698 619 exit
722 576 738 618 e
761 557 841 636 loeo,
870 556 929 618 Cic.
953 556 989 616 de
1013 554 1166 636 suppliciis
1188 574 1206 613 1
1228 565 1270 617 ut
1298 565 1493 618 exeunte

167 665 295 726 Sicilia
318 665 520 746 praedones
544 713 551 726 .
575 667 637 726 exit
659 664 737 726 illam
761 682 838 745 rem,
862 662 948 744 Verg.
971 664 1041 724 Aen.
1066 661 1089 720 V
1112 659 1207 743 (138)

312 791 465 853 corpore
488 772 558 833 tela
582 771 682 832 modo
705 780 811 851 atque
834 770 952 832 oculis
974 769 1213 849 vigilantibus
1236 772 1330 852 exit,

166 880 245 941 idem
268 881 341 941 Aea.
365 881 419 940 XI
438 880 537 953 (750)
561 887 597 939 et
619 882 687 939 vim
709 878 849 939 viribus
872 879 947 938 exit
970 924 976 938 .

254 986 333 1047 Emit
365 987 401 1047 de
434 1005 494 1068 me,
527 986 586 1047 Cic.
615 1005 669 1066 pro
696 985 782 1046 Rose.
816 987 858 1062 (p.
887 985 976 1046 Rosc.
1006 985 1070 1045 Am.
1098 984 1166 1058 2,ὂ)
1198 1003 1289 1064 qnae
1325 985 1371 1046 de
1407 988 1514 1048 viror

166 1095 371 1157 clarissimo
395 1102 429 1155 et
452 1094 654 1155 fortissimo
678 1112 756 1154 sese
780 1092 871 1153 dicit
894 1094 1024 1152 emisse
1047 1090 1079 1152 L.
1100 1090 1291 1151 Cornelius
1317 1090 1488 1172 Chryso·

165 1220 279 1281 gonus
303 1249 310 1262 .
334 1202 405 1262 emit
437 1220 453 1260 a
485 1220 546 1281 me,
578 1200 657 1261 idem
689 1200 725 1260 de
758 1199 912 1279 suppliciis
945 1201 991 1272 (in
1026 1199 1110 1260 Verr.
1142 1199 1168 1256 V
1187 1198 1299 1273 2256}
1334 1200 1437 1278 quod
1469 1219 1486 1261 a

166 1308 254 1369 malo
278 1315 428 1368 anctore
452 1308 570 1367 emit.

255 1412 383 1494 Expellit
400 1409 460 1474 hoc
478 1413 557 1487 loco,
581 1412 640 1473 Cic.
655 1430 709 1493 pro
724 1409 817 1472 Cori
836 1413 953 1473 satius
977 1411 1155 1472 bominem
1174 1413 1348 1473 miserum
1368 1424 1483 1495 atque

165 1523 399 1582 innocentem
424 1521 517 1600 eripi
540 1518 571 1579 P.
595 1519 639 1601 n,
662 1518 795 1599 expelli
818 1520 948 1599 patria,
971 1518 1095 1579 divelli
1118 1538 1135 1579 a
1157 1520 1234 1579 suis
1258 1567 1265 1580 .
1289 1520 1419 1600 expellit
1444 1540 1481 1583 ex
1497 1537 1523 1575 ¹⁰

166 1629 223 1688 hoc
246 1627 324 1709 loco,
348 1628 425 1688 idem
448 1646 502 1707 pro
527 1626 624 1688 Sestio
649 1626 772 1699 (issu)
796 1624 948 1705 expellit
972 1645 1013 1686 ex
1036 1626 1152 1704 patria
1178 1673 1184 1685 .
1209 1624 1332 1705 expellit
1355 1645 1372 1686 a
1400 1628 1482 1711 laco,

167 1735 226 1796 Cic.
250 1754 303 1815 pro
328 1735 393 1795 Cor.
418 1734 443 1794 ll
467 1733 668 1814 expelleret
690 1752 706 1792 a
730 1732 1030 1812 dispensantibus
1055 1781 1060 1792 .

255 1842 369 1922 Expers
397 1841 476 1902 illius
503 1843 559 1915 rei,
588 1840 647 1901 Cic.
671 1839 708 1900 de
731 1859 793 1920 rep.
817 1841 853 1911 (I
871 1840 936 1913 2‚3)
970 1842 1106 1919 negotii
1138 1838 1276 1920 publici
1309 1859 1479 1921 expers.

167 1969 274 2030 expers
302 1948 351 2009 illa
379 1968 426 2029 re,
454 1948 510 2008 Sal.
539 1947 616 2008 bello
644 1947 705 2007 Cat.
735 1947 833 2020 (ssi)
862 1947 951 2007 lama
979 1955 1085 2026 atque
1113 1947 1270 2008 fortunis
1300 1958 1479 2028 expertes

167 2075 318 2117 sumus.
1494 2070 1521 2111 m

256 2162 401 2242 Egregius
424 2161 472 2222 illa
495 2180 541 2242 re,
565 2160 649 2240 Verg.
673 2163 744 2221 Aen,
769 2159 805 2221 Vl
830 2161 924 2234 (862)

345 2271 528 2348 egregium
553 2269 662 2327 lorma
685 2270 849 2327 iuvenem
872 2276 907 2328 et
929 2267 1156 2348 fulgentibus
1179 2271 1294 2328 armis.

168 2380 305 2457 egregius
328 2375 407 2437 ilbus
431 2377 487 2457 rei,
511 2374 595 2453 Verg.
619 2376 689 2434 rlen.
713 2373 752 2433 lll
777 2375 871 2447 (117)
900 2377 1140 2455 egregiusque
1169 2377 1290 2455 animi,
1320 2374 1377 2434 Sal.
1404 2376 1477 2438 bist.

168 2483 180 2543 l
204 2486 372 2564 egregius
404 2482 562 2542 militiae.
585 2479 588 2560 l
609 2483 747 2561 egregius
774 2481 860 2562 baec,
884 2481 941 2542 Sal.
965 2481 1026 2561 lug.
1050 2502 1067 2539 *
1095 2485 1238 2562 imperii
1264 2481 1477 2562 prolatandi

168 2590 388 2670 percupidus
411 2587 624 2669 habebatur,
648 2597 768 2648 cetera
792 2590 963 2667 egregius
988 2637 994 2648 .
1491 2607 1519 2646 so

260 2697 429 2758 Exterritus
452 2698 562 2776 animo,
586 2694 670 2773 Verg.
695 2696 765 2755 Aen.
790 2694 852 2754 Vlll
876 2696 974 2768 (370)

305 2812 339 2864 at
362 2804 478 2864 Venus
500 2802 591 2864 baud
616 2805 730 2862 animo
755 2804 972 2881 nequiquam
997 2806 1172 2864 exterrita
1196 2812 1306 2864 mater
1330 2851 1336 2863 .

168 2914 329 2973 exterritus
347 2910 425 2972 illius
446 2914 502 2990 rei,
526 2909 582 2971 Sal.
601 2909 669 2970 bist.
689 2908 742 2969 llll
763 2909 965 2970 tetrarchas
990 2929 1163 2990 regesque
1190 2912 1339 2971 territos
1363 2914 1478 2974 animi

169 3019 359 3079 lirmavit.

257 3125 362 3186 Evenit
394 3128 423 3185 iu
451 3125 514 3205 illo,
546 3123 602 3183 Sal.
631 3124 698 3184 bist.
724 3123 747 3181 ll
771 3142 846 3183 nam
879 3125 908 3183 si
940 3126 975 3183 in
1008 3123 1175 3203 Pompeio
1210 3123 1294 3203 quid
1327 3124 1521 3186 humanius

169 3235 353 3293 evenisset
368 3280 374 3291 .
389 3233 487 3292 evenit
511 3231 566 3312 illi,
589 3231 647 3291 Cic.
668 3232 697 3290 in
717 3230 774 3291 Pis.
795 3230 917 3303 (1133)
941 3248 981 3290 an
1005 3230 1097 3309 quod
1122 3230 1190 3291 tibi
1213 3232 1478 3311 proficiscenti

170 3398 381 3407 ——.—-—-

259 3494 349 3550 Cadere
369 3494 518 3548 Parrhasii
553 3495 656 3547 iden.
673 3490 710 3545 Xl
729 3509 778 3547 oni.
862 3498 893 3545 11
915 3491 1031 3561 expellit
1049 3509 1066 3546 s
1085 3493 1159 3563 loeo]
1179 3492 1283 3562 expelli
1301 3509 1318 3546 1
1338 3493 1401 3547 looo

170 3579 202 3628 13
222 3575 314 3644 Expex
331 3574 407 3628 illius
480 3581 512 3628 16
532 3571 668 3642 Egregius
688 3572 738 3626 ills
754 3590 784 3627 re
804 3572 880 3642 Virg.
900 3575 967 3626 Aen.
989 3571 1014 3625 lI
1034 3572 1232 3642 egregiumque
1251 3572 1341 3625 forma
1360 3613 1366 3625 .
1387 3573 1477 3642 Egre-

169 3655 231 3725 gius
257 3653 333 3709 illius
360 3654 399 3707 rei
424 3653 500 3721 Virg.
520 3655 589 3707 Aen.
609 3653 646 3706 Xl
675 3653 859 3721 egregiusque
887 3651 972 3706 snimi
1001 3650 1055 3706 Sal.
1081 3652 1143 3706 bist.
1163 3653 1176 3705 1
1200 3656 1327 3721 egregius
1352 3652 1477 3708 milities

168 3734 297 3788 iuvenem
316 3736 345 3787 et
362 3732 533 3802 fulgentibus
551 3731 634 3784 armis
653 3772 658 3782 .
678 3731 815 3801 Egregius
833 3732 903 3786 baec
984 3738 1017 3786 21
1037 3731 1114 3803 Vlll]
1134 3732 1212 3786 Vllll
1294 3737 1327 3785 25
1348 3732 1477 3802 Pompeo

259 3973 271 4018 1
293 3967 325 4019 ut
343 3966 444 4020 exeunt
462 3980 477 4017 o
497 3962 594 4017 Sicilia
617 3961 771 4032 praedones
794 3979 851 4018 acu
873 3964 1053 4018 inueniuntur
1076 3965 1108 4018 iu
1125 3964 1250 4018 oratioue
1268 3965 1300 4017 de
1318 3963 1476 4032 suppliciis,

169 4062 202 4099 ex
220 4063 275 4114 qua
294 4062 348 4114 pro
373 4045 491 4114 exmuplo
510 4045 631 4098 adscribi
649 4048 778 4112 poteraut
796 4045 862 4098 baec
880 4048 995 4110 ss,100,
1022 4049 1206 4115 posteaquam
1227 4061 1242 4099 e
1261 4047 1343 4114 portu
1362 4045 1477 4115 piratae

169 4143 225 4181 non
243 4114 320 4179 metu
338 4124 433 4193 aliquo
453 4123 560 4190 affecti,
580 4124 629 4178 sed
648 4124 781 4179 satietate
799 4125 928 4179 exierunt
947 4169 952 4179 .
972 4125 1064 4194 itaque
1082 4127 1210 4180 laeuuam
1229 4126 1352 4179 indicavi

170 4212 185 4260 t
205 4205 278 4275 quod
297 4222 315 4259 a
327 4205 407 4283 ‘malo
426 4208 539 4258 anctore
558 4204 689 4259 emissent
704 4205 796 4259 Cicera
870 4211 903 4258 10
922 4203 992 4274 eripi
1010 4206 1051 4259 rei
1070 4205 1198 4274 publicae
1213 4207 1326 4259 couieeit
1340 4204 1478 4262 Halmius

169 4285 352 4356 Sitzuupsber.
372 4287 398 4339 d.
418 4286 486 4339 bair.
507 4285 595 4338 Akad.
616 4290 734 4338 11621.
757 4285 799 4337 ΙΙ
810 4302 841 4352 p.
861 4290 901 4340 22
977 4292 1007 4338 11
1028 4287 1149 4355 expellet
1167 4304 1199 4340 ex
1219 4287 1312 4355 patria
1333 4285 1426 4342 Oieera
1443 4307 1475 4358 p.

169 4364 235 4419 Sesto
256 4366 272 4419 l.
293 4382 314 4419 e.
390 4370 421 4417 13
441 4363 489 4432 qni
512 4362 600 4417 omnis
625 4364 731 4433 negotii
755 4365 860 4434 publici
880 4367 1007 4435 expertes
1031 4366 1087 4419 sint
1105 4368 1208 4420 codices
1227 4366 1365 4420 Ciceronis
1439 4376 1476 4423 19

169 4442 279 4512 imperii
290 4475 322 4483 —
334 4445 475 4515 egregius,
494 4462 562 4514 quae
580 4446 611 4497 iu
630 4445 699 4498 libra
718 4444 750 4498 de
768 4445 835 4499 bello
855 4447 1024 4515 Iupurtbino
1038 4464 1094 4500 uon
1113 4448 1253 4516 lepuutnr,
1273 4448 1307 4501 ab
1322 4449 1477 4505 editoribus

169 4525 298 4580 Sallustii
316 4526 348 4579 in
365 4526 527 4595 fragmentis
549 4525 726 4578 historiarum
749 4527 840 4593 posita
862 4532 941 4593 sunt,
967 4527 1018 4580 IV
1035 4534 1054 4581 8
1072 4527 1168 4592 Kritz,
1203 4526 1227 4578 V
1245 4534 1262 4581 a·
1281 4527 1393 4582 Dietseli
1413 4573 1419 4584 .
1440 4547 1477 4584 eoa

170 4604 298 4672 Iupurtli.
328 4610 392 4673 63,7
423 4606 572 4674 eamuplum
604 4605 762 4658 elocutionis
785 4607 914 4676 egregius
941 4607 992 4662 ills
1019 4624 1049 4662 re
1072 4608 1144 4675 poni
1169 4609 1274 4675 patuit,
1300 4625 1383 4662 nemo
1412 4612 1476 4666 tam

170 4683 260 4738 clarus
279 4701 371 4754 neque
389 4688 448 4740 tam
467 4685 595 4756 egregius
614 4684 696 4739 factis
711 4688 772 4739 erat
843 4691 876 4739 23
892 4687 1039 4742 exterritos
1054 4687 1141 4741 animi
1156 4687 1312 4742 Dielsebius
1326 4688 1393 4742 Sall.
1409 4690 1475 4746 bist.

168 4763 267 4832 frapm.
282 4782 312 4832 p.
331 4770 387 4819 108
476 4772 509 4821 25
527 4783 593 4821 nam
612 4765 635 4819 11
654 4765 787 4834 Pompeio
811 4767 876 4819 alim
893 4767 925 4820 iu
943 4767 1073 4822 Sallustii
1093 4768 1255 4838 fragmentis
1278 4770 1379 4823 editum
1404 4777 1476 4838 erat,

169 4846 241 4914 quod
260 4846 378 4898 correxit
397 4846 496 4900 Carrio
