3316 5474
533 372 708 427 EXEMPLA
727 368 991 426 ELOOVTIONVM
1348 364 1412 428 491

114 473 289 521 nmmn

114 560 132 618 1.
157 579 180 619 c.
205 558 247 632 Τ,
276 557 334 619 Cic.
364 560 394 616 in
423 555 505 617 Catil.
529 556 568 615 lll
593 557 718 631 (10,24)
747 557 807 617 sed
837 573 894 616 eas
923 572 1009 633 qrras
1037 562 1171 613 vosmet
1198 554 1268 631 ipsi
1298 552 1414 611 memi-

114 639 227 726 nistis
246 675 352 743 atque
376 663 552 723 vidistis.
578 666 697 723 memini
721 662 799 723 illam
822 680 886 722 rem
910 662 1020 739 iacere,
1044 658 1127 738 Verg.
1148 661 1218 719 Aen.
1238 657 1301 718 Vlll
1322 659 1415 729 (157)

274 789 348 831 nam
374 772 517 830 memini
540 769 717 830 Hesionae
740 773 917 830 visentem
940 785 1048 847 regna
1073 768 1212 827 sororis

274 877 617 939 Laumednntiadem
640 877 829 957 Priamum,
854 875 1029 935 Salamina
1053 882 1253 952 petentem,

75 998 88 1039 ⁵
274 987 441 1065 protinus
465 984 634 1044 Arcadiae
658 983 799 1062 gelidos
822 985 979 1043 inrisere
1004 981 1111 1059 lines,

116 1093 175 1154 Cic.
204 1096 234 1153 in
262 1094 400 1153 Pisonem
428 1090 530 1170 (6,13)
560 1092 817 1171 meministine,
849 1107 1011 1168 coenum,
1043 1105 1119 1146 cnm
1148 1086 1188 1146 ad
1217 1094 1251 1146 te
1280 1085 1365 1145 hora
1394 1082 1417 1140 V

116 1220 191 1261 cnm
216 1202 246 1260 (1.
271 1200 400 1259 Pisone
424 1200 613 1274 venissem,
643 1199 766 1257 nescio
791 1215 857 1275 qno
882 1206 915 1255 te
939 1215 955 1255 e
979 1196 1169 1274 gurgustio
1193 1191 1339 1273 prodire
1364 1193 1416 1250 in-

116 1308 238 1367 voluto
262 1309 383 1386 capite
411 1302 610 1365 soleatum?
637 1306 759 1364 memini
782 1303 863 1363 illum
888 1302 1007 1363 iecisse:
1035 1297 1126 1361 huius
1150 1300 1326 1360 elocutionis
1350 1315 1417 1357 raro

116 1417 265 1475 invenitur
288 1413 467 1494 exemplum,
490 1410 575 1490 Verg.
599 1429 678 1490 geor.
703 1409 755 1469 llll
779 1408 869 1483 (125)

77 1533 103 1571 1⁰
276 1538 424 1598 namque
449 1517 513 1577 snb
538 1517 705 1578 Oebaliae
730 1516 872 1576 memini
896 1533 947 1575 me
972 1513 1137 1575 turribus
1161 1515 1258 1573 arcis

276 1626 465 1705 Corycium
490 1625 625 1685 vidisse
649 1642 768 1684 senem
792 1670 798 1683 .

118 1737 236 1794 memini
260 1733 355 1813 domi,
377 1732 444 1793 Ter,
469 1731 542 1792 Eun.
566 1733 601 1803 (I
607 1732 632 1788 V
655 1732 743 1806 7,45)

329 1838 421 1898 domi
445 1839 588 1916 locique
613 1839 666 1898 lac
690 1838 850 1897 vicissim
875 1847 913 1897 ut
937 1838 1144 1896 memineris
1167 1883 1174 1894 .
1195 1829 1200 1915 Ι

206 1946 364 2006 Miseretnr
396 1945 488 2025 illins,
521 1943 606 2024 Verg.
634 1947 705 2004 Aen.
733 1941 788 2002 Xll
816 1943 912 2016 (653)
944 1944 1118 2002 miserere
1153 1951 1310 2021 tnornm,
1340 1940 1417 2001 illem

80 2054 189 2113 55155.
209 2050 261 2111 llll
281 2052 375 2123 (435)
394 2053 567 2110 miserere
587 2051 725 2110 sororis
740 2096 747 2109 .
763 2051 921 2109 miseratus
939 2048 1034 2123 illum,
1053 2048 1132 2108 idem
1151 2052 1183 2108 15
1202 2047 1305 2109 eodem
1321 2048 1418 2120 (370)

118 2158 208 2220 hand
243 2161 434 2219 miseratus
467 2165 641 2217 amantem
674 2165 729 2217 est
756 2202 763 2214 .
792 2157 949 2216 miseratus
981 2157 1070 2215 animi
1102 2174 1156 2234 pro
1190 2156 1301 2236 animo,
1334 2153 1418 2233 Verg.

118 2268 189 2326 ilen.
213 2263 238 2323 ll
263 2265 358 2337 (686)

243 2375 425 2433 continuit
448 2375 611 2432 invenem
635 2379 741 2450 atque
764 2371 873 2430 animi
896 2371 1065 2431 miserata
1089 2373 1270 2450 repressit
1293 2418 1299 2431 .

119 2482 241 2541 miseret
260 2489 288 2539 tc
308 2478 400 2557 illins,
419 2477 503 2558 Verg.
519 2481 590 2538 Aen.
605 2476 654 2536 Vll
670 2478 768 2551 (360)
783 2495 847 2537 nec
867 2487 900 2537 te
920 2479 1070 2537 miseret
1089 2486 1265 2557 nataeque
1286 2478 1420 2556 tuique.

79 2601 107 2639 20
211 2587 308 2647 Manet
331 2593 361 2645 15
385 2584 453 2664 lmc,
476 2585 554 2645 idem
578 2587 609 2645 in
632 2583 736 2644 eodem
760 2584 849 2656 (128)

265 2692 351 2752 haec
376 2702 453 2752 erat
476 2691 536 2751 illa
561 2692 684 2771 tames,
708 2690 794 2751 haec
820 2709 883 2751 nos
906 2709 1070 2771 suprema
1094 2690 1287 2752 manebat.

120 2800 198 2859 ilem
221 2801 292 2859 len.
315 2798 341 2856 X
365 2819 381 2854 5
406 2799 493 2872 (Aen.
524 2798 586 2858 VII
600 2798 682 2872 506)
706 2807 852 2859 ceterns
876 2798 1034 2859 manebit
1056 2798 1277 2877 snpplicium
1296 2845 1303 2858 .
1323 2806 1421 2859 manet

121 2906 173 2966 tihi
197 2906 267 2985 hoc,
289 2904 369 2965 idem
391 2905 461 2964 Aen.
487 2903 563 2964 Vllll
585 2904 681 2978 (302)

279 3011 365 3071 haec
390 3011 508 3072 eadem
532 3013 710 3090 matrique
734 3019 816 3072 tuae
839 3015 1037 3091 generique
1061 3012 1267 3094 manebunt,

80 3119 180 3180 aecio,
204 3118 309 3197 Philip.
335 3118 358 3177 ll
384 3120 480 3191 (511)
508 3118 649 3196 qnando
678 3117 746 3179 tibi
773 3118 866 3178 «lomi
899 3130 1015 3180 manet
1047 3120 1139 3198 qnod
1173 3121 1242 3180 init
1274 3119 1422 3180 illorum

123 3228 267 3305 utrique
292 3225 399 3286 letale
415 3274 420 3286 .
439 3232 537 3285 manet
556 3225 603 3285 his
621 3243 676 3304 pro
700 3220 742 3285 ‘in
762 3224 808 3284 his
826 3221 1018 3306 perseverat',
1041 3225 1126 3306 Verg.
1146 3228 1216 3287 Aen.
1236 3225 1300 3286 Vlll
1324 3227 1421 3300 (643)

122 3342 156 3393 51
178 3345 215 3393 15
240 3333 349 3393 dictis
373 3332 503 3392 Albane
528 3349 692 3392 maneres
716 3379 722 3391 .

210 3439 313 3500 Melior
336 3438 384 3499 ille
409 3449 454 3499 est
477 3439 531 3499 hac
555 3457 601 3519 re,
623 3438 710 3518 Verg.
733 3439 804 3498 Aen.
828 3437 851 3495 V
875 3440 965 3512 (153)
990 3440 1117 3500 melior
1140 3442 1249 3501 remis
1273 3450 1302 3501 et
1325 3442 1423 3515 (430)

133 3589 334 3598 ——--.—-—-

212 3665 301 3720 Codec
320 3664 466 3718 Porrhooii
504 3664 635 3718 leedean
654 3680 710 3733 qne
728 3668 852 3720 suosmet
874 3664 928 3735 ipsi
1014 3665 1199 3721 3Heoionem
1286 3672 1375 3735 lqno
1394 3670 1424 3723 to

123 3762 175 3814 ego
195 3763 222 3812 5,
241 3747 288 3799 sed
305 3747 389 3799 deleto
408 3761 460 3815 ogo
534 3749 566 3797 10
586 3743 720 3799 tabellae
793 3752 825 3800 15
844 3744 920 3800 idem
938 3745 1037 3800 eodem
1115 3752 1147 3800 19
1166 3762 1218 3800 nec
1240 3748 1269 3799 15
1292 3747 1424 3802 miserere

122 3827 180 3880 nat.
198 3841 222 3879 e.
238 3843 264 3893 q.
280 3824 376 3892 tuique
448 3822 1182 3893 115555111555511115,55035151511155515551555
1253 3830 1287 3878 17
1302 3825 1423 3895 Albane]

124 3905 243 3959 Saliene
315 3907 349 3955 28
369 3901 468 3957 Melior
485 3902 535 3957 illo
555 3907 598 3957 551
616 3902 670 3958 hoo
688 3921 717 3959 re
733 3935 766 3944 —
781 3907 860 3960 motu
873 3907 973 3961 melior
989 3912 1050 3976 poet
1068 3904 1168 3960 melior
1185 3905 1277 3960 hio-
1294 3905 1424 3960 Metellus

122 3986 238 4052 scripta,
256 3984 302 4036 550
321 3984 454 4050 adpositio
471 3984 559 4052 515515
578 3985 747 4053 1555555115
764 3992 829 4038 5551
912 3987 1013 4041 melior
1030 3986 1091 4057 ille]
1112 3986 1211 4041 melior
1230 3985 1279 4039 illo

213 4205 228 4250 3
248 4197 386 4251 Hesionae
409 4197 511 4250 codices
536 4196 650 4265 Vernilii
667 4203 692 4252 et
709 4198 799 4253 Nonii
812 4216 843 4268 p.
864 4203 918 4253 337
1008 4207 1025 4254 6
1048 4217 1112 4254 cnm
1134 4198 1170 4253 ed
1194 4201 1223 4253 te
1246 4199 1345 4267 quinte
1368 4199 1425 4254 tere

124 4279 193 4332 hore
216 4294 277 4331 cum
303 4275 331 4330 C.
351 4275 451 4329 Pisone
474 4275 626 4344 venissem,
650 4279 743 4332 nescio
766 4295 822 4347 qno
845 4296 860 4333 5
884 4279 1030 4349 gurgustio
1048 4282 1076 4333 15
1095 4279 1206 4349 prodire
1227 4279 1319 4333 Cicero
1392 4286 1425 4334 13

124 4365 157 4414 51
174 4375 223 4414 om.
244 4358 453 4411 15πά5555555
544 4363 577 4410 16
600 4359 649 4410 551
672 4357 820 4412 miseratur
843 4359 946 4413 codices
973 4358 1089 4427 Veryilii
1106 4361 1176 4413 Aen.
1196 4357 1248 4412 IV
1264 4362 1319 4412 370
1393 4362 1425 4410 18

125 4439 307 4506 iuvenemque
331 4436 419 4490 enimi
441 4437 543 4490 codices
571 4437 688 4506 Perorlii
709 4439 777 4492 Aen.
802 4437 834 4491 X
855 4445 912 4493 686
1002 4444 1035 4492 22
1060 4440 1188 4493 lacunam
1211 4439 1348 4508 indicavi,
1371 4457 1427 4509 quo

124 4519 274 4586 cecropium
292 4516 388 4570 decimi
406 4516 472 4569 libri
489 4517 604 4584 5551011,
622 4522 678 4572 138
696 4535 761 4572 mox
778 4518 843 4573 illoc
861 4518 989 4573 5551515
1008 4521 1123 4575 manent
1141 4518 1245 4573 maiore
1270 4518 1322 4572 sub
1344 4518 1426 4574 hoste

124 4600 165 4652 cel
187 4603 243 4652 630
264 4614 338 4651 nunc
365 4600 460 4650 menet
483 4596 622 4652 insontem
643 4599 738 4668 gravio
759 4599 850 4654 exitus
874 4643 881 4656 .
903 4601 1025 4669 seqnitur
1052 4599 1201 4669 eoemplum
1227 4599 1335 4666 septimi
1361 4598 1428 4652 tiore

125 4685 180 4735 596
199 4682 241 4747 15,
259 4679 363 4745 Turne,
387 4676 478 4742 55155,
500 4678 528 4729 15
547 4675 628 4730 triste
646 4677 772 4732 monebit
789 4679 956 4749 supplicium
1040 4678 1178 4749 manebit]
1197 4678 1380 4734 5555515155
1401 4678 1427 4732 G

125 4760 211 4814 edidit
229 4760 438 4812 Lindemmmos
522 4762 557 4810 25
580 4758 658 4814 cuins
683 4758 797 4828 quidem
822 4759 876 4814 tibi
898 4759 1002 4829 fatum,
1026 4760 1099 4814 51551
1121 4758 1150 4812 C.
1171 4758 1298 4826 Curioni,
1321 4765 1425 4826 155551,

126 4840 257 4910 qnoniam
277 4839 305 4892 id
324 4838 400 4894 domi
419 4844 483 4892 tune
503 4842 558 4908 est,
577 4839 652 4908 qnod
670 4839 855 4895 fritillorum
874 4840 986 4910 utrique
1004 4838 1092 4895 fatale
1111 4841 1206 4895 Cicero

1156 4934 1212 4984 32*
