3316 5474
232 367 295 432 146
395 405 399 412 ·
768 367 998 424 CASSIODORII

227 479 249 520 p.
264 469 371 510 sorbeo
383 469 409 509 n.

226 555 378 632 positurae
407 551 443 612 ad
472 552 559 611 tinem
589 551 711 613 tendere
735 551 975 632 comprobantur.
1012 553 1148 631 sequitur
1176 550 1398 632 subdistinctio,
1425 550 1533 612 deinde

227 658 336 739 media,
359 677 434 738 quae
458 658 559 737 plenas
583 675 701 737 semper
723 656 907 737 praecedunt
929 659 1029 737 potins
1052 674 1141 737 quam
1164 665 1339 736 sequuntur.
1377 656 1429 718 sed
1453 660 1532 718 sicut

226 767 323 826 risum
342 773 459 826 constat
478 783 543 826 esse
562 764 758 845 doctissimis,
780 765 860 826 hunc
879 762 1022 825 debemus
1041 763 1176 835 ordinem
1195 763 1360 845 custodire,
1384 773 1418 824 ut
1435 765 1532 843 primo

227 871 264 931 de
292 870 540 932 subdistinctione
568 869 714 952 dicamus,
742 889 817 949 quae
844 869 886 930 ibi
914 888 1032 950 semper
1055 872 1229 951 apponitur,
1257 869 1308 931 uhi
1331 872 1361 931 in
1385 851 1531 932 commate

227 996 325 1038 sermo
345 997 509 1058 suspensus
527 977 623 1039 adhuc
642 977 811 1038 reddendus
829 995 895 1038 esse
916 979 1114 1059 cognoscitur,
1134 986 1168 1039 ut
1187 978 1192 1052 Ι
1213 972 1325 1037 ‘arma
1344 980 1532 1058 virumque
1561 1003 1574 1043 s

228 1081 341 1167 cano',
360 1084 411 1146 uhi
431 1088 522 1146 totius
541 1087 640 1165 operis
659 1102 772 1145 summa
792 1084 932 1146 conclusa
951 1092 1004 1145 est.
1038 1102 1119 1145 arma
1139 1086 1218 1144 enim
1238 1082 1371 1162 [ancilia]
1387 1084 1533 1163 Vergilius

227 1193 384 1272 virumque
407 1192 541 1254 dicturus
565 1199 619 1252 est.
656 1190 707 1251 sed
732 1192 872 1270 quoniam
895 1186 992 1251 ‘cano’
1016 1193 1139 1270 respicit
1162 1190 1197 1251 ad
1222 1198 1395 1271 utrumque,
1419 1189 1480 1272 hic,
1503 1192 1532 1252 id

228 1308 274 1360 est
289 1301 319 1358 in
334 1294 447 1380 ‘arma',
462 1298 669 1360 subdistinctio
684 1306 766 1359 recte
780 1299 917 1379 ponenda
931 1306 985 1359 est
1001 1297 1127 1359 mediam
1142 1316 1211 1357 vero
1226 1297 1408 1377 adigendam
1418 1307 1534 1359 constat
1613 1282 1616 1286 “

228 1408 258 1465 in
282 1413 441 1486 commate,
465 1424 533 1467 cum
553 1404 652 1466 nuilus
673 1423 771 1465 sermo
795 1405 892 1486 deest,
921 1404 973 1465 sed
1003 1405 1146 1483 gradatim
1171 1404 1266 1465 tendit
1289 1404 1324 1465 ad
1347 1403 1477 1485 plenam,
1500 1413 1534 1465 ut

387 1511 579 1574 dividimus
602 1510 737 1593 muros,
761 1521 795 1573 et
818 1512 956 1573 moenia
980 1511 1168 1591 pandimus
1193 1509 1302 1572 urbis.
1550 1537 1575 1575 ιο

228 1618 315 1700 piena
339 1628 385 1681 est
408 1627 520 1701 autem',
543 1620 595 1680 ubi
619 1620 721 1681 finitur
743 1621 874 1700 perfecta
898 1620 1058 1698 sententia,
1080 1625 1115 1678 ut
1137 1624 1183 1678 est
1206 1615 1292 1699 iilud,

387 1735 511 1788 tantae
535 1728 637 1788 molis
661 1735 738 1788 erat
761 1726 946 1787 Romanam
970 1724 1125 1787 condere
1148 1733 1298 1803 gentem.

230 1833 510 1894 subdistinctionem
529 1853 599 1894 vero
619 1834 664 1894 vei
684 1833 809 1894 mediam
828 1853 887 1894 non
906 1832 1010 1894 credas
1028 1835 1127 1912 ipsum
1146 1830 1279 1893 ordinem
1295 1850 1413 1911 semper
1431 1839 1533 1892 tenere

229 1959 318 2020 quem
341 1942 484 2020 diximus,
512 1948 545 1999 ut
568 1938 776 2000 subdistinctio
805 1939 962 2019 praecedat
985 1947 1016 1999 et
1039 1939 1134 1999 media
1158 1946 1371 2019 consequatur,
1399 1937 1450 1998 sed
1478 1955 1533 2016 pro

230 2049 344 2108 ratione
370 2065 459 2127 supra
482 2046 559 2106 dicta
582 2046 656 2106 iocis
679 2046 819 2125 congruis
842 2052 1045 2126 apponuntur,
1068 2053 1102 2106 ut
1124 2044 1331 2106 distinctiones
1359 2047 1433 2105 istae
1456 2043 1532 2104 bene
1548 2068 1573 2107 ιε

230 2156 343 2232 positae
362 2171 482 2212 sensum
502 2151 587 2212 nobis
610 2152 746 2214 lectionis
766 2152 918 2213 evidenter
938 2154 1080 2231 aperiant.
1117 2170 1185 2213 nam
1208 2154 1234 2212 si
1257 2151 1342 2212 alitor
1360 2151 1533 2230 distinguas,

231 2261 294 2319 sine
324 2259 508 2320 dubitatione
536 2267 642 2320 cuncta
671 2257 837 2319 contundis.
882 2257 935 2319 has
963 2277 1033 2319 vero
1061 2257 1266 2320 distinctiones
1299 2276 1351 2319 seu
1385 2260 1533 2338 posituras

232 2363 345 2426 Donato
376 2374 503 2427 testante
534 2364 638 2426 Graeci
668 2365 761 2427 thesis
791 2374 903 2426 vocant.
954 2365 1095 2446 periodus
1125 2373 1172 2427 est
1201 2375 1298 2427 autom
1330 2384 1384 2444 per
1413 2365 1532 2443 longum

231 2470 337 2550 plenae
361 2474 525 2532 sententiae
549 2471 637 2533 ducta
660 2475 806 2553 pausatio,
830 2473 916 2534 cuius
938 2480 1039 2552 partes
1062 2480 1132 2533 sunt
1155 2472 1217 2532 coia
1242 2480 1271 2533 et
1294 2480 1446 2532 commata.

319 2577 378 2638 Sed
406 2586 562 2657 antequam
593 2598 668 2658 opus
696 2578 922 2658 orthographiae
955 2578 1095 2639 inchoare
1123 2578 1288 2658 videamur,
1320 2580 1531 2658 praefationem
1547 2602 1574 2639 m

230 2683 345 2744 Phocoe
369 2685 529 2764 artigraphi
553 2684 679 2781 exempli
703 2703 790 2746 causa
813 2685 1006 2746 indicarimus
1028 2684 1243 2765 apponendam,
1267 2686 1404 2763 quoniam
1424 2692 1533 2745 cuncto

230 2793 313 2870 operi
329 2798 447 2872 nostro,
462 2794 546 2870 quasi
560 2811 576 2852 a
591 2790 677 2851 nobis
690 2791 803 2871 prolata
817 2793 868 2872 sit,
888 2790 1083 2853 itaomnibua
1097 2791 1192 2852 modis
1206 2790 1323 2852 videtur
1337 2790 1533 2852 accommoda.

390 2898 445 2958 Ars
469 2916 534 2958 mea
557 2898 717 2960 multorum
742 2917 787 2980 os,
811 2916 886 2978 quos
909 2897 1025 2959 saecula
1048 2900 1145 2977 prisca
1169 2897 1313 2979 tulerunt3

442 3004 493 3065 sed
518 3024 592 3065 nora
615 3014 645 3066 te
668 3004 796 3065 brevitas
819 3007 925 3066 asserit
948 3022 1014 3066 esse
1038 3022 1141 3065 meam.

389 3114 486 3171 omnia
509 3130 578 3172 curn
601 3122 734 3174 veterum
759 3114 818 3173 sint
841 3111 993 3190 explorata
1016 3110 1138 3193 libeliis,

444 3218 535 3279 muita
557 3218 640 3298 loqui
662 3219 793 3279 breviter
816 3219 855 3278 sit
878 3219 1015 3278 novitatis
1038 3237 1122 3298 opus.

391 3332 421 3384 te
445 3325 556 3405 relegat
578 3327 706 3405 iuvenis,
730 3341 819 3404 quem
842 3323 959 3403 garrula
982 3326 1087 3404 pagina
1110 3332 1218 3408 terret,

443 3439 495 3492 aut
518 3434 633 3511 siquem
656 3434 758 3511 paucis
781 3433 858 3492 seria
881 3449 969 3492 nosse
993 3434 1087 3513 iurat;

391 3546 420 3597 te
443 3536 603 3617 longinqua
626 3547 731 3618 petens
755 3541 892 3599 comitem
916 3537 973 3598 sibi
997 3539 1075 3599 terre
1098 3541 1193 3600 viator

443 3663 480 3704 ne
503 3644 632 3726 dubitet,
654 3663 744 3723 parvo
767 3644 897 3722 pondere
922 3643 1012 3704 muita
1035 3645 1160 3727 vehens,

392 3758 420 3809 te
445 3753 539 3829 siquis
561 3753 717 3831 scripsisse
742 3749 831 3831 volet,
855 3769 914 3812 non
934 3751 991 3811 ulia
1015 3758 1160 3830 queretur

443 3856 548 3917 damna
572 3877 627 3919 nec
650 3858 757 3936 ingrati
782 3857 867 3917 triste
890 3856 999 3918 laboris
1022 3876 1107 3919 onus.

390 3971 437 4023 est
461 3964 539 4042 quod
564 3967 690 4044 quisquc
714 3971 809 4043 petat:
834 3981 995 4042 numquam
1018 3983 1144 4027 censura
1167 3966 1271 4028 diserti

444 4069 502 4130 hoc
525 4079 696 4132 contemnet
718 4089 809 4151 opus,
832 4071 857 4130 si
881 4069 968 4132 modo
991 4071 1065 4132 livor
1087 4071 1180 4134 abest.

319 4214 440 4285 2plena
458 4231 567 4285 semper
584 4216 635 4273 Βς
706 4231 790 4284 qnam
810 4217 962 4284 sequnntur
978 4216 1029 4274 Βς
1101 4218 1226 4289 barma]
1252 4218 1330 4288 Verg.
1350 4220 1417 4274 Aen.
1438 4221 1458 4272 1
1476 4227 1491 4272 1

231 4305 247 4353 6
266 4299 370 4353 ancilia
387 4314 437 4351 om.
456 4296 497 4349 Az
518 4296 637 4350 ‘Aeneia
660 4297 773 4365 puidam
791 4301 866 4349 vetus
884 4296 977 4350 codcc’
999 4297 1098 4353 Carrio
1187 4303 1203 4352 8
1227 4298 1423 4353 subdistinctio
1446 4301 1533 4369 recto]

229 4376 323 4431 media
336 4374 530 4431 subdistinctio
545 4377 623 4430 recta
637 4377 664 4428 A
718 4375 887 4445 affigendam
901 4393 962 4430 esse
976 4379 1125 4433 constabo
1177 4379 1322 4448 tiplennm
1336 4379 1363 4430 A
1415 4385 1447 4432 10
1462 4379 1534 4432 divi-

230 4456 332 4525 dimus]
351 4455 428 4524 Verg.
442 4456 511 4509 Aen.
528 4453 570 4505 II
581 4458 638 4508 234
687 4453 840 4524 retentae]
858 4453 934 4524 Verp.
949 4456 1017 4508 Aen.
1033 4457 1103 4512 133
1148 4464 1179 4512 21
1197 4458 1281 4527 phoci
1295 4455 1353 4510 Ac
1396 4458 1532 4511 cunciaB

273 4541 308 4588 23
328 4534 368 4604 es]
389 4535 474 4588 estO
544 4540 578 4588 28
597 4534 667 4589 serie
686 4534 712 4587 A
785 4539 820 4587 29
839 4534 982 4602 pateant]
1049 4542 1084 4590 30
1103 4539 1206 4592 uehens
1225 4540 1252 4591 A
1271 4543 1295 4591 et
1313 4537 1444 4591 dcietaut
1462 4539 1533 4591 ride·

230 4611 499 4668 turnBuehisG
533 4620 592 4667 :31
611 4631 666 4668 non
686 4612 840 4667 nulleAG
901 4613 1084 4670 StlaboriA
1147 4624 1181 4672 33
1201 4615 1340 4687 est]et0
1399 4623 1433 4669 34
1453 4618 1534 4671 abest

230 4701 447 4786 cessionum
466 4700 667 4762 SENATORIS
686 4701 856 4784 EXi'thiT
875 4690 924 4756 rr
939 4704 965 4757 A
992 4704 1073 4758 abest
1098 4703 1311 4760 CASSIODORI
1330 4703 1534 4760 SENATORIS

231 4789 361 4844 EXPLIC
376 4790 476 4859 (ITEM
491 4791 555 4845 odd.
571 4791 603 4844 in
616 4793 713 4861 rnarp.)
727 4791 860 4845 Pramo
874 4791 910 4847 B.
928 4793 1092 4862 mrbsmptio
1103 4793 1289 4862 praefationis
1301 4795 1402 4849 coriosa
1415 4801 1453 4850 est
1466 4797 1497 4849 in
1513 4795 1536 4847 0
