3316 5474
634 386 682 441 DE
702 386 988 442 camoenarum
1400 389 1462 452 141

247 571 334 635 blanu
359 577 461 655 scripti
485 585 583 636 autem
607 573 675 636 libri
699 578 729 636 in
754 575 800 635 bis
823 575 958 655 partibus
982 593 1056 653 qrras
1075 574 1153 635 edidi
1173 575 1243 635 mibi
1267 578 1360 654 parati
1380 585 1465 635 erant

159 689 235 753 tres,
261 679 540 760 Bambergensis
569 681 602 741 ll.
627 681 647 740 l.
677 680 712 741 lV
746 679 799 763 15,
829 681 1147 760 wirceburgensis
1176 683 1194 742 l.
1218 679 1282 761 aba,
1311 680 1464 759 Sanger-

159 789 340 847 mariensis
365 784 437 848 782.
475 806 511 847 ex
539 786 648 865 quibus
672 807 750 849 unrrs
773 787 1000 867 bambergensis
1028 788 1103 848 duos
1127 789 1344 848 institutionum
1374 787 1465 848 libros

159 894 309 972 continet,
346 895 376 952 in
409 892 525 955 duobus
558 893 681 973 reliquis
719 893 795 955 liber
829 896 1048 956 institutionum
1080 894 1276 954 sacciularium
1307 896 1464 974 separatim

158 1000 289 1077 scriptus
317 1008 370 1059 est.
416 999 664 1081 Bambergensem
692 1002 844 1083 codicem,
872 1004 924 1081 qui
958 1010 1061 1062 octavo
1091 1000 1209 1061 saeculo
1242 1003 1372 1080 scriptus
1399 1018 1464 1060 esse

158 1106 281 1181 dicitur,
305 1106 491 1167 aFriderico
511 1106 616 1167 Haasio
635 1126 703 1168 crim
723 1109 853 1169 editione
872 1107 1036 1168 Genevcnsi
1061 1127 1086 1168 a.
1108 1103 1193 1168 1650
1216 1107 1354 1168 collatum
1377 1106 1464 1167 habe·

159 1211 235 1273 bam.
273 1213 503 1292 descriptionem
527 1212 660 1275 eiusdem
684 1213 752 1275 libri
775 1215 975 1276 exhibuerunt
993 1214 1131 1294 HaasiuS,
1155 1213 1290 1293 Gregorii
1309 1214 1463 1276 Turonen-

159 1322 201 1378 sis
223 1319 260 1380 de
284 1338 376 1380 cursu
399 1321 549 1382 stellarum
575 1314 778 1402 (Vratislariae
798 1339 822 1381 a.
845 1315 944 1400 1853)
964 1339 991 1400 p.
1011 1319 1041 1400 5,
1060 1331 1090 1380 st
1109 1323 1140 1381 Α.
1161 1320 1337 1400 Spengclius
1361 1320 1464 1380 Plrilol.

160 1444 185 1484 r.
204 1425 280 1486 liVll
299 1445 328 1507 p.
343 1424 416 1488 555.
449 1428 553 1488 eodem
576 1429 607 1487 in
627 1426 805 1487 Cassiodorii
829 1426 905 1488 libro
929 1428 965 1488 de
989 1427 1137 1487 rhetorica
1160 1446 1233 1488 usus
1253 1437 1298 1488 cst
1317 1428 1464 1489 Halmius:

160 1532 196 1592 cl.
226 1534 317 1612 praei.
345 1533 420 1595 rlret
449 1534 496 1595 lat.
525 1553 552 1613 p.
576 1532 639 1594 llll.
675 1533 808 1594 codicem
840 1532 1134 1615 wirceburgensem,
1162 1552 1221 1612 quo
1251 1536 1315 1612 ipso
1346 1551 1464 1613 ortoque

160 1637 291 1699 Halmius
319 1642 349 1701 in
379 1639 454 1700 libro
478 1641 514 1700 de
538 1639 686 1700 rhetorica
711 1660 783 1702 ursus
806 1648 867 1721 est,
893 1643 924 1700 in
949 1658 983 1700 ea
1006 1647 1089 1720 parts
1114 1659 1201 1718 quarn
1225 1640 1302 1701 edidi
1327 1650 1464 1700 accurate

159 1748 290 1806 excussit
305 1745 525 1827 Laubmannus,
542 1746 737 1808 bibliothecae
753 1747 995 1826 wirceburgensi
1014 1748 1192 1826 praelectus,
1206 1749 1257 1826 qui
1273 1765 1341 1807 eum
1361 1755 1464 1806 octavo

159 1851 277 1912 saeculo
302 1853 350 1914 rel
379 1855 499 1914 ineunte
524 1872 601 1914 nono
631 1855 774 1933 scriptum
803 1872 869 1914 essa
898 1853 969 1913 milri
996 1853 1178 1932 significavit.
1222 1853 1314 1913 codex
1338 1853 1463 1933 Sangar-

160 1963 322 2039 manensis‚
345 1955 436 2020 ‘liber
456 1962 551 2020 sancti
568 1959 650 2020 Petri
669 1955 821 2039 Curbeie',
844 1959 959 2020 decimo
983 1958 1115 2039 saeculo,
1139 1969 1172 2019 nt
1195 1959 1267 2019 milri
1289 1962 1385 2020 risum
1409 1970 1465 2041 est,

159 2069 290 2145 scriptus
313 2077 381 2146 post
403 2065 534 2127 libellum
558 2065 595 2126 dc
614 2075 677 2127 arte
696 2068 884 2146 grammatica
909 2065 1090 2144 reliquarum
1110 2069 1218 2126 artium
1242 2069 1467 2146 expositionem,

159 2176 270 2234 omisso
289 2182 386 2234 tamen
409 2176 527 2234 nomine
547 2173 737 2254 Cassiodorii,
761 2175 906 2253 continet,
931 2174 976 2234 Dc
997 2178 1201 2248 prammatica
1220 2184 1297 2234 arta
1330 2177 1466 2236 Intentus

160 2283 246 2340 nobis
266 2289 363 2340 est-
386 2273 438 2361 (de
461 2274 655 2362 astronomia)
678 2282 715 2340 de
737 2282 798 2340 bac
821 2289 889 2340 arte
911 2284 1025 2340 sentire
1048 2285 1180 2356 explicit.
1218 2283 1248 2341 in
1273 2282 1331 2342 ime
1355 2281 1465 2342 codicis

159 2405 252 2474 pauca
279 2387 316 2446 de
347 2387 501 2447 elementis
528 2396 558 2447 et
587 2396 724 2466 excerpta
753 2387 910 2465 Augustini
939 2389 1048 2465 scripta
1076 2396 1154 2447 sunt.
1192 2405 1260 2447 cnm
1289 2386 1344 2447 lroc
1374 2389 1402 2445 in
1433 2404 1466 2445 aa

159 2504 242 2572 parte
266 2511 353 2572 quam
374 2493 451 2554 edidi
474 2492 649 2572 plerumque
669 2495 817 2554 consentit
836 2493 927 2553 codex
943 2492 1096 2552 Parisinus
1118 2489 1204 2552 8679
1224 2510 1299 2552 saec.
1315 2491 1349 2564 x,
1370 2491 1462 2551 Liber

163 2600 338 2660 Cassiodori
359 2601 517 2660 Senatoris
543 2603 746 2661 bumarnarum
773 2603 945 2659 litterarum
973 2602 1028 2673 qui
1053 2601 1202 2658 scribitur
1232 2601 1270 2658 de
1292 2601 1412 2659 artibus·
1435 2608 1464 2657 et

160 2708 328 2782 disciplinis
355 2709 560 2767 saecularium
588 2709 757 2768 studiorum
784 2709 842 2767 bac
869 2715 912 2766 est
944 2708 982 2765 dc
1012 2709 1216 2779 prrammatica
1245 2707 1283 2765 de
1310 2707 1466 2766 rhetorica

160 2815 198 2872 de
217 2814 379 2875 dialectica
403 2816 441 2873 da
455 2815 646 2889 philosophia
665 2815 703 2872 de
721 2814 934 2873 mathematica
954 2813 993 2871 dc
1011 2813 1205 2871 arithmetica
1225 2813 1263 2870 de
1279 2815 1466 2886 peometrica

160 2921 199 2978 dc
221 2923 405 2980 astronomia
429 2922 467 2980 dc
488 2921 613 2979 musica.
651 2917 702 2977 sed
727 2917 815 2977 liuius
834 2918 925 2977 semel
949 2919 1129 2978 mentionem
1153 2918 1219 2977 leci.
1256 2926 1409 2996 praeterea
1434 2919 1464 2976 in

159 3023 323 3085 divmarum
343 3028 561 3087 institutionum
582 3027 677 3104 capite
696 3025 847 3085 tricesimo
866 3024 1009 3084 lectiones
1028 3024 1155 3084 duorum
1175 3023 1310 3084 codicum
1331 3023 1460 3083 Bernen-

160 3134 250 3211 sium,
278 3151 312 3191 ex
341 3131 450 3211 quibus
477 3132 555 3193 illam
583 3139 696 3211 partem
724 3130 908 3191 emendatam
936 3129 1029 3190 edidit
1057 3129 1194 3209 Hagenus
1222 3130 1323 3190 anecd.
1351 3129 1463 3190 Helvet.

160 3257 188 3317 p.
212 3236 371 3318 cxxxxt,
394 3238 549 3318 adscripsi.

251 3345 309 3405 lam
338 3365 407 3405 vero
431 3365 499 3407 cum
523 3364 610 3406 manu
639 3346 746 3424 scripti
770 3343 876 3403 borum
906 3342 1050 3403 librorum
1078 3341 1196 3402 codices
1221 3343 1302 3404 valde
1331 3347 1409 3405 inter
1433 3363 1465 3404 se

161 3451 332 3532 discrepent
361 3446 425 3534 (alii
458 3456 536 3513 enim
571 3452 750 3532 breviorem,
785 3450 834 3510 alii
866 3449 1038 3529 ampliorem
1072 3450 1196 3536 sormam
1226 3443 1395 3531 exhibent),
1430 3449 1466 3510 ad

162 3557 291 3618 libellum
314 3557 351 3619 de
370 3570 433 3619 arte
452 3561 641 3638 grammatica
660 3575 778 3637 qrroqne
798 3574 832 3616 sa
851 3556 1050 3635 discrepantia
1075 3559 1213 3634 pertinet.
1251 3575 1318 3616 nam
1337 3559 1367 3616 in
1382 3555 1465 3616 Bam·

164 3680 375 3690 -.——-.

162 3726 269 3782 tribuit.
302 3728 336 3782 de
355 3747 410 3799 quo
434 3731 462 3784 in
486 3728 659 3800 praefatione
678 3728 775 3784 scribit
793 3729 876 3796 haec,
900 3744 972 3797 quaa
991 3728 1043 3782 hoc
1062 3726 1125 3781 loco
1144 3732 1284 3797 repetam,
1308 3731 1340 3783 ut
1358 3728 1468 3783 intelle·

162 3811 245 3876 gutur
258 3808 364 3862 nullum
382 3809 465 3864 iidem
485 3809 512 3862 in
531 3809 581 3864 illo
595 3811 797 3864 commentario
815 3810 869 3863 hoc
883 3824 984 3862 nomen
998 3808 1114 3875 habere,
1135 3807 1274 3862 ‘Aurelius
1288 3812 1383 3863 noster
1397 3809 1464 3862 dum

162 3885 248 3941 libros
270 3891 405 3954 recenset,
429 3905 498 3958 quos
521 3888 577 3942 ium
600 3889 753 3944 monachus
776 3888 915 3956 ediderat,
939 3888 1009 3942 duos
1032 3906 1049 3943 a
1072 3906 1101 3943 se
1125 3907 1208 3958 super
1228 3888 1367 3943 Donatum
1391 3904 1465 3942 com·

161 3966 314 4021 meutarios
337 3967 472 4037 prodiisse
496 3968 632 4038 perhibet
669 3985 787 4037 quorum
809 3968 891 4025 initio
914 3967 980 4024 libri
997 3968 1032 4022 ds
1056 3968 1240 4038 grammatica
1262 3967 1302 4022 sic
1327 3967 1467 4022 meminit:

162 4048 254 4116 cuites,
273 4047 382 4103 scilicet
395 4047 507 4116 Donati,
524 4049 632 4118 pernina
650 4054 798 4102 commenta
811 4050 978 4117 reliquimus.
1006 4049 1148 4103 Hactenus
1167 4047 1246 4103 nobis
1264 4048 1467 4116 incompertum

162 4145 197 4182 an
217 4129 295 4184 edita
312 4127 425 4184 fuerint.
458 4129 576 4184 Unicum
595 4129 695 4183 damus
721 4127 749 4181 in
768 4127 908 4182 Donatum
927 4127 1095 4182 Cassiodorii
1118 4127 1361 4193 commentarium,
1384 4142 1467 4194 quem

162 4210 354 4279 suppeditavit
375 4209 579 4264 uetustissimus
603 4208 688 4262 codex
710 4226 760 4262 ms.
779 4206 967 4262 bibliothecae
987 4206 1013 4260 S.
1033 4205 1178 4261 Michaelis
1197 4206 1226 4260 in
1246 4207 1352 4272 Monte,
1371 4222 1419 4259 seu
1438 4204 1468 4258 in

163 4291 286 4360 periculo
310 4290 408 4356 maris3
434 4307 467 4343 ex
493 4289 571 4344 cuius
594 4288 691 4354 titulo,
714 4287 802 4341 nimia
820 4288 964 4340 senectute
982 4302 1053 4356 pene
1072 4289 1251 4356 consumpto,
1269 4285 1338 4341 hacc
1357 4286 1467 4337 tautum

163 4387 259 4426 eruere
277 4369 359 4424 licuit
376 4369 405 4423 in
424 4370 516 4438 prima
533 4368 621 4423 linea:
640 4369 748 4436 Incipit
768 4365 996 4420 Cornnrcnturiam
1014 4366 1075 4422 S.
1095 4367 1124 4420 in
1143 4366 1264 4421 secunda
1282 4365 1370 4418 linea:
1396 4361 1466 4417 CII.

162 4451 196 4504 de
220 4449 350 4504 Oratione
372 4455 397 4502 et
419 4451 452 4504 de
477 4451 564 4503 VIII
660 4451 690 4501 st
710 4446 739 4499 in
761 4449 836 4500 terta
857 4446 944 4500 linea:
968 4446 1042 4500 tibus
1066 4446 1214 4501 Oratianis.
1248 4443 1325 4509 Quae
1348 4441 1467 4511 singula,

164 4529 187 4583 si
205 4529 317 4598 placeat
332 4529 503 4596 coniectura,
522 4529 642 4582 reddunt
660 4527 712 4581 hoc
726 4525 867 4595 integrum
881 4526 999 4582 lemma:
1019 4527 1126 4594 Incipit
1142 4527 1368 4581 Camasentariam
1383 4525 1467 4579 Senu-

164 4610 244 4676 toria,
266 4608 341 4677 quod
360 4609 504 4679 proprium
523 4608 609 4664 suum
628 4606 802 4663 Cassiodorio
825 4622 940 4673 nomen,
966 4607 1122 4661 Clarissimi
1144 4607 1177 4661 de
1197 4606 1340 4670 Oratione,
1363 4611 1387 4658 ct
1410 4611 1468 4659 octo

159 4690 289 4756 partibus
309 4689 473 4743 Orationis'.
505 4688 636 4743 nimirum
655 4688 689 4742 da
708 4689 821 4742 auctore
840 4684 874 4738 iis
893 4702 965 4753 quae
979 4684 1108 4740 Garetius
1128 4687 1276 4741 adnotavit
1293 4685 1364 4739 nibil
1384 4685 1467 4754 plane

164 4770 284 4833 constat,
307 4785 397 4838 neque
421 4768 575 4837 quidquam
599 4768 627 4821 in
646 4783 679 4822 eo
705 4765 777 4821 libro
795 4766 868 4819 inest
887 4781 935 4818 cur
953 4764 1081 4818 videatur
1099 4765 1200 4834 dignus
1220 4782 1279 4821 esse
1298 4765 1347 4834 qui
1365 4765 1467 4820 iterum

165 4850 270 4903 edatur.
