3316 5474
611 371 659 426 Dll
679 368 969 427 ourflocuurnm
1380 365 1444 432 145

135 482 157 522 p.
171 472 226 514 221⁸
238 471 265 512 Ρ.

135 551 263 637 ‘quom',
282 555 418 616 moderni
438 550 529 615 ‘cum’
547 554 637 616 scribi
656 559 767 617 rectius
782 558 986 635 aestimarunt3
1006 564 1036 616 et
1055 564 1153 617 cetera
1169 574 1243 636 quae
1258 554 1359 616 subtili
1378 556 1443 633 qui·

133 662 217 741 dem,
245 661 298 722 sed
327 663 495 721 necessaria
522 662 712 723 distinctione
739 671 900 723 narrantur
928 682 989 724 oon
1017 663 1158 723 velociter
1186 666 1364 744 transcurri,
1392 661 1442 721 secl

136 767 263 829 sollicita
287 769 396 828 urentis
419 769 583 828 intentione
607 771 743 850 tractari,
773 776 807 828 ut
829 786 904 847 quae
928 769 1035 847 incipis
1058 767 1133 829 bene
1157 767 1272 828 discere
1296 767 1332 827 ad
1356 769 1444 828 hnenr

133 875 329 954 perfectiouis
352 874 495 934 inoffensa
519 872 628 933 debeas
651 876 891 953 pronuntiatione
915 872 1090 953 perducere.
1126 891 1193 934 narn
1217 875 1242 933 si
1267 872 1350 933 vobis
1368 871 1445 932 adsit

96 996 110 1036 c
135 979 273 1060 capiendi
304 979 500 1059 desiderium,
528 997 602 1058 quae
626 981 709 1058 prius
732 999 786 1059 per
809 998 921 1041 moram
945 982 1116 1060 quaesistis,
1139 982 1276 1059 protinus
1300 979 1444 1039 inollensa

135 1085 292 1148 velocitate
315 1087 537 1147 transcurretis.
573 1084 735 1163 gloriosum
759 1088 893 1166 prolecto
917 1087 1047 1148 studium
1071 1093 1101 1146 et
1123 1085 1260 1146 humanis
1281 1103 1314 1145 ac
1338 1085 1445 1145 divinis
1505 1163 1511 1173 ,

136 1191 260 1274 litteris,
283 1200 317 1254 ut
340 1191 465 1272 ridetur,
488 1191 724 1266 accommodum,
748 1192 827 1271 quod
851 1193 931 1272 loqui
955 1191 1063 1254 debeas
1087 1200 1291 1272 competenter
1313 1190 1444 1251 scribere

135 1307 167 1359 et
189 1317 267 1378 qnae
291 1300 400 1377 scripta
424 1305 495 1357 sunt
523 1298 588 1357 sine
615 1297 710 1376 aliqua
739 1301 851 1360 erroris
879 1299 1068 1380 ambiguitate
1097 1301 1241 1380 prolerre.
1282 1318 1337 1359 vor
1365 1289 1456 1358 enim¹

136 1404 292 1465 articulata
320 1422 337 1464 a
368 1401 528 1484 pecoribus
556 1422 610 1462 uos
639 1415 819 1486 sequestrat,
847 1405 997 1467 scribendi
1027 1425 1095 1466 rere
1125 1408 1199 1467 ratio
1230 1405 1266 1466 ab
1299 1407 1445 1485 imperitis

98 1528 124 1568 ro
137 1509 242 1572 diuidit
260 1518 291 1571 et
309 1511 450 1571 contusis.
483 1511 523 1569 ita
542 1510 708 1588 perlectum
727 1510 877 1572 hominem
895 1511 954 1572 duo
974 1510 1030 1572 sibi
1050 1513 1105 1573 ista
1124 1512 1273 1573 vindicant
1291 1530 1325 1571 ac
1343 1511 1443 1571 deleu-

136 1617 221 1678 dunt.
259 1634 326 1676 nam
355 1634 423 1677 com
451 1613 507 1675 sibi
540 1614 607 1675 talia
636 1619 719 1696 quasi
747 1616 806 1677 duo
834 1617 944 1677 lumina
968 1620 1172 1699 consentiunt,
1199 1627 1326 1696 utraque
1354 1625 1444 1689 recta,

137 1732 265 1802 utraque
288 1722 397 1783 decora
420 1728 505 1800 sunt3
536 1740 603 1783 cum
628 1740 697 1782 vero
720 1741 736 1782 a
760 1741 792 1783 se
816 1723 984 1802 discrepare
1009 1725 1176 1806 coeperint,
1199 1725 1302 1784 vitium
1327 1721 1444 1783 strabae

137 1829 288 1891 foeditatis
310 1831 478 1891 incurrunt.

227 1934 292 1996 Erit
315 1938 414 2014 itaque
438 1936 623 2014 propositum
649 1944 783 1995 nostrum
807 1954 881 2016 quae
905 1943 1110 2015 competenter
1133 1935 1291 1996 modernae
1320 1951 1444 1995 consue-

98 2058 124 2098 rs
138 2041 236 2103 tudini
264 2041 300 2102 ab
328 2044 457 2121 antiquis
487 2041 592 2102 tradita
622 2049 692 2101 sunt
720 2044 804 2120 quasi
834 2045 865 2103 in
889 2061 977 2104 urnam
1001 2060 1140 2103 coronam
1165 2042 1300 2122 redigere
1324 2051 1354 2103 et
1378 2043 1446 2102 usui

137 2147 335 2209 celeberrimo
359 2148 511 2227 deputare.
539 2145 588 2206 illa
611 2165 682 2207 vero
706 2166 781 2225 quae
805 2150 973 2228 antiquitati
1000 2150 1092 2227 magis
1120 2151 1301 2209 conveniunt
1328 2148 1447 2228 expedit

138 2257 205 2315 sine
228 2253 411 2315 dubitatione
435 2254 618 2331 relinquere,
641 2271 680 2313 ne
704 2252 786 2313 labor
809 2253 980 2316 adsumatur
1003 2256 1198 2336 incongruus,
1223 2257 1274 2334 qui
1296 2255 1447 2335 praesenti

139 2360 259 2422 sacculo
287 2360 403 2422 videtur
431 2360 552 2421 inutilis.
590 2360 628 2418 sit
651 2377 721 2437 ergo
745 2362 775 2419 in
803 2362 899 2439 primo
928 2360 1003 2420 libro
1033 2362 1253 2421 institutionum
1278 2368 1446 2421 nostrarum

138 2467 228 2528 titulo
251 2469 340 2528 tertio
365 2466 493 2548 decimo,
517 2483 605 2544 quern
630 2465 664 2524 ad
689 2465 809 2526 modum
832 2465 889 2545 legi
913 2465 1019 2526 debeat
1043 2465 1179 2526 caelestis
1197 2469 1371 2547 auctoritas,
1395 2465 1447 2527 ubi

97 2590 127 2630 ao
139 2572 279 2634 idiomata
303 2575 377 2653 legis
400 2573 514 2634 divinae
534 2573 684 2633 communi
703 2573 770 2633 usui
795 2573 988 2651 repugnantia
1008 2589 1068 2631 non
1091 2573 1281 2649 permisimus
1300 2572 1446 2652 dissipari.

138 2679 189 2740 hic
207 2688 321 2762 autem,
345 2683 375 2740 in
398 2679 475 2740 libro
494 2680 608 2740 scilicet
626 2676 866 2757 orthographiae,
890 2675 1013 2737 liberius
1033 2685 1063 2737 et
1085 2676 1264 2756 generaliter
1282 2684 1447 2758 appetatur,

139 2802 230 2864 quem
254 2785 290 2845 ad
314 2787 432 2847 modum
457 2806 492 2847 ex
516 2783 627 2864 regulis
650 2785 758 2844 artium
782 2782 977 2843 humanarum
997 2772 1073 2843 salva
1096 2784 1276 2843 auctoritate
1295 2787 1446 2845 seniorum

140 2900 248 2952 cuncta
276 2892 364 2954 lectio
392 2893 499 2953 decora
528 2893 615 2953 nimis
643 2899 673 2951 et
701 2899 834 2950 correcta
866 2888 1015 2950 reddatur.
1057 2891 1151 2968 siquis
1178 2898 1276 2963 autem
1310 2900 1447 2951 auctores

140 2995 358 3078 orthographos
387 3001 417 3059 in
446 3005 529 3058 textu
557 3016 613 3057 suo
642 2996 740 3075 legere
770 2997 895 3056 fortasse
925 2995 1063 3076 voluerit,
1092 2997 1286 3075 transcriptos
1317 2998 1447 3058 inveniet

99 3120 128 3162 as
142 3122 219 3183 quos
242 3122 311 3185 ego,
334 3114 461 3183 quantos
484 3106 569 3184 potui
592 3104 741 3182 reperire,
765 3103 945 3160 monasterio
968 3118 1034 3159 meo
1063 3110 1231 3180 praestante
1255 3102 1373 3163 domino
1397 3102 1446 3163 de·

141 3210 264 3293 reliqui,
282 3219 316 3271 ut
334 3212 422 3272 latius
441 3211 518 3272 dicta
537 3208 664 3289 probare
683 3209 805 3288 possitis
824 3211 852 3267 in
873 3206 1045 3269 auctoribus
1065 3211 1140 3289 suis,
1160 3227 1235 3287 quos
1252 3227 1306 3268 nos
1324 3218 1447 3289 propter

143 3317 293 3378 fastidium
317 3327 447 3379 vestrum
471 3316 657 3377 dellorandos
681 3334 746 3375 esse
770 3316 946 3392 putavimus.

231 3423 304 3484 lllud
330 3426 417 3482 etiam
436 3441 488 3483 vos
508 3440 685 3502 magnopere
704 3419 818 3481 credidi
837 3419 1081 3502 commonendos,
1104 3429 1138 3482 ut
1156 3422 1361 3483 distinctiones
1380 3442 1447 3483 sen·

144 3547 230 3589 strum
258 3529 382 3589 sollicita
411 3539 508 3590 mente
535 3531 710 3607 perquirere
739 3546 773 3588 ac
801 3545 912 3606 ponere
940 3526 1085 3607 debeatis,
1117 3530 1181 3588 sine
1210 3528 1319 3607 quibus
1350 3549 1447 3610 neque

103 3633 242 3713 relegere
266 3636 423 3713 quiequam
447 3643 652 3715 competenter
675 3652 772 3713 neque
796 3633 967 3711 intellegere
995 3633 1207 3713 praevalemus.
1247 3638 1325 3695 scire
1349 3644 1447 3697 autem

146 3738 287 3801 debemus
306 3739 451 3802 Donatum
471 3739 672 3819 artigraphum
695 3740 732 3801 de
756 3742 899 3819 posituris
922 3743 962 3800 ita
985 3748 1143 3820 tractasse,
1167 3748 1200 3800 ut
1224 3759 1282 3801 uon
1306 3741 1347 3801 ibi
1371 3743 1448 3802 ordi-

146 3865 214 3907 nem
238 3847 289 3908 sed
312 3849 439 3908 virtutes
462 3866 564 3907 earum
587 3850 686 3926 potius
709 3849 876 3926 exprimere
899 3846 1041 3908 uideatur.
1080 3864 1147 3907 nam
1176 3849 1202 3905 si
1225 3846 1449 3909 distinctionum

148 3954 254 4013 seriem
282 3972 337 4033 per
363 3954 473 4033 gradus
501 3954 634 4032 cognitos
663 3959 854 4032 sequeretur,
888 3955 984 4031 primo
1019 3952 1149 4033 plenam,
1182 3952 1288 4013 deinde
1324 3955 1449 4016 mediam

147 4076 332 4138 nequaquam
363 4079 474 4140 ponere
506 4061 667 4139 potuisset,
699 4075 754 4117 uec
787 4057 855 4118 inde
884 4061 976 4138 magis
1008 4061 1166 4140 inciperet,
1199 4058 1250 4120 ubi
1282 4062 1449 4141 praedictae

217 4288 308 4337 2non
327 4299 377 4338 om.
396 4284 520 4349 acce,
539 4283 602 4338 add.
624 4281 722 4336 Carrio
785 4288 800 4335 3
825 4281 909 4336 solita
930 4282 958 4335 B
1019 4282 1139 4337 emetaui
1158 4300 1175 4340 ς
1193 4283 1308 4337 hectori
1326 4282 1417 4336 ABG

148 4363 376 4419 blrsnscurrelis
391 4364 501 4428 Comae,
520 4361 709 4416 transcurritis
728 4360 839 4418 Acce
899 4361 1021 4431 lquod]
1041 4361 1109 4431 quid
1124 4362 1147 4415 0
1164 4378 1235 4429 qrrcc
1253 4364 1280 4415 A
1340 4379 1449 4433 compe·

148 4444 239 4497 tenter
249 4447 278 4497 et
287 4444 442 4499 scriberet)
491 4449 523 4496 10
534 4441 586 4496 sibi
596 4442 652 4495 ista
662 4442 689 4495 B
703 4442 758 4495 ista
768 4440 822 4495 sibi
832 4440 889 4495 Ac
938 4448 968 4495 11
981 4441 1034 4496 sibi
1044 4440 1203 4509 talisquasi
1213 4441 1267 4495 duo
1278 4441 1450 4496 lumincAB

150 4519 942 4590 sibitaliaqusesuntduoluminaPor.;sibiduoistaC
979 4519 1205 4591 rectapeoaec
1246 4520 1450 4592 ttexregulic]

151 4603 180 4655 el
192 4600 296 4671 regulis
310 4600 368 4655 AO
432 4606 467 4656 26
482 4601 595 4669 possitis
610 4601 740 4670 (possetis
754 4604 781 4662 ς)
796 4601 823 4654 ln
839 4602 999 4656 auctoribus
1014 4599 1072 4655 suis
1087 4598 1153 4667 (suis
1167 4614 1217 4654 om.
1231 4600 1268 4665 B,
1282 4601 1345 4654 edd.
1361 4602 1387 4669 b)
1401 4602 1451 4658 Βς

149 4681 221 4750 posit
243 4680 272 4735 in
295 4680 408 4736 auribus
432 4680 488 4733 suls
507 4681 534 4733 A
557 4681 647 4749 possis
671 4680 830 4735 inauribus
855 4680 954 4734 suisO
1023 4679 1085 4750 nos]
1104 4694 1160 4732 non
1178 4678 1228 4736 Βς
1300 4680 1449 4751 ecetram]

152 4813 249 4868 ecco
300 4819 334 4867 29
354 4830 386 4868 ac
401 4778 516 4884 ponente]
536 4772 751 4882 ebonponech
805 4818 840 4866 34
857 4813 1091 4882 necindemagis
1105 4812 1131 4864 A
1151 4810 1252 4866 deinde
1266 4811 1357 4880 magis
1374 4810 1452 4867 Bor

202 4921 357 4953 chunerici
369 4922 455 4951 nunu
468 4922 511 4950 rrr.
1206 4907 1239 4963 10
