3300 5468
591 369 662 424 ΑΒΘ
680 371 728 426 DE
747 369 1036 436 ORTHOGRAPHIA
1399 369 1466 434 125

161 479 184 516 p.
203 467 341 509 senuaar.

251 552 410 633 ludigenae
443 552 578 614 homines
613 554 767 638 dicuntur,
807 555 946 634 indigiles
975 553 1015 624 dii
1047 553 1098 630 [ne
1126 557 1218 634 genili
1246 553 1391 635 indegiles
1424 552 1466 614 dii

161 659 315 738 indidem].

251 767 370 829 Circum
399 766 491 848 pedes
514 776 584 828 sunt
607 767 748 848 obsequia
772 787 940 850 servorum,
967 756 1154 847 antepedes
1177 770 1352 829 amicorum:
1379 766 1462 827 luve-

162 875 238 936 nalis
261 870 393 953 ‘togati
415 882 496 935 ante
519 870 654 955 pedes’.

134 997 149 1039 a
250 980 341 1043 lusita
369 980 458 1041 arbor
486 990 532 1042 est
559 983 608 1042 cui
636 984 746 1044 incisae
775 984 903 1045 allemrm
935 1001 1057 1063 germen
1085 982 1259 1064 includitur5
1291 981 1384 1042 adsita
1412 984 1461 1041 eui

163 1088 304 1149 incolumi
322 1087 410 1169 aliud,
430 1088 509 1167 qnod
528 1089 682 1172 sustineat,
701 1090 885 1170 adiungitur:
909 1089 1049 1152 Horatius
1068 1086 1150 1170 ‘qua
1173 1088 1328 1170 populus
1347 1088 1464 1149 adsita

164 1190 313 1276 surgit',
336 1197 445 1275 quippe
470 1213 546 1274 quae
569 1194 679 1256 vilibus
704 1198 901 1258 maritaretur.

250 1301 375 1363 Fremor
398 1310 444 1363 est
467 1320 603 1362 murmur
627 1301 796 1378 bominum,
820 1304 955 1365 fremitus
979 1305 1117 1365 ferarum.

250 1407 372 1470 Flavum
404 1408 531 1470 dicimus
562 1407 706 1490 rubeum,
743 1413 820 1472 sicul
852 1406 967 1471 ‘llara
1001 1406 1148 1493 Ceres’3
1185 1412 1303 1473 furvum
1336 1413 1466 1491 nigrum,

125 1509 302 1575 ro‘lurvae
325 1534 434 1595 regna
457 1511 728 1597 Proserpinae'3
753 1517 863 1578 lnlvum
888 1520 973 1597 nigro
993 1517 1134 1601 rubeum,
1157 1519 1285 1579 lerinum
1309 1525 1339 1578 et
1362 1533 1465 1595 snper-

163 1619 247 1703 bnm,
271 1625 350 1684 sicut
373 1623 484 1684 lulvum
508 1622 623 1683 leonem
647 1630 677 1682 sl
700 1623 807 1685 fulvam
832 1624 958 1703 aquilam
982 1633 1012 1686 et
1035 1626 1146 1687 lulrum
1170 1643 1276 1686 aurum
1299 1632 1330 1684 et
1352 1618 1464 1683 ‘fulva

163 1747 300 1808 pugnas
324 1730 365 1790 de
388 1728 482 1791 nube
505 1725 697 1812 tuentem',
720 1749 796 1810 quae
819 1731 942 1793 haberet
965 1734 1084 1812 igneum
1108 1731 1216 1811 aliquid
1240 1731 1277 1791 de
1300 1728 1420 1791 caelesti
1439 1734 1469 1788 et

164 1835 315 1897 sordidum
339 1836 375 1897 de
399 1836 517 1916 lugubri
540 1846 591 1897 aut
613 1845 694 1898 certe
719 1838 754 1899 de
775 1839 871 1900 Aenea
893 1831 1083 1921 iracundiam,
1103 1837 1108 1919 Ι
1128 1839 1165 1899 de
1184 1838 1286 1898 Turno
1306 1838 1465 1897 tristitiam.

165 1943 275 2004 fulvum
298 1951 380 2004 certe
404 1963 518 2024 aurum,
542 1945 590 2004 eui
609 1944 644 2004 ad
664 1944 802 2005 decorem
826 1945 992 2025 splendoris
1012 1948 1058 2006 sui
1082 1945 1181 2025 nigelli
1204 1942 1314 2022 aliquid
1337 1941 1463 2003 additur.

139 2067 152 2107 a
253 2050 424 2111 Postulatur
453 2049 564 2131 aliquid
592 2048 731 2132 honeste,
758 2053 892 2131 poscitur
915 2051 1063 2132 improbe:
1091 2052 1195 2112 Cicero
1218 2052 1249 2110 in
1273 2051 1465 2111 frumentaria

165 2150 364 2236 ‘incipiunt
386 2148 587 2238 postulare,
609 2175 775 2240 poscere,
798 2153 953 2220 minari’.

251 2262 341 2324 Alvus
360 2267 490 2325 virorum
511 2272 592 2325 reete
612 2263 730 2345 dieitur,
753 2273 858 2326 uterus
876 2265 1044 2347 mulierum,
1067 2273 1170 2326 venter
1189 2267 1219 2326 in
1239 2272 1366 2345 utroque
1386 2284 1467 2327 sexu.

253 2369 402 2450 Supplicia
425 2370 461 2431 de
486 2372 643 2432 tormentis
666 2371 792 2431 dicimus
815 2377 846 2430 et
869 2370 905 2432 de
928 2371 1077 2451 precibus.

253 2577 267 2624 1
287 2569 438 2640 indigenae
452 2601 485 2609 —
500 2569 636 2640 indidem]
651 2568 785 2639 indigene
799 2570 925 2624 homines
940 2570 1069 2627 dicuntur
1082 2570 1241 2641 indigentes
1256 2569 1356 2640 digene
1370 2569 1467 2639 geniti.

166 2649 280 2721 Negene
293 2650 348 2705 tibi
363 2650 397 2706 de
412 2651 440 2703 Β
456 2649 605 2720 Indigenas
624 2650 785 2719 (Indigenas
799 2651 832 2719 p)
851 2650 977 2706 homines
991 2652 1133 2707 dicuntur:
1152 2651 1296 2721 Indigetes
1310 2649 1357 2704 dii.
1390 2649 1468 2703 ldem

165 2730 273 2799 (itidem
288 2733 321 2800 p)
339 2730 479 2801 indigetes
494 2729 567 2785 unde
586 2731 676 2802 geniti
692 2729 733 2785 dii
751 2745 799 2800 sp.
826 2731 942 2796 semesae
959 2731 1107 2803 indigenae
1120 2731 1248 2788 homines
1263 2729 1401 2798 dicuntur,
1414 2729 1468 2783 hoo

165 2815 208 2866 est
224 2811 350 2866 indidem
369 2809 471 2882 geniti,
490 2810 629 2880 indigetes
648 2811 677 2865 di
736 2815 752 2863 3
772 2809 888 2883 circum]
909 2812 1011 2866 eiroum
1030 2828 1099 2868 corr.
1118 2829 1214 2867 enrsns
1234 2810 1272 2864 Μ
1328 2807 1467 2879 erogati]

166 2892 452 2958 luem.aet.7,142
537 2889 676 2945 binoisae
695 2889 774 2944 Beda
789 2906 818 2958 p.
837 2896 924 2959 2788,
943 2891 1077 2947 inmissae
1096 2893 1134 2946 M
1150 2892 1224 2946 inste
1242 2890 1270 2943 B
1358 2897 1374 2945 6
1393 2889 1468 2946 irico-

165 2971 231 3026 lomi
251 2973 289 3026 M
372 2971 439 3042 qua]
459 2970 526 3039 quia
544 2970 572 3022 Β
589 2987 608 3039 q
627 2971 676 3024 M:
695 2970 765 3024 Hor.
784 2971 860 3039 epist.
882 2972 924 3024 ΙΙ
940 2977 969 3042 2,
988 2978 1043 3028 170
1061 2990 1117 3042 qna
1134 2972 1255 3043 populus
1273 2971 1367 3026 adsita
1385 2973 1468 3026 certis

167 3052 316 3110 Limitibns
334 3051 427 3108 vicina
443 3050 548 3121 refugit
566 3044 658 3122 iurgia
721 3057 737 3106 8
756 3050 892 3120 murmur]
911 3069 1005 3107 rnmor
1023 3067 1041 3110 ς
1107 3052 1272 3123 9Flavnm]
1292 3052 1427 3107 Flanenm
1442 3051 1470 3105 Β

217 3133 302 3205 flava]
322 3133 409 3188 flauas
427 3129 467 3183 B:
492 3129 570 3201 Vrrp.
590 3148 678 3201 georg.
698 3135 719 3186 I
736 3138 773 3188 96
844 3131 957 3184 furuum
976 3133 1099 3202 nigrum:
1124 3131 1257 3187 Horatius
1277 3148 1362 3200 quam
1380 3146 1469 3200 paene
1586 3166 1591 3173 -

166 3213 261 3269 lernae
280 3230 369 3285 regna
385 3210 571 3281 Proserpinae
586 3229 621 3279 p:
640 3212 709 3266 Hor.
729 3229 811 3266 eam.
831 3211 874 3263 II
890 3213 936 3276 13,
954 3215 990 3266 21
1065 3217 1099 3265 10
1118 3211 1216 3282 regna]
1235 3209 1332 3279 regine
1352 3209 1420 3263 ΜΒ

165 3295 279 3360 senuaar
301 3294 409 3348 fulvum
433 3310 496 3347 enm
519 3292 600 3362 nigro
623 3291 739 3346 rubeum
811 3290 929 3344 ferinum
948 3294 978 3346 et
1000 3291 1151 3361 superbum
1174 3308 1224 3346 om.
1243 3289 1323 3344 Beda
1340 3306 1372 3358 p.
1391 3293 1469 3345 2785

219 3381 252 3429 11
272 3391 383 3442 anrnm,
402 3375 435 3427 ut
453 3371 589 3443 Virgilius
607 3372 685 3427 lnlra
703 3387 812 3440 pugnas
826 3388 861 3439 p:
886 3372 964 3441 Verp.
979 3372 1048 3427 Aen.
1065 3370 1139 3424 XII
1156 3376 1213 3426 792
1283 3377 1315 3424 12
1330 3385 1469 3441 pugnasse

167 3455 201 3509 de
219 3455 292 3511 nube
311 3455 349 3508 M
365 3470 506 3524 pugnasse
524 3454 568 3506 Du
585 3452 660 3523 pube
678 3449 706 3502 B
786 3451 904 3507 baberet
921 3452 1048 3524 igneum]
1068 3451 1172 3506 habere
1190 3468 1253 3506 enm
1272 3449 1299 3503 B
1381 3454 1414 3502 13
1434 3449 1468 3504 de
1546 3444 1555 3455 '
1641 3448 1646 3457 '

166 3550 268 3589 wneae
289 3535 327 3588 Μ
409 3532 533 3588 tristiam
552 3533 579 3585 B
666 3538 700 3585 14
722 3531 830 3586 fulvum
848 3549 898 3587 orn.
918 3534 946 3586 Β
1029 3533 1149 3588 addetur
1166 3532 1194 3585 Β
1279 3536 1313 3584 15
1331 3527 1468 3600 poscitur]

167 3615 276 3682 patrem
294 3615 321 3667 B
392 3621 425 3668 16
444 3613 594 3684 incipiunt]
621 3612 675 3669 Cic.
695 3613 726 3666 in
750 3611 826 3666 Vere.
845 3619 896 3668 aet.
915 3630 964 3668 aee.
984 3614 1047 3666 III
1063 3618 1108 3682 34,
1128 3617 1165 3667 78
1229 3616 1262 3665 18
1281 3611 1310 3664 et
1329 3609 1364 3664 de
1381 3610 1468 3680 preci·

167 3692 217 3748 bus
235 3693 339 3749 EXPL.
361 3695 398 3747 Μ
414 3698 444 3749 et
461 3693 589 3765 precibus
608 3692 712 3747 diuinis
730 3709 747 3750 ς
