3316 5474
277 347 340 413 118
810 352 1039 409 cassionomr

277 461 299 497 p.
314 451 368 490 2300
380 450 405 490 P.

274 536 305 593 in
334 538 427 614 prima
451 535 560 615 syllaba
583 534 601 594 b
626 538 770 617 contiuet,
797 541 828 598 in
853 540 981 600 secunda
1006 559 1036 618 v,
1058 548 1097 621 ‚ut
1124 539 1207 600 bovis
1235 539 1302 599 bovi
1329 540 1433 601 bovem
1457 560 1473 601 a
1497 540 1582 622 hove,

274 644 352 702 sicut
381 645 411 702 in
436 662 524 722 supra
548 643 627 703 dioto
651 647 825 722 pronomine
849 649 967 706 variatis
991 648 1139 706 contrario
1163 646 1270 706 litteris
1294 655 1409 708 constat
1431 648 1581 708 ellectum.

362 749 416 809 Bat
434 751 465 809 in
485 768 544 810 nno
564 758 678 811 tantum
698 754 816 830 repperi
836 755 954 813 nomine
974 755 1092 832 generis
1116 755 1215 814 neutri
1239 752 1393 833 pluraliter
1415 757 1581 837 enuntiato,

274 855 302 915 id
323 863 369 916 est
388 855 544 936 battualia,
567 876 642 937 qtrae
663 857 748 936 vulgo
769 856 886 919 battalia
905 860 1059 941 dicuntur,
1078 878 1152 938 quae
1172 858 1191 918 b
1211 868 1321 920 mutam
1342 859 1452 921 babere
1470 879 1580 940 cogno·

274 965 378 1025 rimus
416 966 643 1024 exercitationes
663 972 760 1024 autem
781 958 906 1025 mllitum
925 965 970 1025 vel
993 964 1187 1044 gladiatorum
1207 964 1360 1047 algniticatss
1396 968 1466 1029 inde
1489 970 1608 1028 etiarnt

275 1069 458 1131 battuatores
480 1063 560 1143 τοὺς
583 1063 788 1151 βασανιστάς
809 1072 867 1132 dici
890 1081 971 1151 puto.
1008 1075 1049 1133 vit
1072 1092 1126 1152 per
1149 1094 1165 1132 v
1189 1074 1339 1152 scribitur,
1362 1082 1396 1135 ut
1419 1077 1498 1136 vitta

364 1176 416 1237 Vix
447 1186 478 1237 et
512 1197 566 1237 vox
598 1178 796 1257 monosyllaba
831 1178 921 1238 didici
956 1179 1172 1259 tantummodo,
1208 1199 1282 1258 quae
1319 1198 1373 1259 per
1401 1200 1418 1239 v
1449 1180 1579 1242 litteram

275 1283 453 1346 scribentur.
492 1284 561 1344 alias
590 1285 705 1345 vocales
728 1304 745 1344 x
770 1285 890 1364 quidem
918 1285 1033 1345 litterae
1064 1288 1261 1367 antepositas,
1288 1285 1307 1344 b
1335 1296 1434 1347 autcm
1461 1285 1579 1348 litterae

274 1390 467 1451 cohaerentes
482 1388 580 1452 latina
603 1394 698 1452 nescit
721 1394 841 1451 omnino
864 1392 1009 1452 facundia.

272 1545 318 1610 VI
346 1547 405 1611 DE
434 1514 592 1612 Manlis'
616 1545 825 1611 SYLLABIS
853 1545 1050 1612 EIVSDEM
1078 1548 1331 1614 ADAMANTII
1357 1526 1622 1615 MARTYRIIm

360 1676 401 1736 lle
426 1677 544 1757 syllabis
572 1680 602 1738 in
626 1676 772 1758 capitibus
802 1679 954 1736 nominum
983 1680 1101 1759 positis,
1129 1687 1271 1757 quantum
1299 1680 1464 1760 potuimus,
1487 1678 1492 1756 Ι
1513 1681 1579 1740 sine

274 1799 486 1808 *—

360 1856 377 1902 4
396 1850 425 1904 id
444 1853 486 1905 est
503 1850 644 1905 battualia
664 1849 777 1915 Carrio,
796 1848 825 1901 id
840 1846 888 1903 'est
904 1850 1026 1904 battalia
1041 1849 1130 1903 ABG
1213 1850 1344 1904 dicuntur
1361 1850 1390 1903 Β
1408 1849 1505 1904 dlonnt
1523 1851 1582 1904 AG

308 1931 500 2000 cognoscimus
518 1932 546 1983 A
618 1928 760 1999 tantem]
779 1931 810 1981 at
828 1929 855 1981 B
928 1928 1171 1983 tbattiatoresO
1243 1936 1275 1982 10
1294 1930 1463 1984 MAETIRII
1482 1930 1541 1983 AG

274 2016 303 2063 11
324 2010 468 2064 nominum
486 2011 513 2063 B
531 2010 651 2064 nominis
670 2010 727 2064 AG

558 2176 779 2182 ...ω-.-
787 2175 797 2181 -
803 2174 1065 2181 —----—-——‹-—--
1072 2176 1156 2180 --.——
1162 2175 1577 2182 -—-——.—...--——-—-.

722 2295 907 2349 MARTYltlI
924 2295 972 2347 DE
991 2295 1013 2348 B
1032 2295 1079 2349 ET
1099 2294 1123 2347 V

271 2463 394 2532 eandem
418 2463 546 2524 litteram
569 2463 708 2541 inrenIri,
732 2470 765 2522 nt
789 2451 925 2542 luppiter
940 2462 1031 2542 lovis,
1055 2461 1216 2521 notandum
1235 2461 1313 2540 quod
1338 2463 1426 2522 etiam
1450 2460 1498 2521 illa
1521 2480 1576 2540 per

271 2566 439 2630 vvocalcm
466 2588 521 2648 pro
546 2578 727 2629 consonante
752 2568 921 2629 scribentur
945 2568 1063 2629 ultimae
1093 2570 1135 2627 ris
1163 2567 1289 2647 syllabae
1319 2570 1465 2629 servantia
1489 2587 1576 2648 regu·

274 2677 345 2758 lam,
369 2695 456 2756 quarn
477 2676 565 2756 paulo
584 2684 651 2755 post
670 2694 742 2735 sirus
761 2674 844 2735 locus
864 2674 1048 2736 monstrabit
1085 2674 1140 2735 bus
1160 2673 1299 2754 syllabam
1318 2676 1348 2735 iu
1368 2677 1462 2754 capite
1481 2676 1575 2734 nomi-

272 2786 318 2843 nis
341 2786 467 2863 positam
491 2782 572 2844 nullo
596 2781 683 2842 modo
706 2784 838 2842 invenire
862 2785 954 2861 potui.

354 2889 412 2955 hat
434 2892 464 2950 in
485 2909 543 2951 rino
568 2898 681 2950 tantum
700 2891 820 2969 repperi
842 2891 961 2949 nomine
980 2907 1089 2968 genere
1109 2898 1216 2949 neutro
1239 2888 1393 2969 pluraliter
1412 2892 1602 2970 enuntiato,⁵

269 2995 298 3055 id
323 3005 369 3056 est
392 2995 544 3077 battualia,
574 2996 652 3076 ‹ytrod
676 2996 695 3056 b
719 3006 831 3057 mutam
853 2995 963 3057 habere
988 2999 1187 3076 cognovimns.
1225 2999 1452 3057 exercitationes
1475 3006 1574 3058 autern

270 3103 396 3168 militum
416 3103 460 3163 vel
478 3103 673 3189 gladiatorum
693 3104 846 3181 significat.
881 3103 948 3163 inde
969 3105 1056 3164 etiam
1075 3102 1257 3163 battuatores
1275 3094 1354 3175 τοὺς
1372 3095 1576 3180 βασανιστάς

270 3209 328 3270 dici
351 3220 432 3289 puto.
470 3209 520 3271 bet
543 3210 670 3270 delicere
695 3211 835 3288 comperi.
871 3212 912 3270 vit
939 3229 993 3289 per
1017 3229 1033 3268 r
1061 3209 1227 3287 digammon
1251 3209 1407 3291 scribitur,
1434 3219 1466 3270 ut
1494 3211 1574 3270 vitta.

265 3315 320 3379 bot
343 3316 397 3378 bnt
421 3316 546 3395 syllabas
569 3334 723 3377 romanum
748 3317 869 3395 penitus
893 3334 951 3375 non
976 3315 1103 3375 admittit
1127 3314 1285 3394 eloquium.

357 3424 409 3484 Vix
430 3444 484 3484 vox
504 3422 702 3502 monosyllaba
721 3421 810 3482 didici
835 3422 1053 3501 tantummodo,
1076 3440 1151 3501 quae
1174 3441 1228 3501 per
1252 3442 1269 3481 r
1291 3422 1420 3483 litteram
1443 3421 1572 3482 vocalem
1589 3436 1615 3473 1⁰

262 3534 299 3592 -in
324 3533 549 3592 consonantium
572 3538 750 3610 potestatem
773 3528 937 3589 traductam
961 3529 1138 3590 scribentur.
1176 3530 1246 3590 alias
1269 3528 1384 3588 vocales
1407 3548 1426 3588 x
1453 3527 1572 3607 quidem

267 3639 462 3716 aritepositas,
491 3635 509 3695 b
533 3637 774 3697 autem’litterae
806 3635 999 3695 cohaerentes
1027 3654 1081 3716 per
1104 3636 1274 3698 articulatas
1298 3654 1385 3696 voces
1409 3637 1571 3696 consistere

265 3742 358 3802 »latina
382 3744 505 3802 nimium
529 3744 674 3820 ignoravit
696 3741 841 3801 facundia.

166 3967 168 3971 ,
335 3896 584 3962 ADAMANTII
613 3895 710 3959 SIVE
739 3894 957 3960 MARTYRII
985 3895 1198 3964 SARDIANI
1226 3896 1505 3964 GRAMMATICI

266 4002 468 4068 EXPLICIT
487 4002 546 4068 DE
566 4002 705 4066 PRIMA
723 4002 906 4081 Nominis
930 4001 1130 4068 Simnana
1149 4005 1313 4071 INCIPIT
1336 4004 1395 4071 DE
1419 4002 1572 4070 MEDIIS
1588 4023 1613 4061 15

687 4107 895 4214 SYLLABIS
919 4109 1150 4176 FELICITER

328 4288 344 4306 a
357 4241 397 4301 lie
417 4240 534 4320 syllabis
554 4243 584 4300 ln
603 4240 698 4318 capite
718 4240 870 4299 nominum
892 4240 1006 4321 positis,
1020 4250 1163 4319 qnantum
1182 4244 1342 4323 potuimus,
1361 4241 1424 4300 siue
1438 4246 1570 4317 praeter-

355 4429 370 4475 2
391 4422 532 4478 serrantia
551 4423 579 4475 P
596 4422 760 4476 servandam
780 4420 813 4473 N
881 4426 898 4473 4
916 4419 1035 4474 inveniri
1053 4421 1087 4474 N
1155 4429 1171 4476 t
1191 4422 1298 4478 batalia
1316 4426 1340 4476 et
1358 4421 1390 4474 io
1407 4436 1492 4488 marg.
1507 4420 1570 4474 bat-

266 4502 355 4555 tualia
380 4502 417 4567 P,
442 4501 568 4557 batuelis
591 4501 625 4555 N
694 4501 778 4556 'trel
800 4515 851 4554 om.
874 4499 917 4566 N,
941 4498 1004 4551 add.
1029 4499 1058 4550 P
1124 4501 1286 4556 hatuatores
1304 4501 1346 4568 N,
1370 4515 1439 4554 corr.
1459 4499 1569 4553 battua-

266 4585 341 4636 tores
362 4583 389 4633 P
451 4581 624 4636 8scribetnr
642 4581 669 4632 P
728 4584 760 4635 ut
777 4579 851 4634 vltta
868 4595 918 4632 ona.
937 4579 976 4643 N,
994 4579 1058 4634 odd.
1080 4581 1107 4632 P
1168 4581 1339 4651 aadmittit]
1358 4578 1485 4634 ammisse
1502 4578 1530 4630 P

266 4667 298 4713 12
319 4661 466 4716 coherente
485 4660 668 4730 particulatas
688 4675 769 4713 voces
788 4659 821 4711 N
842 4658 1002 4712 coherentes
1025 4661 1189 4715 coherentes
1214 4660 1379 4714 articulatas
1397 4675 1480 4714 voees
1501 4659 1528 4712 P

268 4748 299 4794 14
325 4740 536 4795 ΔΒΑΜΑΝΤΙΙ
562 4740 644 4793 SIVE
670 4737 854 4790 MARTYRII
879 4737 1054 4793 sunniam
1080 4736 1315 4794 GRAMMATICI
1343 4744 1368 4791 et
1393 4737 1570 4792 SYLLABIS
1638 4803 1640 4807 Ι

264 4819 457 4874 suaromton
475 4836 525 4873 om.
544 4820 582 4885 nr,
601 4819 664 4873 aaa.
685 4818 713 4870 P
746 4804 763 4833 ⁰
782 4823 813 4870 ιτ
834 4816 893 4870 sine
912 4818 1033 4887 quodam
1050 4820 1169 4886 utputo
1188 4817 1430 4888 praetermissione
1448 4817 1477 4870 P
