3316 5474
589 426 590 429 ,
645 375 692 428 DE
713 372 1001 428 ORTHOGRAPHIA
1344 454 1348 461 .
1409 369 1471 433 191

170 484 191 521 p.
206 473 265 513 2506.
280 473 292 512 ’l
306 472 331 511 P.
887 510 890 515 Α

171 577 264 618 novus
292 576 367 617 nora
391 575 512 637 novnm,
543 574 647 618 saevus
677 577 761 619 saeva
790 577 923 640 sactum,
953 576 1062 620 crrrvus
1096 573 1186 617 curra
1215 573 1352 634 curvum,
1379 554 1482 614 balrus

170 664 253 725 balva
280 663 412 744 balvnm,
440 675 541 725 torvus
565 673 647 725 torva
672 676 803 748 torvum,
833 666 933 727 clarus
956 664 1036 726 clara
1060 664 1189 744 clavum,
1215 662 1285 722 licet
1313 661 1397 721 aliam
1426 678 1481 739 per

170 790 279 850 genera
310 772 553 849 significationem
583 774 762 854 suscipiunt3
797 791 869 833 arus
901 774 979 850 aria,
1014 790 1121 832 cerrus
1151 789 1251 850 cerva,
1287 770 1369 829 larus
1408 770 1481 847 lava,

170 897 258 958 quam
282 877 418 939 similiter
446 878 520 938 alter
547 879 718 941 intellectus
741 883 891 960 sequitur,
925 881 983 940 nisi
1006 880 1179 939 femininum
1202 877 1392 938 discretionis
1415 893 1478 954 gra-

143 988 210 1045 stra
238 1004 292 1064 por
319 985 339 1044 b
366 994 478 1046 mutam
506 985 687 1046 voluerimus
717 986 864 1066 scribere;
899 985 998 1046 calvus
1026 985 1185 1045 calvarium
1215 993 1244 1044 et
1271 1001 1380 1043 corvus
1412 1001 1480 1063 pro-

170 1093 316 1152 miscuum
341 1100 371 1152 et
393 1092 442 1152 bic
465 1101 495 1152 et
518 1092 590 1152 haec
615 1092 714 1153 clavus
737 1091 864 1153 alterum
887 1111 940 1171 per
964 1110 1059 1171 genus
1083 1091 1264 1170 significans:
1294 1088 1368 1150 orbo
1391 1087 1479 1168 gibbo

170 1197 264 1277 probo
284 1197 439 1259 subductis
457 1217 474 1257 a
493 1198 608 1280 regula,
632 1199 697 1259 albo
717 1202 805 1260 etiam
824 1199 1013 1260 discretionis
1032 1201 1134 1278 gratia.
1172 1216 1239 1259 nam
1258 1210 1326 1258 cum
1346 1205 1479 1257 ventrem

170 1306 328 1386 significat,
359 1324 413 1384 per
440 1304 607 1384 digammon
635 1326 666 1387 v,
701 1324 769 1367 cum
797 1306 941 1387 colorem,
970 1325 1024 1385 per
1052 1305 1071 1364 b
1102 1315 1211 1365 mutarn
1240 1303 1389 1364 scribetur
1416 1321 1479 1363 cer-

171 1413 293 1472 tissimo.
325 1413 478 1472 sciendum
498 1411 634 1472 similiter
653 1412 732 1490 quod
751 1411 799 1472 bio
819 1431 938 1492 quoque
957 1411 1167 1491 disyllaborum
1188 1413 1357 1490 superantia
1377 1429 1479 1471 nume·

131 1533 238 1577 rorum
266 1518 390 1579 eandem
419 1521 598 1598 scripturam
626 1536 685 1579 non
714 1520 875 1599 retineant,
910 1529 943 1580 ut
973 1518 1121 1598 superbus
1149 1517 1277 1597 superba
1308 1515 1480 1597 superbum,

170 1624 296 1685 acerbus
325 1625 431 1685 acerba
459 1625 598 1686 acerbum
623 1634 653 1684 et
679 1624 837 1704 palumbus
860 1627 1044 1706 promiscue,
1075 1625 1145 1686 licet
1167 1623 1313 1703 Vergilius
1337 1624 1479 1683 lomiuino

123 1813 126 1821 ,
173 1750 282 1809 genere
306 1733 460 1812 extulerit,

330 1859 394 1900 nec
418 1851 533 1901 tamen
557 1842 698 1900 interea
721 1857 863 1921 raucae,
886 1849 945 1901 tua
969 1860 1070 1921 cura,
1094 1838 1288 1919 palumbae.

171 1949 317 2026 excipitur
336 1955 510 2026 protervus:
531 1947 535 2021 Ι
557 1965 622 2008 nam
642 1947 769 2008 lascivus
783 1967 837 2028 per
856 1967 872 2006 v
892 1948 1041 2022 scribitur,
1066 1951 1205 2028 quoniam
1224 1946 1340 2025 longam
1361 1953 1477 2004 natura-

261 2126 274 2171 1
295 2135 377 2173 seuus
392 2135 458 2172 seua
473 2136 570 2172 senum
585 2135 682 2173 ceruus
697 2135 781 2173 cerua
795 2137 908 2175 ceruum
926 2121 1026 2175 uulnus
1045 2119 1263 2173 uolua-ualuum
1281 2120 1379 2172 toruus
1397 2117 1480 2171 torua

170 2202 282 2254 toruum
301 2201 341 2267 (et
358 2199 422 2254 add.
441 2198 479 2266 Β)
499 2199 595 2252 clauus
614 2199 695 2253 cluna
719 2199 831 2253 clauum
850 2200 940 2254 ABG
958 2216 1040 2255 seuus
1063 2216 1130 2254 seua
1153 2216 1250 2253 senum
1274 2216 1373 2254 ceruus
1396 2211 1480 2250 cerus

170 2295 270 2333 curuus
294 2295 380 2333 curua
403 2295 518 2332 curuum
542 2281 639 2333 toruus
661 2282 744 2335 torua
765 2282 878 2335 toruum
901 2286 931 2337 et
953 2280 1049 2335 clauus
1073 2280 1155 2335 claua
1177 2281 1288 2335 clauum
1308 2296 1324 2338 ς
1347 2283 1372 2333 ct
1396 2277 1480 2330 codex

170 2358 319 2412 Bernensis
337 2362 394 2415 243
479 2364 495 2412 2
515 2358 572 2412 aliie
590 2361 617 2413 A
636 2358 693 2414 sliu
710 2359 791 2417 Bos
875 2368 891 2415 3
910 2379 980 2417 suus
999 2379 1055 2417 eun
1073 2379 1175 2417 coruus
1193 2376 1280 2415 curun
1297 2360 1386 2414 finnus
1404 2357 1479 2411 fluns

170 2455 255 2508 quum
273 2440 301 2491 A
323 2455 393 2492 uuus
416 2437 482 2491 auis
507 2454 605 2493 ceruus
627 2441 721 2494 cernis
743 2438 831 2494 finnus
855 2440 939 2496 fluuio
961 2459 1047 2510 quam
1064 2443 1092 2495 Β
1115 2460 1186 2498 nnus
1207 2457 1262 2496 aus
1280 2456 1378 2494 ceruus
1395 2451 1480 2491 cerua

170 2518 258 2572 flanus
277 2518 351 2572 flaua
369 2534 454 2586 quam
474 2516 497 2570 0
577 2524 592 2572 5
612 2519 708 2573 culuus
726 2518 870 2574 calumum
888 2521 916 2574 Β
934 2521 1032 2576 clauus
1052 2521 1205 2577 caluarium
1223 2522 1250 2574 A
1270 2520 1366 2574 clauus
1385 2517 1478 2571 clauu-

170 2598 242 2652 rium
259 2598 282 2652 0
298 2615 367 2652 corr.
384 2597 480 2652 celuus
495 2597 648 2652 caluerium
667 2616 694 2670 c,
713 2599 809 2654 calum
824 2600 905 2654 caluo
923 2615 940 2657 ς
1012 2608 1029 2654 b
1048 2601 1144 2655 clauus
1157 2600 1217 2654 ΒΟ
1233 2599 1330 2654 cubus
1350 2599 1377 2651 A
1397 2596 1478 2651 aluus

170 2684 226 2732 cet
246 2678 344 2732 Carrio
430 2676 528 2749 gibbo]
552 2676 623 2748 gillo
641 2679 669 2732 Β
755 2686 771 2735 8
795 2679 935 2749 significat
954 2678 977 2732 0
997 2679 1156 2748 significent
1173 2680 1201 2733 A
1223 2678 1362 2748 significet
1378 2676 1406 2729 Β

170 2763 186 2811 9
206 2758 293 2828 quod]
309 2775 361 2826 que
376 2758 403 2811 Β
460 2765 492 2812 10
511 2759 677 2828 scripturam
691 2760 831 2814 rebneuut
845 2761 872 2812 Β
891 2758 1057 2828 scripturam
1075 2762 1192 2814 teneant
1205 2757 1264 2811 Au
1316 2763 1348 2810 11
1368 2756 1477 2826 pulum-

169 2837 218 2891 bes
237 2839 393 2907 promiscue
408 2838 506 2892 Carrio
563 2846 594 2893 13
614 2840 704 2894 teuc&
718 2856 838 2896 uacuare
856 2841 1007 2911 palumbae
1025 2840 1053 2893 A
1071 2856 1172 2894 raucae
1186 2841 1237 2892 tue
1251 2854 1350 2892 cauere
1368 2837 1476 2905 pulum·

170 2918 222 2974 bue
242 2918 266 2971 0
335 2918 482 2988 palumbes
503 2918 601 2973 Carrio

1382 3072 1476 3080 *-

623 3195 806 3250 maurinu
825 3197 873 3251 DE
894 3198 915 3250 B
933 3197 982 3250 Er
1001 3197 1026 3250 V

170 3382 276 3423 cervus
304 3381 403 3443 cerva,
438 3364 520 3423 larus
550 3361 626 3440 iava,
658 3381 746 3442 quam
774 3363 910 3424 similiter
940 3362 1013 3423 alter
1041 3362 1210 3423 intellectus
1238 3362 1388 3441 sequitur,
1419 3359 1477 3417 nisi

170 3471 342 3530 femininum
371 3468 559 3528 discretionis
587 3473 680 3548 gratia
707 3489 762 3550 per
789 3469 808 3530 b
840 3477 952 3530 mutam
985 3469 1164 3530 voluerimus
1197 3466 1342 3547 scribere;
1374 3465 1474 3525 calvus

170 3576 328 3636 calvarium
356 3585 386 3636 et
414 3594 520 3635 corvus
546 3579 714 3654 promiscue
743 3563 773 3638 et
801 3576 849 3637 bic
881 3585 910 3637 et
938 3576 1010 3637 baec
1034 3575 1133 3637 clavus
1156 3575 1282 3636 alterum
1305 3593 1360 3653 per
1382 3591 1477 3652 genus

169 3684 350 3762 significans:
378 3681 451 3741 orbo
479 3680 567 3761 gibbo
595 3684 689 3762 probo
713 3682 867 3744 subductis
896 3702 912 3743 a
935 3683 1050 3764 regula,
1079 3683 1145 3743 albo
1169 3686 1258 3744 etiam
1287 3682 1476 3743 discretionis

144 3792 270 3868 ⁵gratia.
309 3808 376 3850 nom
395 3807 463 3849 cum
483 3797 616 3849 ventrem
640 3792 799 3871 significat,
822 3809 876 3869 per
898 3789 1066 3870 digammon
1085 3810 1112 3871 v,
1135 3809 1203 3852 cum
1222 3790 1362 3871 colorem,
1384 3807 1438 3869 per
1456 3786 1475 3847 b

168 3905 279 3957 mutam
303 3895 450 3955 scribetur
473 3898 647 3964 certissime.
685 3897 838 3958 sciendum
862 3896 999 3958 similiter
1021 3896 1100 3976 quod
1133 3898 1182 3958 bic
1212 3915 1330 3976 quoque
1359 3895 1473 3976 disylla-

168 4000 274 4063 borum
298 4005 468 4081 superantia
492 4020 648 4062 numerum
673 3992 796 4063 eandem
820 4005 998 4082 scripturam
1020 4023 1079 4064 non
1103 4006 1247 4084 retinent,
1269 4011 1304 4064 ut
1327 4003 1475 4082 superbus

168 4108 296 4187 superba
321 4109 496 4191 superbum,
519 4107 645 4171 acerbus
668 4108 775 4168 acerba
798 4108 938 4170 acerbum
963 4118 992 4170 et
1015 4110 1172 4189 palumbus
1196 4112 1378 4191 promiscue,
1406 4110 1476 4169 licet

169 4212 314 4293 Vergilius
339 4216 479 4276 feminino
502 4236 611 4297 genere
635 4217 742 4278 extulit

131 4332 156 4370 ¹⁰
329 4341 393 4382 nec
417 4331 532 4384 tamen
556 4326 699 4384 interea
723 4341 865 4405 raucae,
883 4333 942 4385 tna
967 4341 1066 4404 cura,
1089 4324 1281 4402 palumbes.

172 4429 319 4506 excipitur
337 4438 506 4507 protervus:
527 4449 593 4491 nam
609 4420 736 4491 lascivus
753 4448 807 4510 per
823 4449 840 4489 r
856 4430 1023 4510 digammon
1040 4429 1191 4509 scribitur,
1205 4432 1343 4508 quoniam
1357 4429 1474 4509 longam

260 4607 272 4652 1
298 4600 378 4654 favus
403 4600 468 4655 lova
492 4619 576 4668 quam
599 4601 728 4656 similiter
750 4601 871 4656 alterum
894 4600 967 4655 alter
988 4599 1149 4656 intellectus
1173 4601 1298 4669 sequitur
1320 4602 1348 4654 P
1372 4602 1474 4657 Flavus

169 4677 268 4732 Fluvio
286 4679 414 4747 quamvis
433 4679 564 4734 similiter
581 4681 654 4735 alter
671 4681 832 4737 intellectus
850 4680 978 4749 sequitur
996 4681 1029 4734 N
1102 4688 1118 4735 3
1137 4682 1233 4736 clerus
1252 4682 1280 4735 P
1293 4680 1374 4737 lituus
1391 4683 1424 4736 N

170 4763 184 4809 7
200 4774 256 4812 non
270 4758 392 4813 retinent
406 4758 434 4811 P
446 4776 537 4815 nonna
551 4760 674 4815 retinent
686 4761 721 4813 N
767 4766 801 4816 10
811 4778 863 4817 nec
877 4761 984 4830 umen]
1001 4760 1078 4831 Verp.
1093 4762 1179 4817 bucol.
1194 4767 1221 4827 1,
1231 4767 1269 4816 58
1319 4768 1350 4815 11
1366 4760 1473 4831 dignm·

169 4855 234 4892 mon
252 4856 302 4893 ona
321 4839 360 4904 N,
379 4840 442 4893 odd.
462 4840 491 4892 P
