3316 5474
618 394 668 448 DE
688 392 978 449 ORTHOGRAPHIA
1405 395 1449 460 59

145 506 168 543 p.
183 495 238 534 aare
251 494 276 533 n.

145 578 195 639 cul
218 577 309 639 dubio
333 578 406 640 baec
429 578 538 659 syllaba
561 579 646 659 longa
670 588 763 661 esset,
791 580 929 658 quoniam
953 596 1114 657 numquam
1143 579 1217 640 duae
1243 581 1358 641 vocales
1381 599 1449 641 con·

144 687 284 768 veniunt,
312 688 370 747 nisi
393 694 427 747 ut
449 686 566 765 longam
589 686 729 766 syllabam
757 688 872 747 iaciant.
918 685 997 745 unde
1021 688 1104 746 etin
1128 705 1204 766 equo
1228 706 1245 745 v
1267 705 1322 766 pro
1346 705 1450 747 conso·

145 800 235 852 nante
262 795 357 871 posita
385 794 455 872 erit3
488 801 518 853 et
545 792 668 853 auribus
701 793 820 873 quidem
855 793 1021 854 sufficiebat
1049 802 1082 854 ut
1109 812 1205 872 equus
1231 811 1286 872 per
1313 811 1405 853 unum
1433 811 1450 850 v

146 898 339 982 scriberetur,
362 902 438 961 ratio
463 908 560 960 tamen
585 900 644 959 duo
663 902 762 978 erigit.
804 917 963 960 namcum
987 903 1025 959 sit
1048 902 1183 979 genetivo
1207 918 1277 959 casu
1301 901 1379 979 equi,
1401 897 1449 957 da·

118 1006 206 1067 ativo
229 1024 320 1086 equo,
350 1014 437 1085 atque
462 1007 620 1066 novissima
644 1005 752 1066 vocalis
775 1005 980 1066 declinationis
1008 1004 1204 1065 differentiam
1231 1007 1317 1066 laciat
1340 1003 1450 1065 nullam

146 1114 340 1172 mutationem
363 1110 577 1192 recipientibus
601 1111 842 1192 consonantibus,
865 1113 1068 1172 necessarium
1092 1118 1137 1170 est
1161 1119 1193 1170 ut
1212 1129 1308 1190 equus
1331 1129 1449 1189 quoque

146 1216 255 1277 salvam
277 1216 384 1278 babeat
407 1227 619 1279 consonantem
643 1237 718 1296 quae
743 1219 842 1278 estin
866 1235 942 1296 equo
967 1225 997 1278 et
1013 1224 1116 1296 postea
1140 1216 1218 1276 aliud
1240 1235 1256 1274 v
1278 1215 1393 1295 lrabeat,
1416 1223 1451 1275 ut

145 1316 300 1403 adsumpta
319 1326 329 1384 i
348 1325 435 1385 iaciat
453 1325 666 1401 nominativum
684 1324 837 1404 pluralem.
875 1322 1134 1383 animadvertimus
1153 1331 1251 1382 tamen
1273 1320 1449 1401 quibusdam

145 1428 280 1508 partibus
304 1433 447 1491 orationis
469 1450 487 1489 v
509 1430 638 1490 litteram
662 1432 766 1490 vitiose
790 1432 945 1508 insertam,
975 1430 1060 1488 utin
1085 1448 1120 1489 eo
1144 1428 1222 1508 quod
1247 1437 1292 1488 est
1320 1445 1450 1506 urguere

106 1560 132 1597 ro
146 1544 175 1595 ct
198 1554 344 1612 unguere.
391 1539 489 1614 itaque
520 1538 604 1596 tostis
627 1537 657 1594 in
686 1544 814 1612 utroque
838 1533 995 1615 Vergilius,
1023 1537 1075 1612 qui
1101 1536 1142 1594 ait
1170 1530 1360 1613 ‘quibusve
1387 1552 1444 1594 ur·

146 1650 282 1720 gentur
304 1637 446 1722 poenis’
471 1643 535 1702 sine
554 1660 580 1722 v,
604 1643 674 1701 item

307 1767 442 1828 ungere
465 1748 535 1809 tela
559 1765 663 1807 manu
687 1748 896 1826 ferrumque
920 1764 1057 1806 armare
1081 1765 1226 1807 veneno.

145 1871 212 1913 nam
237 1872 296 1933 quo
326 1856 424 1915 minus
452 1873 553 1932 unguo
581 1853 687 1914 debeat
709 1853 766 1913 dici
796 1862 918 1933 apparet
941 1872 976 1914 ex
1000 1873 1049 1936 eo,
1077 1854 1156 1932 quod
1185 1854 1299 1915 nullum
1327 1854 1452 1915 verbum

147 1970 192 2021 es!
218 1979 255 2020 vo
283 1964 473 2023 terminatum
501 1965 562 2022 sive
592 1964 718 2021 iurrctim
745 1965 808 2019 stoc
836 1959 931 2020 solute
959 1970 992 2020 ut
1020 1979 1079 2021 non
1108 1960 1231 2022 eandem
1256 1981 1272 2020 v
1295 1971 1394 2022 servet
1420 1964 1451 2021 in

104 2089 131 2129 rs
145 2069 316 2147 praeterito,
339 2076 372 2128 ut
394 2068 478 2128 volvo
502 2067 592 2150 volvi,
611 2084 683 2128 eruo
708 2068 781 2127 erui
818 2075 848 2127 at
871 2085 949 2145 ungo
974 2069 1046 2128 unxi
1069 2067 1147 2147 lacit,
1171 2086 1230 2146 quo
1254 2068 1341 2128 modo
1360 2070 1449 2148 pingo
1500 2089 1504 2097 ·

146 2173 242 2252 pinxi,
271 2173 349 2252 lingo
376 2176 455 2235 finni.
503 2183 652 2236 ettamen
681 2174 853 2233 innomine
882 2173 960 2250 quod
988 2173 1058 2234 binc
1086 2174 1207 2252 fingitur
1235 2176 1279 2234 sic
1305 2176 1451 2235 insertum

146 2297 253 2339 rursus
276 2298 296 2339 u
319 2282 502 2362 agnoscitur,
526 2289 559 2341 ut
582 2279 666 2341 evelli
691 2297 749 2339 uon
773 2279 879 2358 possit,
902 2286 936 2338 ut
958 2278 1035 2358 apud
1065 2280 1193 2340 eundem
1216 2279 1378 2359 Vergilium
1401 2276 1453 2341 ‘et

145 2386 293 2464 pinguis
312 2388 471 2464 unguine
491 2382 617 2468 ceras';
641 2393 672 2446 et
691 2389 722 2445 in
741 2384 956 2445 consuetudine
975 2395 1138 2465 usurpatur
1156 2395 1350 2465 unguentum.
1373 2385 1451 2447 idem

148 2490 256 2552 accidit
279 2499 310 2552 et
332 2493 363 2552 iu
386 2492 495 2575 hircis,
522 2511 596 2572 quos
620 2492 735 2570 antiqui
757 2489 880 2570 hirquos
903 2490 1049 2552 dicebant.
1096 2510 1163 2552 nam
1187 2494 1319 2572 quamvis
1343 2510 1397 2552 nos
1420 2494 1450 2552 iu

237 2651 329 2707 Codex
348 2654 495 2708 Parrhasii
541 2660 557 2708 2
577 2653 605 2707 in
625 2670 715 2722 aequo
734 2671 752 2706 u
771 2670 822 2722 pro
841 2654 1004 2708 consonanti
1094 2662 1110 2708 4
1129 2654 1238 2724 dativo]
1258 2628 1321 2708 dein
1341 2653 1448 2710 Ocorr.

472 2740 496 2776 et

146 2783 277 2838 dativoc
348 2791 456 2855 aequo
475 2804 546 2856 eque
565 2785 717 2841 novriasimo
732 2784 768 2839 0:
787 2787 818 2840 at
835 2801 1002 2854 aenaeam
1074 2785 1233 2841 differentia
1305 2786 1450 2858 ipostea]

145 2915 236 2986 primo
300 2917 517 2991 8qnibusdam]
536 2920 638 2988 quibus
702 2919 813 2989 equod
832 2878 1122 2991 estdrguereitaque
1142 2922 1214 2976 0:11
1231 2934 1398 2990 euperem

352 3009 368 3037 u

147 3054 179 3102 10
198 3048 336 3117 quibnsua
354 3052 504 3122 arguentur
523 3052 556 3107 0:
575 3071 594 3105 u
611 3068 744 3122 superor.
764 3069 778 3106 c
855 3058 887 3106 13
912 3069 976 3107 narn
996 3053 1149 3109 cornminus
1168 3070 1262 3123 unguo
1342 3051 1451 3105 nullum

145 3129 262 3183 uerbum
286 3146 322 3184 uo
347 3129 527 3184 terminatum
552 3131 612 3186 siue
635 3133 758 3186 solutum
779 3147 835 3185 non
858 3131 976 3186 eandem
998 3152 1017 3186 u
1040 3149 1151 3187 seruere
1173 3132 1204 3187 in
1227 3131 1379 3203 praeterito

148 3216 179 3265 15
199 3214 230 3264 at
247 3210 336 3280 ango]
355 3211 384 3264 et
402 3226 476 3279 ungo
531 3217 564 3266 17
583 3230 675 3267 rursus
688 3213 736 3268 uel
749 3211 894 3281 agnositur
949 3216 981 3266 18
1000 3215 1029 3266 et
1044 3212 1243 3268 consuetudine
1299 3217 1331 3265 19
1350 3226 1450 3279 quam·

146 3341 189 3397 nia
207 3360 259 3398 nos
276 3302 339 3398 alli
357 3342 473 3411 hirquoa
491 3343 588 3398 littere
607 3363 675 3400 non:
690 3348 785 3416 prima
803 3363 889 3400 uranu
906 3362 1038 3414 saeperscr.
1058 3361 1113 3398 uno

234 3490 251 3537 a
271 3486 356 3552 atque
373 3484 525 3540 nouissimo
543 3487 650 3542 vocalis
668 3487 863 3543 declinationis
881 3485 1037 3541 differmtia
1059 3487 1146 3542 iaciat
1168 3488 1197 3542 11
1287 3494 1302 3542 7
1329 3503 1402 3556 qnae
1420 3486 1450 3540 in

146 3580 235 3633 aequo
250 3566 279 3618 et
292 3563 383 3634 primo
397 3563 468 3619 iilud
481 3585 500 3621 u
514 3567 618 3623 babeat
630 3568 659 3622 11
734 3572 750 3621 8
769 3566 1016 3622 animadvertimus
1031 3598 1064 3606 -
1076 3574 1108 3622 18
1126 3569 1299 3638 unguentum
1309 3584 1340 3636 p.
1356 3572 1447 3633 6115

146 3643 319 3712 Papirianam
336 3646 413 3712 opud
432 3645 635 3702 Caeaiodorium
649 3665 680 3716 p.
695 3652 773 3702 2295
845 3646 1012 3714 quibusdam
1032 3647 1170 3718 partibus]
1190 3666 1207 3701 v
1225 3647 1323 3702 littera
1341 3647 1370 3701 in
1389 3648 1449 3716 qui·

146 3723 263 3778 busdam
281 3722 409 3793 partibus
427 3723 561 3779 credonis
580 3724 681 3780 vitiose
698 3723 831 3778 inseritur
851 3724 1026 3793 Papirianae
1115 3732 1131 3779 9
1154 3728 1187 3780 ut
1208 3726 1237 3779 in
1256 3744 1289 3782 eo
1307 3728 1382 3796 quod
1408 3731 1452 3783 est

146 3820 279 3873 urguere:
298 3803 394 3872 itaque
412 3802 492 3856 testis
510 3802 540 3857 in
554 3806 673 3873 utroque
687 3802 835 3872 Virgilius,
854 3803 904 3872 qui
922 3805 963 3859 ait
981 3804 1117 3873 quibusve
1131 3807 1284 3874 urguentur
1302 3806 1448 3875 poeniali.

20 3904 31 3911 ·
145 3900 269 3952 unguere
288 3883 443 3937 ιιάἀιιιάιιιιι
461 3897 514 3935 esee
529 3888 592 3950 post
609 3900 727 3953 urguere
745 3885 872 3938 viderunt
887 3886 991 3939 Iuratus
1009 3890 1034 3938 et
1047 3885 1249 3939 Brnmbacbiue
1267 3889 1384 3957 ortlaogr.
1400 3890 1448 3941 lot.

143 3967 249 4030 11128
331 3968 364 4016 10
383 3962 532 4034 quibusve]
558 3963 635 4032 Verq.
654 3964 723 4017 Aen.
749 3964 795 4016 VI
812 3971 867 4019 560
959 3965 1126 4034 inungere]
1151 3963 1229 4034 Verg.
1248 3967 1317 4019 Aen.
1343 3967 1451 4020 VIIII

145 4046 200 4096 770
274 4049 307 4096 13
325 4059 391 4096 nam
409 4059 459 4096 cur
476 4043 569 4098 minus
588 4060 681 4113 unguo
700 4042 804 4097 debeat
821 4043 891 4111 dici,
916 4046 1034 4115 apparet
1052 4060 1085 4098 ex
1104 4060 1151 4111 eo,
1170 4044 1246 4112 qnod
1263 4045 1371 4099 nullum
1389 4062 1450 4100 ver·

144 4119 212 4174 bum
231 4138 267 4174 .ιι.
286 4137 311 4176 ο.
329 4121 523 4191 terminatum,
546 4123 606 4178 siue
628 4123 766 4191 solutum,
788 4140 844 4178 non
867 4123 984 4178 eandem
1008 4141 1026 4176 u
1045 4139 1157 4177 seruare
1182 4123 1212 4176 in
1233 4125 1399 4193 praeterito,
1417 4112 1451 4179 u't

143 4199 210 4256 uelo
229 4200 320 4268 uolui,
339 4217 405 4257 eruo
424 4204 496 4273 erni,
516 4205 546 4258 et
563 4221 638 4273 ungo
656 4203 723 4258 unxi
741 4203 811 4258 iacit
828 4204 869 4272 11,
892 4220 958 4256 narn
981 4201 1129 4270 quominus
1152 4218 1246 4272 unguo
1269 4201 1371 4256 debeat
1393 4203 1449 4257 diei

145 4279 290 4334 evidenter
303 4286 420 4350 apparet
437 4283 505 4352 qnia
518 4284 627 4337 nullum
640 4283 756 4337 verbnm
771 4286 815 4339 eat
828 4301 863 4338 vo
877 4283 1057 4337 terminatum
1072 4281 1131 4336 sive
1144 4281 1261 4336 iunctim
1275 4280 1334 4334 aive
1349 4281 1448 4350 solute,

146 4365 176 4416 nt
193 4378 249 4416 non
269 4361 386 4416 eandem
406 4381 423 4418 v
442 4365 535 4419 servet
554 4365 583 4417 in
601 4363 768 4432 praeterito,
786 4364 819 4417 nt
836 4362 919 4418 volvo
939 4361 1028 4429 volvi,
1047 4377 1115 4416 erno
1128 4362 1195 4415 erni.
1223 4376 1298 4430 ungo
1312 4377 1378 4414 vero
1392 4377 1448 4415 non

145 4440 245 4511 ungui,
264 4440 313 4494 aad
331 4442 399 4497 unxi
416 4443 487 4498 fecit
505 4444 678 4513 Papinianus
767 4441 875 4496 nullum
893 4441 1009 4495 verbum
1027 4456 1062 4494 vo
1080 4440 1261 4494 terminatum
1279 4439 1317 4493 sit
1333 4440 1449 4496 solitum

144 4537 200 4576 non
218 4520 337 4575 eandem
354 4539 374 4575 u
392 4538 502 4578 seruare
521 4523 550 4577 in
568 4520 722 4592 praeterito
742 4522 890 4576 Putaclrioa
981 4526 1012 4575 16
1036 4523 1067 4575 at
1090 4538 1163 4590 ungo
1184 4520 1376 4587 Uomnrelinua,
1399 4522 1448 4576 aed

146 4616 220 4669 nugo
236 4600 441 4656 Brambaebius
527 4608 560 4656 1‘1
584 4618 679 4655 rursus
702 4601 748 4654 uel
772 4600 934 4669 agnoscitur
951 4601 991 4667 R,
1019 4617 1113 4654 rursus
1133 4618 1151 4652 u
1169 4599 1331 4669 agnoscitur
1347 4603 1449 4658 Bram-

146 4677 258 4733 bncbv'ue
343 4682 372 4734 et
389 4680 514 4753 pinguia]
539 4681 616 4750 ilerg.
634 4696 723 4749 georg.
743 4682 805 4733 111
822 4685 877 4735 450
968 4688 1001 4736 18
1021 4680 1076 4735 Sed
1095 4679 1295 4736 consuetudine
1313 4681 1354 4752 R,
1373 4686 1402 4736 et
1419 4683 1449 4737 in

148 4758 345 4817 consuetudine
366 4760 542 4828 Papirianae
619 4767 651 4814 19
670 4775 735 4813 nam
754 4758 883 4827 quamuis
900 4776 950 4815 nos
968 4759 998 4813 in
1016 4776 1070 4814 uno
1089 4759 1205 4828 hirquoa
1224 4759 1347 4815 lit-teram
1365 4761 1376 4814 i
1393 4777 1449 4816 non

147 4837 357 4908 interponamus
375 4840 413 4908 R,
431 4841 481 4896 ubi
499 4857 549 4895 nos
568 4842 659 4896 omisit
677 4840 866 4908 danmatione,
883 4840 912 4894 in
927 4857 983 4895 uno
1001 4839 1093 4894 hircos
1112 4839 1236 4895 litteram
1255 4858 1273 4893 u
1292 4856 1347 4895 non
1365 4839 1449 4893 inter·
