3316 5474
746 323 935 388 eremum
1419 315 1503 390 319'

183 509 276 570 babile
298 518 342 569 est
360 509 531 571 Diomedem
551 521 646 571 artem
664 513 883 590 grammaticam
903 510 959 571 boc
974 512 1092 571 nomine
1106 512 1279 591 inscriptam
1294 514 1483 591 usurpavisse

183 618 374 697 eiusdemque
394 620 465 679 artis
485 628 622 698 excerpta
647 619 681 679 ad
707 637 794 680 usum
818 618 985 679 scholarum
1010 619 1228 679 accommodata
1252 629 1282 680 et
1305 623 1335 679 in
1360 620 1484 679 lormam

183 728 422 805 interrogationis
442 736 476 787 'et
500 729 701 807 responsionis
725 727 842 787 redacta
867 727 971 807 luisse,
995 745 1069 805 quae
1094 727 1124 785 in
1148 745 1235 786 sunm
1254 725 1363 786 librum
1383 726 1482 786 Audax

183 835 303 912 recepit.
332 832 385 893 alia
401 832 564 893 eorundem
585 843 792 912 excerptorum
812 836 947 894 recensio
966 842 1024 914 est,
1049 852 1124 913 quae
1145 852 1223 894 nunc
1243 836 1272 893 in
1293 833 1376 893 libris
1396 851 1483 893 manu

183 942 302 1019 scriptis
321 944 427 1021 partim
447 940 589 1002 Victorini
609 943 716 1020 partim
735 939 918 1000 Palaemonis
939 942 1056 1000 nomine
1077 943 1218 1019 inscripta
1237 939 1376 1020 habetur,
1396 959 1483 1019 quam

183 1046 308 1106 allario
327 1046 477 1106 Victorino
495 1048 674 1127 prolectam,
697 1048 748 1108 sed
772 1051 902 1128 graviter
926 1048 1112 1128 depravatam
1138 1057 1167 1108 et
1190 1046 1393 1128 perturbatam
1418 1066 1483 1108 esse

182 1153 241 1213 dixi
265 1171 386 1232 gratnm.
411 1153 458 1214 lat.
481 1175 504 1214 v.
525 1154 560 1214 Vl
581 1176 607 1236 p.
627 1154 726 1216 XXlV.
765 1155 869 1216 Scauri
892 1165 990 1216 atrtern
1015 1174 1121 1216 nomen
1146 1155 1225 1216 nulla
1249 1174 1337 1216 causa
1361 1165 1406 1216 est
1430 1174 1484 1216 cur

183 1280 241 1322 non
265 1261 300 1320 ad
327 1270 455 1321 veterem
475 1269 504 1321 et
524 1261 651 1323 nobilem
671 1264 894 1341 grammaticum
915 1262 948 1333 Q.
968 1262 1141 1324 Terentium
1162 1264 1307 1325 Scaurum
1328 1264 1483 1346 referatur,

183 1387 257 1446 quae
287 1369 343 1429 tuit
371 1371 516 1429 sententia
544 1368 699 1430 Ritschelii
726 1388 828 1449 opusc.
855 1369 955 1449 philol.
983 1390 1008 1430 v.
1033 1370 1058 1430 ll
1087 1390 1114 1450 p.
1139 1368 1212 1432 607.
1251 1389 1429 1450 quamquam
1454 1373 1484 1430 in

182 1478 296 1536 incerto
321 1473 548 1555 relinquendum
573 1485 634 1557 est,
662 1485 763 1537 utrum
787 1477 888 1538 Audax
912 1496 945 1538 ea
974 1479 1071 1537 omnia
1100 1496 1174 1557 quae
1199 1479 1275 1559 apud
1300 1477 1483 1538 Victorinum

182 1585 290 1643 omissa
314 1593 383 1644 sunt
407 1602 441 1643 es
466 1585 614 1662 excerptis
629 1582 733 1644 Scauri
757 1587 914 1666 receperit,
937 1603 973 1644 an
998 1583 1141 1664 quaedam
1165 1583 1200 1644 ab
1225 1584 1289 1645 aliis
1312 1583 1484 1646 auctoribus

182 1694 273 1771 petita
297 1692 442 1752 addiderit
466 1739 471 1752 .
496 1700 584 1770 atquc
609 1693 695 1751 ctiam
724 1694 822 1772 ipsum
847 1692 951 1753 Scauri
977 1692 1100 1772 librum,
1129 1711 1188 1771 quo
1217 1702 1246 1752 et
1275 1691 1431 1752 Diomedes
1455 1700 1485 1750 et

182 1808 300 1878 praeter
324 1798 401 1860 bunc
427 1799 473 1858 alii
502 1801 684 1878 grammatici
712 1801 758 1860 usi
788 1809 870 1880 sunt,
898 1819 957 1860 non
985 1809 1057 1880 puto
1086 1803 1287 1879 incorruptam
1317 1799 1483 1859 doctrinam

183 1908 291 1967 veteris
314 1909 510 1986 grammatici,
538 1908 623 1966 errius
653 1924 758 1966 nomon
789 1926 858 1985 prae
888 1926 919 1966 sc
950 1905 1076 1987 lerebat,
1106 1908 1301 1986 continuisse,
1326 1904 1377 1966 sed
1401 1923 1483 1965 more

183 2015 441 2092 grammaticorum
470 2024 615 2075 mutatum
644 2015 744 2074 tuisse.
786 2016 904 2094 gravius
932 2033 1002 2074 roro
1031 2013 1100 2074 illud
1130 2023 1189 2094 est,
1221 2014 1300 2092 quod
1329 2012 1419 2073 multa
1448 2031 1483 2073 ex

183 2119 321 2198 hisquae
342 2139 377 2180 ex
397 2119 501 2181 Scauri
525 2123 617 2200 copiis
636 2141 651 2181 a
671 2121 811 2182 Diomede
834 2121 878 2181 vel
897 2120 933 2181 ab
953 2121 1069 2181 dudace
1090 2129 1118 2180 ct
1138 2119 1289 2181 Victorino
1309 2120 1482 2200 deprompta

181 2226 324 2288 babemus
348 2227 383 2287 ad
408 2227 547 2288 Varronis
576 2228 740 2288 doctrinam
764 2229 927 2313 revocanda
951 2237 1029 2289 sunt.
1068 2247 1133 2288 nam
1158 2236 1187 2288 ct
1212 2246 1319 2289 nomen
1344 2226 1484 2287 Varronis

183 2335 228 2394 bis
256 2335 332 2415 apud
356 2333 527 2395 Diomedem
556 2335 738 2415 adscriptum
765 2345 824 2417 est,
851 2357 879 2416 p.
903 2333 983 2417 426,
1011 2333 1050 2396 21
1078 2337 1113 2397 de
1142 2337 1248 2396 officiis
1275 2337 1483 2416 grammaticae

183 2451 212 2502 ct
235 2438 313 2524 439,
341 2440 380 2501 16
405 2442 441 2502 de
466 2442 621 2524 latinitate,
645 2453 674 2504 ct
698 2443 752 2503 alia
776 2445 847 2504 satis
870 2446 961 2504 certis
984 2442 1103 2503 indiciis
1126 2446 1153 2503 ei
1178 2442 1372 2503 vindicantur.

271 2548 390 2610 Palladii
410 2552 542 2630 nornine,
566 2550 645 2630 quod
660 2550 760 2611 Audax
780 2552 811 2610 in
831 2552 1023 2630 inscriptione
1042 2550 1110 2611 libri
1129 2560 1196 2629 post
1212 2550 1356 2610 Scaurum
1376 2551 1485 2630 posuit,

183 2659 207 2716 is
222 2656 309 2738 liber,
334 2675 422 2736 quem
442 2659 623 2735 grammatici
639 2657 725 2736 vulgo
740 2656 830 2718 Probi
845 2660 963 2718 nomine
979 2665 1211 2738 usurpaverunt,
1231 2675 1285 2716 nos
1300 2656 1483 2716 Priscianum

182 2772 213 2824 et
235 2762 408 2842 Pompeium
433 2766 528 2825 secuti
552 2767 687 2826 instituta
715 2766 824 2825 artium
847 2764 1070 2847 appellavimus,
1098 2764 1257 2843 significari
1287 2762 1410 2823 videtur.
1448 2781 1484 2822 ex

182 2871 239 2931 boc
267 2873 345 2931 euim
375 2869 589 2951 disputationes
612 2873 649 2933 de
679 2871 774 2933 tribus
801 2873 937 2953 partibus
965 2874 1120 2952 orationis,
1149 2872 1371 2951 coniunctione,
1400 2887 1483 2949 prae·

181 2981 342 3059 positione,
366 2981 572 3039 interiectione
595 2978 735 3040 collectae
759 2987 837 3040 sunt.
874 2979 926 3040 sed
955 2981 985 3039 in
1013 2978 1059 3039 bis
1087 2996 1206 3057 quoque
1235 2976 1484 3056 disputationibus

183 3084 325 3165 quaedam
351 3088 554 3168 inveniuntur,
579 3104 653 3165 quae
677 3087 707 3145 in
732 3082 885 3145 codicibus
909 3086 973 3144 eius
996 3083 1064 3144 libri
1088 3102 1146 3143 non
1170 3082 1319 3162 leguntur.
