3316 5474
284 333 349 397 256
562 409 568 424 ι
868 334 989 388 nunus

282 443 303 480 p.
317 433 377 473 tait.
392 433 418 473 ta
431 432 456 471 P.

546 515 668 577 Heliae
693 519 834 578 meritis
857 519 963 599 impia
987 516 1106 578 saecla

548 624 690 685 donasti
713 623 846 704 pluvia,
868 641 934 684 nes
957 641 1097 703 quoque
1120 622 1240 684 dones

281 732 359 792 idem
384 750 456 792 usus
480 741 526 792 est
549 732 652 793 eodem
676 740 771 792 metro
795 733 826 792 in
854 730 1052 811 postulatione
1074 732 1258 810 serenitatiS,
1285 748 1360 809 quae
1388 731 1428 789 ita
1456 725 1585 812 incipiet

548 838 731 899 obduxere
754 836 872 917 poium
896 836 1018 898 nubila
1042 836 1132 898 caeii

548 945 849 1024 absconduntque
873 943 964 1005 diem
988 943 1063 1005 soie
1087 944 1222 1024 fugato,
1509 1018 1517 1030 Ι
1602 958 1617 998 s

549 1061 674 1114 noctes
697 1054 889 1113 continuas
913 1051 1033 1113 sidere
1056 1050 1182 1132 nudas;
1252 1045 1254 1048 ’

284 1167 313 1220 at
336 1159 403 1220 finis
427 1160 480 1240 ita,

498 1304 503 1308 .
551 1248 646 1330 iesu,
669 1266 775 1328 parce
799 1257 858 1309 tua
881 1255 995 1308 morte
1018 1246 1222 1326 redemptis

548 1356 649 1434 prior
672 1353 845 1415 diluvium
868 1354 1022 1435 pertulit
1044 1362 1156 1435 aetas,

547 1470 585 1523 ut
608 1462 797 1524 mundaret
820 1480 908 1542 aqua
932 1463 1083 1522 crimina
1107 1471 1235 1522 terrae.

547 1567 607 1629 sed
631 1568 799 1631 mundata
822 1578 885 1630 tuo
909 1571 1083 1648 sanguine
1106 1578 1206 1630 terra
1229 1577 1298 1629 est:

546 1678 613 1736 iam
637 1694 730 1736 nunc
754 1678 860 1737 missa
884 1676 1007 1737 ierens
1030 1694 1091 1737 ore
1115 1673 1279 1736 columba

479 1838 480 1842 ,
547 1800 680 1843 ramum
702 1782 885 1861 paciferae
907 1800 1035 1844 munus
1058 1780 1172 1842 olivae

546 1897 672 1950 exutas
695 1886 833 1967 liquido
857 1888 1007 1949 iiumine
1032 1897 1151 1950 terras

547 1995 640 2057 iaeto
664 1995 852 2074 significet
873 1994 972 2075 lapsa
995 1994 1122 2056 voiatu.

560 2151 620 2216 DE
643 2150 793 2217 METRO
816 2149 1000 2216 IAMBICO
1023 2149 1299 2216 HEXAMETRO

369 2290 496 2352 bietrum
515 2290 673 2351 iambicum
693 2290 843 2349 senarium
862 2291 969 2370 recipit
991 2289 1122 2350 iambum
1145 2287 1217 2348 iocis
1239 2288 1390 2370 omnibus,
1414 2287 1584 2367 tribrachyn

287 2397 358 2458 iocis
377 2397 515 2458 omnibus
532 2406 653 2476 praeter
671 2397 877 2478 novissimum,
896 2396 1060 2481 spondeum
1080 2394 1227 2474 dactylum
1246 2404 1277 2456 et
1299 2404 1488 2475 anapaestum
1512 2395 1585 2454 iocis

279 2513 394 2566 tantum
414 2503 590 2585 imparibus,
613 2501 796 2583 pyrrichium
820 2502 885 2563 ioco
904 2511 1020 2565 tantum
1039 2502 1158 2575 ultimo,
1183 2520 1241 2580 quo
1261 2501 1462 2562 nobilissimus
1481 2501 1583 2580 Hispa·

281 2630 387 2672 norum
411 2610 606 2671 scholasticus
629 2609 767 2670 bureiius
785 2609 921 2670 Prudens
940 2608 1077 2670 Clemens
1101 2611 1221 2688 scripsit
1243 2611 1428 2688 prooemium
1455 2607 1583 2687 Psyche·
1598 2622 1627 2660 2⁰

279 2717 424 2798 macinae,
450 2717 478 2779 id
508 2726 554 2778 est
580 2716 648 2777 iibri
676 2734 764 2796 quem
793 2716 830 2777 de
853 2718 997 2778 virtutum
1021 2717 1219 2795 vitiorumque
1248 2734 1346 2794 pugna
1375 2715 1496 2775 heroico
1520 2733 1583 2775 car-

281 2826 359 2884 mine
383 2826 558 2904 eomposuit,
595 2825 636 2885 ita
660 2824 739 2883 enim
761 2822 894 2905 inchoat,

489 2983 498 2998 ,
545 2949 653 2990 senex
678 2928 801 2990 iideiis
824 2931 938 3008 prima
962 2929 1134 2991 credendi
1157 2932 1210 2990 via

545 3037 671 3097 Abram
694 3035 792 3096 beati
816 3038 967 3097 seminis
990 3054 1095 3097 serus
1118 3045 1233 3117 pater,

545 3143 685 3204 adiecta
709 3143 813 3203 cuius
836 3160 961 3203 nomen
985 3145 1084 3204 auxit
1107 3141 1255 3223 syiiaha,

545 3249 670 3310 Abram
694 3251 837 3328 parenti
860 3249 999 3331 dietus,
1022 3248 1195 3310 Abraham
1220 3248 1292 3310 deo.

552 3404 612 3469 Du
635 3403 785 3471 METRO
808 3404 992 3471 IAMBICO
1016 3403 1313 3470 TETRAMETRO

366 3543 493 3605 bietrum
517 3541 676 3603 iambicum
704 3551 909 3604 tetrametrum
933 3545 1040 3622 recipit
1063 3542 1193 3606 iambum
1220 3543 1293 3604 iocis
1316 3544 1466 3625 omuibus,
1495 3564 1581 3625 spon·

278 3650 366 3711 deum
391 3649 463 3710 iocis
487 3659 601 3711 mnium
625 3650 803 3730 imparibus,
826 3668 885 3728 quo
908 3651 1039 3728 scriptus
1062 3657 1108 3710 est
1130 3648 1258 3728 hymnus
1282 3650 1408 3733 Seduiii,

543 3775 559 3816 a
583 3756 673 3818 soiis
697 3766 800 3817 crtus
823 3755 969 3817 cardine
1596 3773 1623 3811 aa

544 3863 583 3924 ad
608 3881 722 3943 usque
746 3870 866 3923 terrae
890 3861 1040 3923 iimitem

543 3970 726 4032 Christum
751 3987 920 4030 canamus
943 3970 1154 4049 principem.

278 4081 488 4092 ..-..--—..-

313 4170 318 4177 -
367 4147 400 4195 1a
419 4141 467 4195 nn
487 4139 615 4195 burno
634 4137 785 4193 muruco
804 4137 1036 4193 nuxiunrno
1056 4139 1140 4194 nau,
1162 4121 1259 4197 rana.
1280 4146 1344 4209 593,
1362 4146 1382 4197 2

276 4262 488 4270 -----.

368 4324 381 4372 1
401 4319 493 4374 aare
507 4277 678 4372 rehensa
693 4316 721 4371 P
735 4316 891 4373 neumae
945 4316 1102 4386 apluuiam
1116 4315 1211 4371 rur
1261 4317 1379 4386 aquae]
1398 4316 1473 4384 quoa
1488 4315 1583 4370 rar

330 4399 498 4455 iobdixere
517 4396 548 4451 F
618 4400 752 4453 tuocter
771 4394 919 4451 continuas
937 4394 1027 4451 ridere
1046 4395 1205 4455 nudarent
1225 4396 1316 4464 Fre,
1335 4396 1399 4450 aciat.
1418 4396 1445 4448 L
1518 4400 1582 4452 'tei

276 4479 318 4534 ita.
339 4478 403 4534 finit
425 4480 477 4537 ςΡ
548 4484 582 4532 10
606 4475 739 4532 criminae
757 4477 848 4530 terrae
868 4473 899 4528 F
969 4481 1002 4530 15
1026 4476 1105 4547 lapso
1123 4477 1154 4531 F
1226 4482 1257 4530 19
1275 4474 1462 4532 nobilissimas
1483 4476 1513 4529 F

276 4559 458 4628 hispanorum
476 4559 503 4613 L
527 4558 717 4629 hispaniarum
738 4557 765 4610 P
786 4562 810 4610 et
832 4571 901 4611 corr.
921 4555 1112 4625 hispaniorum
1132 4556 1163 4610 F
1241 4562 1276 4611 20
1297 4554 1418 4625 prudens
1438 4555 1499 4609 FP
1518 4576 1581 4627 pru-

277 4640 389 4696 dentius
408 4640 435 4694 L
515 4638 691 4710 prohymium
711 4637 742 4691 F
820 4643 851 4691 21
878 4636 1002 4691 carmina
1021 4634 1051 4688 F
1129 4641 1164 4690 ai
1187 4650 1280 4689 serens
1299 4634 1330 4689 F
1399 4641 1434 4688 30
1458 4639 1534 4691 ortus
1554 4637 1584 4690 F

276 4721 339 4774 ortu
357 4719 420 4772 LP
491 4727 524 4774 iil
550 4720 587 4774 ad
605 4735 693 4788 usqne
714 4717 773 4772 FL
792 4720 925 4785 eiusque
943 4715 983 4769 Pi
1054 4713 1186 4784 limitem]
1207 4713 1268 4767 limi
1286 4713 1339 4798 F.
1387 4721 1419 4768 32
1440 4716 1580 4771 Christum

276 4818 409 4856 canamus
428 4799 581 4870 principem
600 4815 650 4855 ortt.
670 4797 739 4867 FP,
759 4798 822 4852 add.
841 4797 868 4850 L
