3316 5474
235 387 276 451 10
533 385 708 442 TERENTH
729 384 859 441 scnvtu
878 385 927 438 DE
947 384 1233 439 ORTHOGRAPHIA

233 574 262 632 ei
290 570 423 632 subiecta
452 580 522 633 aunt
549 579 579 632 et
607 571 713 632 additis
742 571 806 631 aliis
835 573 875 631 ita
898 579 1058 651 augentur,
1087 579 1120 631 ut
1143 568 1269 648 quodam
1294 570 1380 630 modo
1404 571 1536 650 suppleri

234 677 312 739 illius
331 677 491 758 disputatio
511 679 653 754 videatur,
676 678 729 739 sed
748 680 836 738 etiam
855 656 1024 758 disputandi
1044 687 1074 740 et
1097 675 1247 739 scribendi
1269 679 1344 737 ratio
1368 676 1472 738 similis
1491 688 1537 738 est

233 787 264 845 in
294 784 340 845 lris
371 794 459 863 atque
490 787 519 845 ln
552 785 609 847 illo.
653 805 688 847 er
718 804 776 864 quo
805 804 914 865 genere
943 794 988 847 est
1020 784 1167 866 generalis
1195 802 1313 844 eorum·
1328 791 1431 843 contra
1461 803 1536 863 quos

231 892 342 954 dicitur
365 893 554 973 significatio,
577 896 712 968 peridem,
740 895 795 968 qtae·
821 895 927 953 dicunt
953 900 983 952 et
1007 891 1125 972 similia,
1152 893 1182 951 iu
1211 891 1375 969 fragmento
1402 889 1536 951 Parisino

234 1003 353 1075 uertiqui
370 1007 400 1059 et
418 1003 612 1076 consuetudo,
636 1004 772 1075 pasinicus·
792 1001 909 1079 saepius
928 998 1100 1079 adhibitum,
1120 1003 1265 1075 princeps
1284 1002 1387 1059 littera
1406 1017 1433 1076 p.
1449 995 1536 1059 2262

233 1114 263 1166 ct
278 1109 435 1183 principes
453 1109 574 1167 litterae
591 1127 619 1186 p.
639 1104 725 1167 2263
745 1105 809 1166 coll.
828 1126 856 1186 p.
876 1102 962 1167 2258
977 1108 1170 1182 principibus·
1189 1108 1305 1180 litteris,
1329 1098 1537 1183 πλεονασμός

233 1221 277 1272 cst
300 1231 328 1291 p.
351 1209 438 1272 2264
462 1212 526 1273 coll.
550 1232 577 1292 p.
602 1210 689 1274 2254
713 1222 863 1274 testantur
886 1211 1121 1292 μεταπλασμοί.
1158 1221 1280 1291 propter
1304 1211 1378 1271 banc
1402 1209 1535 1271 similitu·

233 1317 332 1379 dinem
356 1320 447 1397 igitur
470 1338 530 1379 non
553 1318 745 1398 improbabile
770 1318 916 1379 videbitur
939 1328 972 1379 ut
996 1318 1068 1378 haec
1095 1336 1228 1398 quoque,
1255 1321 1333 1378 sicut
1360 1315 1468 1377 librum
1499 1318 1535 1378 de

233 1425 451 1506 orthographia,
475 1428 523 1486 cui
542 1426 748 1507 adhaeserunt,
771 1445 787 1485 a
807 1425 928 1505 Scauro,
952 1444 1040 1504 quern
1057 1425 1183 1503 plurima
1202 1444 1218 1483 a
1238 1422 1367 1484 Varrone
1388 1427 1535 1503 recepisse

234 1531 370 1611 vidimus,
393 1533 503 1610 scripta
521 1540 552 1592 et
570 1531 676 1593 deinde
697 1541 821 1611 utraque
842 1540 980 1611 excerpta
1000 1529 1036 1590 ab
1055 1531 1204 1590 inferioris
1224 1531 1327 1590 aetatis
1346 1533 1535 1608 grammatico

234 1639 396 1716 composita
426 1656 491 1698 esse
522 1638 662 1700 dicamus.
710 1638 767 1699 lruc
799 1637 912 1698 accedit
942 1637 1020 1716 quod
1052 1639 1072 1697 ii
1101 1638 1297 1716 grammatici,
1328 1654 1402 1714 quos
1433 1637 1537 1698 Scauri

233 1742 316 1803 libris
335 1743 371 1803 de
391 1753 453 1805 arte
473 1748 662 1824 grammatica
683 1764 753 1806 usos
771 1764 837 1805 esse
857 1747 978 1827 scimus,
998 1743 1091 1805 lulius
1110 1743 1259 1804 Romanus
1279 1742 1355 1823 apud
1371 1742 1537 1804 Charisium

233 1869 261 1929 p.
280 1847 354 1932 203,
375 1848 412 1911 12
436 1861 465 1911 et
488 1839 647 1913 Diomedes
666 1871 694 1931 p.
713 1849 787 1932 414,
806 1848 858 1933 31,
882 1851 917 1910 dc
942 1849 1088 1910 adverbiis
1111 1849 1253 1910 localibus
1277 1848 1321 1908 rel
1344 1853 1535 1929 praepositio-

234 1954 321 2015 nibus
350 1956 451 2017 eadem
481 1977 555 2037 quae
584 1958 640 2018 boc
668 1958 732 2018 loco
761 1956 883 2018 uberius
911 1957 1043 2035 exposita
1072 1965 1142 2016 sunt
1169 1958 1200 2016 in
1223 1956 1389 2016 breviorem
1413 1957 1537 2018 lormarn

233 2062 351 2123 redacta
376 2062 524 2147 odibunt,
548 2073 580 2126 ut
603 2064 645 2125 illi
668 2082 727 2125 non
751 2066 849 2143 ipsum
869 2063 1008 2124 Varronis
1031 2061 1150 2144 librum,
1173 2062 1225 2123 sed
1249 2080 1282 2122 ea
1306 2081 1381 2141 quae
1406 2063 1537 2127 Scaurus

233 2187 269 2228 ex
294 2187 329 2228 eo
352 2179 507 2249 receperat
530 2169 668 2230 habuisse
692 2170 814 2250 putandi
838 2171 905 2230 siut.
940 2186 1032 2229 unum
1052 2168 1121 2229 huic
1141 2172 1306 2230 sententiae
1325 2169 1409 2230 video
1428 2174 1537 2251 opponi

233 2294 329 2357 posse,
352 2276 431 2355 qrrod
456 2276 593 2337 Varronis
617 2286 807 2357 praeceptum
831 2277 866 2337 de
890 2279 900 2336 i
923 2285 954 2336 et
976 2277 1005 2335 ei
1027 2276 1134 2337 litteris
1158 2295 1185 2355 p.
1209 2273 1297 2337 2264
1304 2324 1313 2358 ,
1344 2277 1423 2355 quod
1447 2297 1536 2358 supra

234 2402 261 2460 p.
281 2380 368 2444 2266
386 2386 594 2462 grammaticus
614 2383 839 2465 improbaverat,
862 2383 917 2444 lroc
941 2383 1006 2443 loco
1030 2384 1073 2443 sic
1096 2392 1245 2461 tamquam
1268 2383 1361 2460 ipsius
1380 2386 1536 2463 scriptoris

234 2498 425 2568 praeceptum
453 2491 593 2551 refertur.
630 2489 708 2569 qartrd
738 2468 835 2551 tamen
864 2490 1066 2569 neglegentiae
1094 2490 1277 2567 excerptoris
1305 2488 1420 2548 ridetur
1445 2489 1536 2550 tribui

234 2614 336 2676 posse,
364 2598 420 2656 nisi
443 2599 543 2675 potins
572 2599 608 2657 iis
631 2616 705 2676 qrrae
730 2597 836 2657 deinde
861 2604 1001 2674 corrupte
1025 2598 1056 2655 in
1080 2593 1231 2655 codicibus
1255 2596 1364 2673 scripta
1388 2605 1457 2655 situl
1480 2596 1536 2656 boc

235 2720 353 2782 quoque
377 2702 441 2763 loeo
466 2704 604 2764 refutatio
629 2705 693 2763 eius
717 2706 881 2764 sententiae
905 2702 1119 2763 continebatur.

324 2809 425 2888 luntre
455 2812 480 2869 si
508 2809 581 2870 baec
609 2829 683 2890 elnae
711 2811 771 2871 dixi
800 2829 867 2871 vere
896 2811 1042 2888 disputata
1073 2816 1156 2888 sunt,
1183 2806 1242 2866 duo
1265 2806 1408 2867 babemus
1432 2809 1536 2869 Scauri

235 2915 397 2993 fragmenta
422 2914 466 2975 rel
491 2925 641 2997 excerpta,
664 2916 789 2978 alterum
814 2918 908 2976 mains
931 2933 966 2975 ex
990 2914 1132 2993 singulari
1154 2911 1229 2973 libro
1253 2911 1289 2972 de
1313 2913 1531 2997 orthographia,

235 3030 268 3080 ut
295 3020 425 3101 ridetur,
455 3031 621 3104 receptum,
650 3024 774 3085 alterum
803 3022 922 3083 brevius
951 3040 986 3082 en
1018 3021 1074 3081 alio
1098 3019 1230 3081 eiusdem
1254 3022 1437 3098 grammatici
1460 3021 1535 3082 libro

236 3129 369 3205 'ratitum
413 3147 488 3207 tiriae
516 3140 617 3209 postea
646 3150 713 3192 cunr
744 3133 806 3192 stris
837 3129 991 3210 clausulis,
1023 3131 1083 3187 sire
1112 3128 1166 3187 hae
1196 3129 1290 3206 ipsius
1320 3127 1424 3188 Scauri
1453 3137 1538 3189 erant

235 3236 296 3295 sire
329 3234 365 3295 ab
398 3235 453 3296 alie
486 3241 677 3314 grammatico
710 3237 838 3318 additae,
871 3236 906 3297 ad
939 3234 1196 3315 orthograplricam
1224 3236 1440 3296 institutionem
1469 3256 1536 3296 con-

235 3342 334 3402 iuncta
358 3349 435 3402 sieut.

323 3447 532 3525 Fragmentum
561 3451 597 3510 de
621 3452 806 3511 ordinatione
830 3452 959 3529 partium
983 3453 1139 3528 orationis,
1168 3449 1248 3527 quod
1271 3453 1455 3528 praescripto
1483 3450 1538 3509 'l‘e-

238 3553 325 3612 rentii
345 3553 463 3612 nomine
483 3555 513 3612 in
533 3552 702 3614 valentiano
722 3554 824 3614 codice
848 3553 965 3634 legitur,
988 3556 1018 3613 in
1043 3572 1102 3614 uno
1121 3553 1253 3614 Palatino
1277 3552 1378 3613 codice
1398 3553 1537 3613 Terentio

237 3656 349 3717 Scauro
368 3656 514 3718 tributum
534 3669 562 3720 et
582 3662 647 3719 eius
669 3658 744 3719 libro
764 3658 931 3720 subiectum
951 3668 1009 3737 est,
1033 3667 1167 3719 ceterum
1187 3677 1203 3718 a
1222 3666 1322 3718 vetere
1347 3661 1537 3737 grammatico

236 3762 314 3823 leand
338 3761 427 3823 rlubie
450 3763 577 3825 aliemnn
602 3774 656 3826 est.

325 3867 471 3949 Excerpta
499 3870 645 3954 l‘arisiua,
672 3891 747 3951 (pue
777 3872 881 3933 Scatrri
909 3874 1056 3952 excerptis
1084 3872 1197 3953 addidi,
1224 3880 1309 3932 antea
1337 3875 1367 3932 in
1398 3872 1537 3933 analectis

236 3976 435 4053 grammaticis
454 3975 730 4040 t'indoboneusibns
754 4000 780 4060 p.
799 3978 865 4041 452
889 3979 966 4042 edita
989 3988 1081 4041 erarrt
1119 3978 1250 4040 codicem
1274 3981 1305 4039 in
1329 3997 1427 4039 meum
1451 3998 1538 4039 usum

237 4081 334 4143 denuo
363 4086 584 4146 accuratissime
612 4089 743 4148 excussit
766 4087 978 4149 Maximiliauns
1001 4086 1130 4167 Bonnet,
1157 4104 1216 4165 quo
1245 4094 1366 4147 auctore
1395 4085 1539 4146 lectiones

238 4187 307 4250 libri
330 4206 418 4250 manu
442 4192 546 4271 scripti
570 4194 690 4275 rectius,
713 4212 801 4273 quam
825 4193 894 4255 olim
913 4212 929 4254 a
948 4192 1225 4255 t'ndooonensibus
1245 4192 1409 4254 editoribus
1429 4193 1538 4253 lactum

206 4306 212 4318 '
237 4303 314 4378 erat,
336 4295 465 4358 exhibui.
