3316 5474
217 371 260 436 98
819 373 926 427 CAPRI

218 484 240 519 p.
254 473 307 511 sesa
321 472 346 511 r.

221 557 385 635 eodemque
409 557 484 616 lacte
504 566 621 616 creatus
641 564 695 616 cst.
712 563 716 568 ’
733 556 845 617 lactens
864 559 915 635 qui
935 555 1009 616 lacte
1028 555 1126 634 alitur,
1150 564 1181 615 et
1200 554 1312 616 lactans
1330 557 1381 634 qui
1401 554 1524 633 decipit:

219 661 331 723 lactens
355 662 430 724 lacte
453 662 620 743 abundans,
645 671 677 722 ut
701 659 898 723 ‘lactentes
922 657 1047 742 licus'‚
1074 661 1207 722 Lucilius
1231 658 1421 723 ‘lactentia
1446 680 1525 721 coa-

218 767 298 846 gula
329 787 407 829 cum
435 768 544 830 mello
571 765 670 829 bibi'.
718 768 810 829 lactea
834 768 970 850 candida,
1000 776 1033 828 ut
1056 763 1186 829 ‘lactea
1210 768 1337 829 laudas
1360 763 1526 828 brachin'

219 873 359 935 Horatius
383 877 462 937 dicit.

309 982 494 1062 Suscipimus
514 983 549 1043 ad
569 984 703 1043 animum
723 993 753 1045 et
772 992 900 1045 mentem
920 985 1060 1064 refertur,
1079 991 1112 1044 ut
1136 977 1361 1062 ‘susceptum
1385 981 1468 1062 peri
1472 983 1555 1045 1222

221 1084 373 1149 muuus'.
418 1092 599 1170 succipimus
623 1108 763 1171 corpore,
786 1100 819 1151 ut
847 1085 1075 1169 ‘succipiunt
1103 1088 1254 1148 famulae
1284 1088 1527 1168 conlapsaque

221 1190 401 1256 membra’.
444 1199 623 1277 suspicimus
646 1196 778 1276 aliquem
802 1207 985 1257 venerantes

309 1303 450 1364 Accidere
474 1303 583 1384 aliquid
608 1303 723 1363 adversi
747 1303 851 1383 dicito,
875 1305 1048 1382 contingere
1072 1302 1181 1382 aliquid
1206 1302 1330 1382 pulchri.

310 1409 517 1480 Quamdudum
542 1413 753 1490 interrogantis
778 1419 832 1491 est,
856 1410 1027 1471 iamdudum
1051 1410 1269 1489 respondentis.

309 1515 375 1577 Cals
408 1517 582 1600 dicendum,
616 1518 667 1579 ubi
701 1519 821 1577 materia
855 1526 915 1597 est,
948 1535 1002 1595 per
1033 1535 1063 1596 s;
1096 1525 1125 1576 at
1156 1534 1224 1576 cum
1256 1516 1341 1596 pedis
1373 1524 1434 1588 est,
1463 1514 1526 1575 calx
1543 1537 1569 1575 ro

222 1643 276 1704 per
304 1644 331 1685 2.

309 1731 379 1791 Mihi
403 1731 518 1793 dativus
542 1744 604 1813 cst,
629 1733 668 1791 mi
692 1733 851 1791 vocativus.

309 1838 429 1899 Invidus
453 1842 573 1918 estqui
597 1839 723 1919 invidet,
746 1836 911 1897 invidiosus
936 1838 986 1914 qui
1011 1836 1148 1897 invidiam
1172 1840 1307 1898 sustinet.

223 1985 436 1993 —-„.-—-

305 2068 319 2115 1
335 2061 442 2116 lactens
457 2061 560 2130 estqui
574 2063 648 2118 12212
663 2061 748 2116 211122
761 2060 870 2115 1221222
886 2059 935 2128 qui
949 2059 1055 2130 decipit
1068 2063 1175 2116 lacteus
1190 2063 1264 2117 12212
1277 2061 1441 2116 habundans
1451 2060 1530 2114 uelut
1564 2038 1568 2047 ⁴

222 2141 376 2196 1221221222
395 2141 463 2196 1222
481 2141 606 2197 Lucilius
625 2141 659 2211 (li
676 2143 709 2196 irs
726 2142 837 2208 rossus)
857 2138 927 2194 dicit
941 2139 1088 2194 Lectentia
1106 2141 1225 2211 coagula
1243 2159 1307 2196 cnm
1325 2140 1409 2195 melle
1424 2139 1529 2195 Lactea

221 2222 341 2277 candida
359 2222 500 2278 21122122
518 2223 617 2278 landes
636 2221 752 2277 brechia
770 2219 901 2276 Horatius
920 2222 962 2290 (at
978 2221 1046 2287 ras.)
1065 2218 1135 2275 dicit
1152 2221 1180 2273 Β
1198 2222 1305 2276 lactens
1324 2223 1368 2275 221
1386 2220 1435 2291 qni
1453 2221 1528 2274 12212

221 2356 307 2412 alitur
324 2357 432 2478 1221222
451 2355 500 2425 qui
519 2354 624 2424 decipit
641 2354 748 2410 1221222
767 2354 839 2409 12212
857 2353 1023 2409 habundans
1046 2355 1125 2410 22121
1151 2355 1209 2409 1221
1196 2356 1289 2410 tentes
1307 2355 1402 2424 (deleto
1420 2357 1444 2422 2)
1462 2353 1528 2408 1222

222 2438 366 2610 naeuius}
367 2450 503 2545 lautomia
526 2488 644 2560 coagula
666 2506 730 2543 cum
754 2466 837 2544 melle
856 2489 962 2544 Lectae
985 2487 1104 2543 candida
1127 2490 1158 2542 ut
1180 2488 1274 2542 lactea
1296 2487 1394 2543 landas
1411 2485 1528 2541 brechia

221 2622 395 2677 1122211220
410 2622 529 2676 Lacteus
543 2621 592 2690 qni
611 2622 685 2677 12212
699 2621 784 2677 alitur
802 2622 911 2676 1221222
925 2620 973 2689 qni
991 2620 1098 2690 decipit
1086 2621 1223 2677 tlactans
1243 2623 1291 2690 qui
1310 2622 1384 2677 12212
1403 2617 1528 2673 abundat

221 2705 254 2757 ut
276 2702 408 2758 lactantis
433 2702 501 2756 licus
520 2699 643 2756 Lucilius
666 2701 804 2756 lactentia
826 2701 923 2756 222212
941 2718 1004 2755 cum
1022 2701 1107 2756 melle
1132 2701 1191 2756 bibi
1215 2701 1307 2757 lactea
1325 2700 1445 2756 candida
1463 2702 1529 2754 sunt

221 2783 255 2836 21
279 2782 371 2836 122122
392 2781 491 2836 122121
508 2779 624 2835 brechia
642 2780 712 2835 dicit
729 2780 897 2839 Horatiuss
922 2781 1030 2838 lactens
1053 2782 1103 2852 qni
1126 2782 1200 2836 lacte
1223 2781 1322 2850 alitur,
1346 2782 1454 2836 1221222
1480 2779 1530 2848 qui

222 2860 342 2931 decipit,
366 2862 474 2917 1221222
496 2860 571 2914 12212
590 2859 747 2926 abundans,
771 2859 850 2914 velut
867 2861 972 2916 lacteae
990 2863 1072 2930 ficus;
1096 2860 1230 2916 Lucillius
1256 2860 1393 2916 lactentia
1411 2863 1530 2932 coagula

222 2957 285 2994 cnm
304 2942 388 2996 melle
406 2939 474 2997 bibi.
503 2940 595 2995 lactea
614 2938 733 2992 candida
751 2942 826 3007 sunt,
847 2941 1104 2997 21122122122121
1129 2941 1244 2996 brachia
1262 2940 1332 2995 dicit
1349 2942 1483 2997 Horatius
1498 2960 1528 3012 p.

221 3021 326 3074 retinui
343 3027 502 3091 corruptam
516 3022 616 3077 codicis
629 3021 667 3074 M
683 3021 857 3088 scripturam,
876 3040 945 3091 qaae
962 3025 994 3078 12
1012 3026 1085 3078 hunc
1101 3025 1158 3090 fere
1172 3023 1281 3077 modum
1295 3023 1398 3092 corripi
1410 3029 1529 3091 poterut,

222 3100 331 3155 1221222
354 3101 402 3169 qni
428 3103 503 3157 lecte
527 3100 626 3168 211122,
649 3098 758 3153 1221222
781 3100 831 3167 qui
854 3100 974 3171 decipit,
1001 3105 1108 3159 lacteus
1135 3103 1209 3157 12212
1233 3100 1393 3168 212221222;
1420 3105 1529 3158 veteres

221 3184 316 3238 temen
336 3184 366 3237 21
383 3183 490 3237 1221222
510 3179 651 3246 11222221,
670 3181 703 3232 nt
720 3177 825 3233 Ennius
844 3179 980 3235 lactentes
998 3182 1076 3251 ficos,
1102 3180 1225 3236 Lucilius
1244 3180 1380 3236 lactentia
1399 3181 1456 3237 022
1473 3200 1527 3252 sqq.

222 3278 288 3316 aem
305 3262 412 3316 lactens
431 3262 504 3317 laete
523 3260 668 3315 abundans
688 3261 725 3313 ad
749 3258 826 3329 Verp.
845 3277 933 3332 peorq.
955 3263 998 3315 II
1015 3266 1071 3317 524
1094 3260 1181 3314 ubere
1198 3275 1301 3313 vaccae
1319 3259 1411 3315 lactea
1430 3261 1529 3316 demit

222 3343 288 3395 tunt
300 3344 440 3410 pertinere
453 3346 549 3412 potest.
569 3340 739 3408 21122212
761 3341 838 3411 Verp.
857 3358 946 3413 peorp
966 3343 987 3395 I
1004 3346 1057 3396 315
1076 3343 1106 3395 21
1124 3339 1267 3394 sciendum
1285 3338 1529 3395 1212212212221222

223 3420 662 3489 2112212212221222121222222,
685 3419 760 3489 quod
782 3421 890 3476 12212222
912 3424 956 3476 221
979 3437 1051 3491 quae
1074 3419 1119 3474 lec
1142 3417 1272 3490 praebet,
1296 3419 1402 3475 12212222
1421 3421 1529 3476 221122

728 3513 744 3540 11

223 3555 373 3623 praebetur
443 3556 550 3610 1221222
570 3554 629 3625 qui]
649 3555 754 3622 lacteus
773 3554 822 3622 qui
841 3555 878 3608 M
948 3561 964 3608 2
983 3555 1121 3610 lactentes
1139 3554 1219 3624 1222]
1240 3552 1346 3608 Charis.
1364 3571 1393 3622 p.
1412 3558 1479 3618 128,
1494 3558 1527 3608 31

223 3633 269 3687 121
288 3632 402 3703 Ennius,
422 3634 480 3689 ‘fici
497 3634 649 3689 1212112222
673 3635 812 3688 lactantes
831 3634 929 3689 subere
951 3635 1028 3689 toto’
1138 3632 1274 3689 lactentia
1292 3630 1349 3686 022
1367 3632 1447 3686 Clam
1466 3649 1528 3687 cum

223 3712 307 3767 melle
325 3712 384 3767 bibi
404 3715 497 3769 Ianus
515 3716 614 3769 112222
632 3714 723 3767 Lucil.
742 3714 789 3767 rel.
808 3713 863 3766 inc.
882 3718 937 3768 103
952 3731 983 3783 p.
1003 3720 1038 3769 13
1128 3721 1144 3769 3
1163 3712 1268 3783 122122]
1288 3713 1389 3769 Horat.
1408 3732 1490 3769 carm.
1510 3716 1532 3768 Ι

222 3796 268 3857 13,
285 3797 305 3846 2
396 3798 412 3847 1
437 3793 608 3864 Suscipimus
627 3796 657 3848 21
674 3793 711 3847 21
729 3792 852 3847 animem
871 3792 954 3847 etad
973 3810 1071 3864 corpus
1090 3794 1209 3849 refertur
1226 3794 1264 3848 ad
1283 3795 1406 3848 animem
1425 3797 1458 3848 ut
1476 3796 1531 3860 (eet

223 3872 287 3926 edd.
307 3876 332 3942 c)
355 3877 513 3945 susceptum
537 3875 638 3946 perlice
656 3891 756 3927 munus
775 3873 811 3927 21
835 3890 935 3944 corpus
953 3876 986 3926 ut
1004 3878 1046 3929 est
1063 3875 1220 3944 suscipiunt
1242 3874 1366 3931 12222122
1386 3874 1529 3943 conlapsa·

223 3967 277 4022 qne
295 3953 412 4008 menbra
429 3955 595 4026 suscipimus
613 3956 737 4024 aliquem
756 3957 922 4009 uenerantes
940 3955 968 4008 B
987 3960 1012 4010 et
1030 3961 1061 4009 21
1078 3957 1187 4010 uidetur
1205 3972 1219 4009 c
1237 3956 1269 4009 12
1286 3956 1419 4025 marpissa,
1438 3972 1530 4024 quam·

223 4049 305 4100 22222
328 4034 359 4087 ire
380 4035 430 4089 hoc
451 4037 564 4091 21221212
587 4037 684 4090 litteras
709 4050 765 4088 non
784 4034 877 4089 mrvrsic
900 4039 1103 4104 apparuerunt,
1128 4034 1293 4103 suscipimus
1311 4050 1427 4104 corpore
1446 4033 1530 4088 susci-

222 4111 305 4182 piunt
322 4113 445 4170 famulae
465 4116 652 4186 conlapsaque
670 4114 797 4168 membra
815 4115 982 4185 suscipimus
995 4116 1118 4184 aliquem
1133 4116 1300 4170 uenerantes
1320 4113 1531 4183 GSuscipimns

223 4191 258 4245 ed
282 4193 406 4248 animum
429 4196 458 4249 21
486 4195 522 4250 21
549 4213 648 4266 corpus
670 4194 801 4261 refertur,
829 4194 866 4248 ed
893 4195 1031 4263 animum,
1054 4196 1087 4247 ut
1109 4195 1269 4263 susceptum
1297 4192 1398 4261 per-lice
1421 4211 1530 4260 munus,

223 4273 259 4328 ed
288 4291 401 4345 corpus,
429 4276 461 4328 21
488 4275 643 4345 suscipiunt
669 4273 791 4328 12222122
824 4275 1005 4346 collapsaque
1033 4274 1165 4329 membre.
1208 4272 1372 4343 suspicimus
1406 4273 1529 4341 aliquem

223 4357 387 4410 venerantes
414 4373 444 4423 p.
488 4356 523 4423 cs.
558 4355 612 4409 Vel.
641 4354 728 4423 Lonq.
757 4371 787 4423 p.
816 4360 898 4411 2226
930 4355 1007 4410 alind
1044 4358 1088 4409 est
1121 4355 1195 4408 enim
1228 4354 1348 4409 amicum
1381 4351 1529 4421 suscipere,

223 4433 301 4487 aliud
324 4452 427 4504 aquam
449 4434 591 4505 succipere
698 4435 868 4505 susceptum]
895 4435 1063 4504 11222122.
1089 4435 1135 4488 VI
1152 4442 1209 4491 629
1318 4439 1334 4488 6
1359 4431 1529 4502 succipiunt]

230 4511 308 4582 Verp.
331 4517 400 4568 Aen.
426 4515 510 4568 ΙΙΙΙ
532 4520 585 4570 391
687 4518 703 4566 8
726 4514 860 4568 Accidere
885 4515 991 4583 aliquid
1017 4514 1127 4570 aduersi
1152 4516 1313 4586 contingere
1338 4511 1445 4582 aliquid
1469 4513 1530 4582 pul·

223 4591 285 4646 chri
307 4592 393 4648 dicito
416 4610 433 4651 ς
519 4595 629 4648 2122221
656 4591 764 4662 aliquid
786 4594 814 4646 Β
899 4594 1006 4662 ahquid
1034 4594 1158 4666 pulchri]
1181 4594 1289 4664 aliquid
1317 4591 1464 4662 pulchrum
1495 4593 1531 4646 M

224 4671 371 4741 pulchrum
397 4676 440 4728 est
464 4674 523 4728 Bc
595 4680 627 4728 10
653 4672 732 4728 Celes
759 4673 907 4728 dicendum
926 4673 975 4728 ubi
999 4675 1121 4730 22222212
1146 4679 1189 4729 221
1213 4691 1262 4743 per
1287 4691 1317 4729 22
1342 4689 1359 4731 ς
1385 4673 1464 4729 Celes
1490 4673 1531 4728 di-

224 4753 342 4809 cendum
367 4754 416 4808 nbi
441 4755 560 4809 materia
584 4756 629 4808 est
653 4769 702 4822 per
727 4771 756 4807 cs
778 4769 800 4821 p
914 4751 978 4807 0212
1005 4753 1042 4806 Μ
1047 4752 1071 4807 0
1093 4753 1157 4808 0122
1182 4753 1224 4806 B:
1252 4754 1287 4820 cs.
1313 4754 1346 4809 dc
1370 4755 1434 4809 deb.
1459 4770 1531 4810 nom.

221 4852 250 4904 p.
271 4837 370 4900 574st
