3316 5474
533 385 708 444 EXEMPLA
727 387 992 445 ELOCVTIONVM
1347 388 1412 455 459

111 504 132 541 p.
147 490 192 529 ars.
207 491 247 530 are
262 487 287 530 u.

201 574 288 635 Certo
313 583 414 636 contra
439 584 482 657 te,
507 575 562 636 Sal.
587 574 669 636 Catil.
694 577 797 649 (595)
821 586 947 636 contra
975 576 1138 637 latrones
1166 578 1321 636 inermes
1350 594 1413 654 pro

111 683 226 761 patria
263 692 406 744 certare
444 730 450 741 .
488 692 570 743 certo
608 681 674 755 tibi,
713 682 797 762 Verg.
834 682 900 743 buc.
938 683 1017 759 (5,8)
1059 681 1157 742 solus
1195 681 1259 742 tibi
1298 692 1414 742 certet

112 789 277 868 Amyntas
305 838 311 850 .
339 799 422 850 certo
456 807 523 850 curn
556 789 617 870 his,
651 788 707 849 Sal.
742 789 804 868 lug.
837 790 917 863 (6))
950 808 1057 850 cursu
1091 808 1168 850 cum
1202 786 1414 867 aequalibus

112 905 252 956 certare
278 944 283 955 .
308 906 456 956 certamus
480 898 558 956 inter
582 914 650 976 nos,
679 896 757 956 idem
781 893 841 974 lug.
866 896 966 970 (52,I)
990 899 1086 956 inter
1110 914 1146 955 se
1171 896 1238 957 duo
1263 898 1414 974 impera·

85 1009 224 1081 stores,
248 1004 373 1062 summi
397 1005 479 1082 viri,
502 1000 701 1062 certabant.

200 1109 353 1169 Contendo
368 1118 480 1188 tecum,
495 1107 551 1168 Sal.
567 1108 649 1169 Catil.
664 1109 766 1183 (53,3)
781 1127 858 1170 curn
879 1111 1014 1188 magnis
1033 1108 1239 1188 legionibus
1259 1109 1415 1171 hostiurn

41 1218 48 1223 ’
112 1215 349 1276 contendisse
382 1264 388 1277 .
422 1215 570 1276 contendo
603 1214 671 1296 tibi,
703 1213 787 1293 Verg.
816 1234 896 1294 geor.
925 1214 950 1274 ll
979 1216 1053 1289 (96)
1086 1235 1149 1276 uec
1187 1216 1292 1277 cellis
1328 1216 1415 1277 adeo

112 1323 292 1383 contende
316 1323 489 1383 Falernis.

202 1429 357 1491 Certamen
381 1431 423 1490 illi
447 1447 514 1490 cum
538 1428 587 1489 illo
612 1438 670 1511 est,
693 1429 753 1490 Cic.
777 1448 832 1510 pro
855 1428 954 1490 Cor.l
979 1430 1063 1510 quid
1088 1428 1203 1491 enim?
1227 1430 1314 1491 mihi
1338 1449 1416 1491 eer-

74 1550 100 1588 1⁰
113 1545 229 1604 tamen
258 1546 312 1598 est
340 1557 417 1598 cum
445 1545 657 1597 accusatore
686 1545 747 1597 aut
774 1538 964 1597 contentio
988 1534 1004 1597 ?
1028 1548 1178 1598 certamen
1207 1549 1253 1599 est
1276 1537 1324 1598 ille
1349 1557 1417 1598 cum

113 1641 175 1723 illo,
199 1641 283 1721 Verg.
309 1642 374 1703 buc.
399 1644 503 1717 (7,)6)

238 1757 272 1809 et
295 1757 476 1809 certamen
500 1758 578 1809 erat
600 1749 763 1830 Corydon
788 1768 865 1811 cum
889 1749 1069 1830 Thyrside
1094 1770 1258 1831 magnum
1282 1800 1289 1812 .
1406 1817 1409 1823 ,

202 1854 281 1934 Cogo
297 1856 416 1916 domum
431 1866 473 1936 te,
489 1856 545 1916 Sal.
561 1856 628 1916 hist.
645 1855 655 1914 l
671 1866 943 1917 maturaverunt
966 1861 1166 1920 exercitum
1185 1858 1418 1938 Dyrrachium

114 1981 243 2042 cogere
268 2011 274 2022 .
298 1982 371 2042 cogo
395 1972 423 2023 te
448 1963 540 2044 domi,
564 1962 648 2043 Verg.
672 1963 739 2025 buc.
764 1964 868 2038 (6,85)

76 2083 101 2122 1⁵
271 2088 400 2148 eogere
424 2070 538 2131 donec
562 2089 645 2131 ores
670 2071 826 2132 stabulis
850 2090 1108 2153 numerumque
1132 2074 1271 2133 relerre

272 2179 390 2238 iussit.

203 2283 393 2345 Concurrunt
416 2287 494 2346 iuter
518 2304 563 2360 se,
587 2284 672 2365 Verg.
697 2285 768 2347 den.
792 2285 818 2345 X
843 2286 939 2359 (436)

726 2396 826 2474 ipsos
850 2411 1072 2455 concurrere
1096 2412 1224 2474 passus

307 2498 390 2560 haut
414 2511 530 2561 tamen
555 2503 652 2562 inter
676 2520 711 2562 se
736 2503 862 2562 summi
886 2508 1057 2580 regnator
1084 2500 1231 2581 Olympi.

75 2609 269 2667 aoconeurrit
302 2606 349 2667 ille
383 2606 438 2686 illi,
476 2607 559 2687 Verg.
592 2609 663 2669 Aen.
697 2606 761 2668 Vlll
796 2608 891 2681 (692)
924 2619 984 2670 aut
1021 2616 1159 2667 montes
1197 2626 1419 2669 concurrere

117 2713 300 2774 montibus
319 2713 425 2794 altos⁴
445 2713 522 2775 idem
537 2715 609 2775 Aen.
624 2714 636 2774 l
652 2714 941 2794 (strenuumque
963 2716 1051 2775 viris
1071 2733 1291 2775 concurrere
1311 2716 1419 2794 virgo.

205 2819 355 2881 Coruscus
378 2820 432 2880 hac
460 2840 507 2901 re,
536 2820 619 2900 Verg.
644 2822 714 2881 hen.
738 2820 765 2880 ll
789 2821 889 2894 (476)
917 2831 952 2882 et
984 2821 1062 2881 luce
1095 2840 1271 2883 coruscus
1304 2828 1420 2882 aena.

117 2937 254 2988 coruscat
278 2928 331 2988 hac
355 2947 401 3009 ro,
426 2927 503 2987 idem
523 2946 602 3006 geor.
623 2926 674 2987 llll
697 2927 767 2999 (98)
791 2926 937 2988 elucent
960 2926 1050 2988 aliae
1074 2937 1108 2989 et
1132 2929 1273 3007 fulgure
1297 2947 1420 2989 corus·

118 3044 199 3095 cant
223 3084 228 3095 .
253 3045 390 3096 coruscat
414 3036 488 3096 hane
514 3054 590 3115 rem,
614 3034 692 3095 idern
718 3036 788 3094 hen.
813 3034 839 3094 X
863 3035 959 3107 (652)
983 3037 1224 3114 strictumque
1253 3043 1422 3094 coruscat

77 3156 331 3202 acmucronem.

207 3249 335 3309 Consulo
360 3248 438 3308 illam
462 3266 539 3328 rem,
564 3247 647 3328 Verg.
671 3248 742 3308 hen.
766 3246 807 3307 Xl
830 3249 925 3321 (343)

278 3374 350 3416 rem
374 3354 463 3416 nulli
488 3353 677 3415 obscuram
702 3363 848 3414 nostrae
871 3372 935 3414 nec
959 3356 1058 3414 rocis
1082 3364 1244 3434 egentem

278 3461 453 3542 consulis,
477 3480 494 3519 o
519 3460 609 3521 bone
633 3462 732 3541 rex‚l

119 3580 149 3631 et
172 3569 229 3629 Sal.
253 3569 334 3629 Catil.
359 3570 459 3642 (51,4)
484 3586 572 3647 quae
597 3586 700 3647 reges
728 3575 835 3647 alque
863 3568 987 3647 populi
1015 3568 1103 3629 male
1133 3568 1422 3630 consuluerint.

210 3724 301 3777 Codex
329 3723 476 3777 Parrhasii
518 3728 534 3775 3
562 3721 655 3792 cursu]
686 3739 769 3777 curru
850 3721 958 3776 tidem
981 3721 1012 3776 iu
1037 3723 1094 3793 lug.
1177 3724 1362 3779 ttCartamen
1380 3721 1424 3777 illi

119 3821 181 3857 cum
200 3801 251 3857 illa
269 3807 313 3857 eal
395 3809 427 3856 10
446 3802 507 3873 ille]
526 3801 569 3855 illi
652 3808 683 3856 13
703 3801 898 3873 Dyrrachium]
925 3802 1070 3856 brachium
1152 3809 1184 3855 19
1202 3802 1283 3873 haut]
1303 3806 1353 3858 aut

121 3882 226 3953 Olimpi
297 3888 331 3936 20
350 3882 410 3953 ille]
429 3882 479 3936 illo
550 3887 584 3935 92
605 3882 758 3938 Concursus
771 3882 865 3950 prinae
888 3882 945 3936 loeo
963 3898 1032 3937 corr.
1052 3899 1180 3938 coruscus
1200 3885 1258 3938 alia
1277 3900 1374 3948 manu,
1393 3888 1424 3936 ut

119 3965 228 4018 videtur
300 3970 333 4017 23
353 3962 417 4033 llll]
438 3963 476 4016 Ill

209 4090 346 4159 2certet]
375 4089 466 4143 certat
486 4086 512 4140 G
590 4093 707 4141 scursa
734 4087 885 4142 Sallustius
966 4086 1082 4158 tadeo]
1111 4086 1175 4140 ideo
1200 4087 1336 4156 Venellius
1408 4095 1424 4143 9

122 4170 196 4238 quod
215 4171 289 4224 euim
310 4169 379 4223 mihi
398 4174 540 4221 certamen
561 4166 703 4219 Patricius
722 4167 753 4221 in
772 4168 827 4224 Cle.
847 4169 946 4237 froom.
967 4172 1035 4222 orac
1051 4185 1081 4235 ρ.
1100 4172 1156 4221 976
1175 4169 1214 4220 ed.
1237 4167 1334 4222 Graeu.

122 4256 155 4305 10
174 4252 314 4304 certamen
337 4251 380 4301 est
406 4245 454 4301 ille
479 4263 542 4299 eum
564 4245 615 4300 illo
633 4246 815 4301 Burmannus
837 4250 915 4316 apud
933 4249 1097 4302 Houoenum
1116 4265 1145 4315 ρ.
1166 4253 1203 4301 38
1221 4249 1280 4301 coll.
1300 4247 1374 4301 Seru.
1393 4249 1425 4301 in

127 4329 204 4399 Vero.
234 4330 251 4384 l.
280 4346 311 4394 c.‚
339 4329 456 4397 figurale
484 4325 596 4380 loculus
620 4331 663 4380 est
685 4343 819 4397 maguum
843 4331 984 4385 certamen
1007 4327 1139 4382 illesum
1162 4327 1212 4380 illo
1241 4332 1303 4381 erat
1392 4334 1424 4383 te

121 4412 262 4451 nutantum

121 4464 266 4518 brachium
283 4463 310 4515 P
322 4459 493 4515 Duraehium
509 4461 542 4514 G.
563 4459 779 4528 ‘Dyrrhachium
794 4464 882 4514 aulem
896 4462 982 4531 postu
996 4476 1049 4529 pro
1068 4460 1227 4524 brachium,
1245 4461 1318 4529 qaod
1335 4461 1376 4515 ltu
1395 4462 1427 4515 s'n

122 4544 191 4597 libro
210 4543 366 4597 Elnoncnsc'
384 4543 460 4595 csset'
483 4541 581 4595 Carrio
600 4543 631 4594 iu
641 4541 708 4595 Sall.
724 4543 785 4596 bist.
800 4544 898 4612 froom.
910 4557 940 4609 p.
956 4544 992 4594 35
1006 4542 1039 4593 ed
1052 4539 1125 4593 Hoo.
1200 4546 1232 4593 19
1249 4540 1317 4594 haut
1331 4544 1426 4596 tamen

121 4623 195 4677 inter
213 4640 242 4677 se
262 4623 356 4692 magni
375 4625 508 4690 regnatur
532 4622 667 4691 Veryllr'us
738 4628 772 4677 29
792 4623 856 4676 telis
880 4623 910 4676 el
931 4621 994 4675 luce
1018 4636 1148 4674 coruscus
1173 4618 1323 4688 Verys'llus,
1345 4621 1427 4689 idque

122 4705 295 4758 Arusianum
308 4703 433 4772 posuisse
447 4709 517 4770 puto
594 4708 628 4756 93
647 4705 676 4756 eh
693 4703 789 4758 lucent
806 4701 864 4756 PG
941 4707 974 4755 99
995 4700 1044 4770 qui
1066 4717 1147 4769 reges
1165 4703 1251 4769 alque
1269 4699 1366 4770 populi
1383 4701 1427 4756 ira

122 4788 172 4838 aul
190 4783 380 4839 misericordia
398 4783 513 4853 impulsi
526 4784 599 4839 male
614 4783 804 4839 consuluerint
817 4781 981 4847 Sallustium,
1000 4781 1049 4834 uba¹
1068 4797 1139 4849 quae
1153 4796 1209 4849 pro
1227 4779 1276 4849 qui
1294 4799 1313 4833 a
1327 4796 1425 4834 corree-

123 4866 229 4919 toribus
247 4866 369 4920 codicum
386 4867 518 4934 scriptum
537 4871 575 4919 rat
647 4864 846 4919 cousuluerunt
867 4862 937 4916 GM
939 4904 947 4928 ,
967 4862 1050 4915 codex
1074 4859 1227 4914 Vaticanus
1245 4860 1374 4915 Sallustii

1158 4954 1213 5002 ³0*
