3316 5474
601 1288 1025 1393 ORTHOGRAPHIA
1061 1300 1222 1398 onesi

256 1507 279 1544 p.
294 1498 346 1539 mss
361 1494 384 1538 Ρ.

351 1585 447 1652 ‘Haec
475 1595 520 1653 via
548 1613 607 1672 quo
626 1589 747 1655 ducit?'
780 1594 927 1676 dicemus,
951 1614 1009 1655 iren
1033 1593 1093 1653 ubi.
1131 1592 1225 1670 [cato]
1249 1572 1404 1653 descendit
1427 1593 1563 1672 dicimus,

258 1715 317 1757 non
341 1692 494 1761 discendit.
541 1700 758 1780 interrogamus
787 1696 861 1779 ‘quo
890 1695 954 1760 die'
985 1698 1030 1759 vei
1055 1694 1128 1778 ‘que
1151 1698 1223 1759 hore
1248 1698 1323 1758 solet
1346 1701 1389 1758 ire
1414 1693 1509 1758 ieras'
1533 1707 1564 1758 et

257 1798 339 1865 ‘esse
364 1803 474 1868 iorisi'

346 1910 440 1973 Eiecti
465 1916 494 1974 iu
518 1915 588 1974 iitus
611 1914 753 1993 dicamus,
775 1913 864 1973 delati
888 1915 917 1973 in
942 1921 1068 1991 perirem.

347 2018 428 2079 Intro
451 2023 529 2081 imus
553 2021 599 2081 vei
622 2022 829 2101 iurumpImus‚
853 2023 934 2081 intus
957 2038 1067 2080 sumus.
1575 2037 1588 2075 s

348 2124 427 2185 Vade
455 2126 490 2185 sd
519 2128 742 2206 grannnoticum
766 2126 811 2186 vei
835 2125 869 2185 ed
901 2127 1062 2199 medicum,
1090 2124 1172 2184 dIsco
1196 2126 1273 2205 apud
1297 2128 1370 2187 istos
1394 2125 1560 2188 dicendum.

352 2233 384 2293 In
408 2234 587 2313 profundum
612 2235 725 2293 nummi
748 2241 779 2292 et
802 2235 830 2292 iu
864 2250 961 2292 ercam
985 2231 1162 2292 conduntur.
1209 2233 1385 2293 inveheret
1418 2236 1499 2293 iocor
1533 2236 1562 2293 in

259 2339 401 2422 Marcum,
429 2342 532 2400 incidit
558 2343 588 2400 in
607 2359 712 2400 mansis
732 2358 812 2400 meas
840 2341 993 2418 inimicus,
1021 2346 1051 2397 et
1079 2339 1110 2397 in
1138 2355 1242 2398 manus
1268 2357 1373 2417 aquam
1402 2342 1561 2420 poscimus.

258 2453 374 2507 veteres
398 2455 497 2507 eutem
520 2466 624 2527 aquam
645 2446 781 2507 manibus
800 2431 985 2526 pedibusque
1005 2445 1151 2505 dixerunt.
1189 2446 1220 2505 in
1239 2454 1367 2506 mentem
1388 2448 1476 2527 venit,
1501 2465 1560 2506 non

256 2556 287 2614 in
311 2563 418 2616 mente.
1576 2567 1601 2605 se

348 2661 465 2724 Oblitus
489 2682 526 2723 ue
549 2666 590 2723 sis
614 2665 718 2744 nostri,
742 2681 800 2721 non
826 2680 895 2721 nus:
919 2666 1035 2719 veteres
1059 2666 1157 2719 tamen
1177 2667 1207 2719 et
1226 2659 1282 2719 hoe
1301 2659 1387 2719 modo
1407 2658 1561 2721 dixerunt:

258 2778 288 2828 et
311 2770 427 2830 invideo
451 2770 504 2832 tibi
528 2771 646 2850 divitiis,
670 2787 729 2827 non
753 2769 877 2827 divitias,

344 2874 486 2937 Comesor
509 2895 626 2938 comesa
650 2893 800 2936 comesum
824 2876 868 2934 uti
891 2873 981 2953 dicas,
1005 2892 1119 2934 messor
1142 2891 1276 2934 messum
1300 2890 1439 2934 messum,

630 3000 643 3025 0

345 3068 381 3121 M
400 3070 483 3124 codes
503 3069 763 3138 Moestepessnionns
781 3069 836 3119 306

342 3147 370 3201 B
389 3149 472 3202 codes
489 3148 642 3203 Hennensis
660 3152 716 3202 330

345 3228 368 3282 U
384 3230 466 3283 codes
483 3229 633 3283 Bernensis
651 3232 707 3282 339

398 3326 412 3363 e
430 3309 548 3363 eiusdem
566 3311 666 3364 codicis
685 3315 816 3364 consedes

344 3389 508 3447 seditiones
532 3390 738 3458 antiquissimae
761 3407 794 3444 ea
817 3387 934 3442 editione
958 3384 1058 3440 Veneta
1076 3384 1191 3439 Nicolai
1209 3386 1324 3441 Iensoni
1349 3401 1503 3454 morenae,
1528 3402 1561 3440 ec

379 3470 480 3539 quibus
493 3485 588 3537 panea
607 3470 748 3538 adscripto
766 3473 830 3522 sunt

338 3567 361 3618 p
380 3551 463 3605 editio
484 3551 624 3615 Pntsetii,
642 3566 675 3603 en
693 3567 748 3618 qna
768 3549 831 3602 item
841 3564 935 3616 panea
954 3547 1096 3617 adscripta
1113 3552 1179 3602 ssent

343 3635 479 3689 INCIPIT
495 3635 786 3691 HORTHOGRAFIA
800 3635 907 3689 CAPRI
924 3636 961 3689 M
978 3636 1114 3693 INCIPIT
1130 3635 1367 3692 ORTOGRATIA
1381 3636 1490 3690 esem
1504 3636 1562 3690 Bc

254 3714 363 3770 CAPRI
382 3714 639 3769 VIITVSTISSIMI
656 3715 702 3769 Ac
726 3714 917 3770 ILLVSTRIS
936 3715 1171 3772 GRAMMATICI
1195 3717 1243 3770 DE
1271 3714 1561 3772 ORTHOGRAPHIA

255 3797 301 3851 ET
327 3794 551 3849 LATINITATE
579 3794 782 3851 VERBORVM
809 3796 920 3853 LIBER
943 3798 1077 3852 INCIPIT
1103 3814 1119 3856 ς
1154 3797 1244 3851 Flavii
1272 3795 1355 3867 Capri
1382 3793 1561 3865 grammatici

253 3875 437 3930 vetustissimi
451 3875 486 3930 de
502 3873 711 3946 orthographia
725 3877 837 3932 libellus
852 3897 874 3947 p
931 3887 944 3932 1
965 3879 1089 3933 dicemus
1103 3879 1198 3946 priore
1216 3878 1273 3931 loco
1289 3879 1326 3930 M
1332 3877 1356 3932 0
1372 3875 1491 3930 dicimus
1505 3875 1560 3929 Bc.

252 3956 436 4011 toennensem
458 3972 562 4010 versam
584 3957 707 4024 posuisse
728 3960 837 4012 oidnnr
858 3961 1065 4028 aromaticas,
1088 3958 1158 4011 hoec
1181 3956 1229 4010 vie
1247 3972 1302 4025 quo
1326 3955 1404 4009 ducit
1426 3955 1561 4022 dicemus,

252 4052 308 4090 non
326 4036 375 4091 ubi
393 4036 477 4090 ducit.
506 4053 572 4090 nom
591 4038 662 4102 ceto,
681 4040 754 4106 quod
771 4039 881 4106 seclusi,
900 4055 933 4092 en
950 4055 1048 4106 mosea
1066 4037 1287 4106 interpretatione
1305 4031 1381 4090 seiae
1401 4042 1491 4090 ortano
1508 4053 1562 4091 esse

247 4122 320 4188 poto
374 4124 388 4171 2
408 4133 463 4170 non
482 4115 620 4170 discendit
637 4117 685 4171 Bc
702 4135 757 4172 non
776 4117 895 4173 discedit
914 4118 950 4171 Μ
956 4115 979 4171 0
1029 4115 1233 4186 interrogemus
1254 4116 1292 4170 M
1309 4117 1338 4170 et
1355 4116 1562 4185 interrogamus

253 4198 280 4250 B
300 4200 329 4252 et
346 4197 549 4266 interrogemus
569 4195 592 4251 0
662 4203 679 4250 4
698 4197 781 4252 eiecti
800 4199 838 4252 Μ
860 4196 958 4251 iactati
975 4197 1003 4250 B
1029 4202 1053 4251 et
1075 4198 1107 4250 in
1129 4213 1230 4250 rasura
1250 4195 1284 4263 0,
1302 4194 1370 4250 iacti
1389 4210 1406 4253 s
1479 4202 1495 4249 6
1515 4196 1560 4250 vel

255 4278 291 4332 od
309 4276 460 4348 medicum]
480 4277 562 4331 etad
581 4276 720 4331 medicum
738 4276 766 4329 Β
851 4283 866 4329 '1
887 4275 1043 4330 conduntur
1062 4280 1092 4331 et
1110 4277 1227 4331 inuehor
1244 4276 1302 4331 BG
1385 4273 1415 4328 in
1433 4290 1560 4328 marcum

254 4358 292 4412 M
297 4356 320 4410 0
336 4356 366 4410 in
384 4372 478 4410 marco
496 4355 543 4410 Be
633 4361 648 4408 9
669 4357 775 4427 sutem]
797 4357 875 4425 etp,
894 4373 944 4410 om.
962 4356 1020 4410 BG
1110 4361 1141 4409 12
1161 4355 1268 4411 diuitiis
1286 4370 1342 4410 non
1360 4353 1474 4408 diuitias
1496 4354 1561 4407 MC

253 4435 368 4490 diuitias
386 4453 442 4490 non
461 4434 570 4491 diuitiis
588 4436 636 4490 Be
704 4442 736 4490 13
756 4452 881 4490 comesor
896 4452 1007 4491 comesa
1021 4437 1061 4492 uti
1081 4437 1158 4492 dices
1172 4453 1263 4491 mesor
1277 4451 1387 4490 mesore
1400 4450 1506 4489 meeum
1525 4435 1561 4487 Μ

253 4517 421 4569 commestor
447 4519 600 4572 commesta
628 4519 810 4571 commestam
838 4516 880 4570 uti
907 4515 984 4570 dices
1012 4520 1117 4572 mester
1141 4518 1230 4570 mesto
1256 4517 1377 4571 mestum
1406 4513 1503 4568 scribis
1532 4514 1560 4566 B

347 4599 357 4634 e
499 4602 510 4637 e
632 4601 642 4636 e
914 4601 924 4636 e

253 4663 393 4717 comessor
412 4664 523 4704 comesa
539 4665 693 4704 comessum
712 4649 744 4701 ut
761 4646 839 4702 dices
857 4665 948 4704 mesor
966 4603 1075 4705 medica
1091 4602 1214 4718 oresium
1232 4649 1331 4703 scribis
1351 4647 1560 4704 Ocommessor

254 4730 283 4782 et
301 4742 454 4781 commosse
471 4728 512 4782 uti
532 4729 608 4783 dieas
626 4742 732 4780 messor
746 4742 871 4780 messura
884 4745 1002 4783 messum
1014 4710 1119 4784 scribes
1139 4745 1155 4787 ς
1174 4731 1342 4784 commestor
1356 4730 1386 4784 st
1403 4730 1559 4783 commestis

253 4807 435 4865 commestum
454 4806 497 4859 uti
514 4806 604 4876 dicas,
623 4807 728 4859 mester
745 4806 835 4858 mesto.
853 4810 974 4861 mestum
994 4807 1130 4876 scribisp
