3316 5474
225 374 289 439 150
760 371 990 429 cessiouonil

225 486 247 523 p.
261 475 315 514 asse
328 475 353 514 ε.

223 558 329 620 deinde
360 557 486 639 mavolo,
516 557 595 638 quod
624 556 922 636 frequentissimum!
943 556 1020 637 apud
1043 554 1109 616 illos
1133 564 1191 617 est:
1221 558 1380 617 novissimo
1409 560 1440 617 in
1471 557 1528 618 boc

224 665 370 747 substitit,
392 674 426 727 ut
449 664 525 724 malo
549 673 637 726 esset.
673 664 724 726 sed
748 664 834 725 malle
857 663 989 745 perduc
1012 664 1036 725 l:
1058 665 1151 743 magis
1170 663 1242 724 velle
1263 666 1341 724 enim
1365 672 1418 725 εει.
1456 667 1527 725 item

227 771 295 833 nolo
318 791 372 853 per
395 790 489 832 unum
511 772 535 852 1,
563 771 641 832 nolle
664 791 718 853 per
741 770 800 833 duo
823 770 846 831 l:
874 769 942 831 nolo
966 772 1045 831 enim
1070 768 1173 830 nevolo
1196 777 1256 850 est,
1283 769 1360 830 nolle
1385 788 1421 830 ne
1445 770 1527 831 velle.

224 877 352 958 denique
377 887 410 940 ut
433 897 465 939 se
488 877 611 939 verbum
634 878 736 960 babet,
758 881 798 939 ita
822 896 856 938 ea
879 895 955 958 quae
978 895 1014 939 ex
1036 875 1087 937 illo
1111 885 1338 957 componuntur.

313 985 376 1045 Alia
399 993 470 1046 suut
492 1003 567 1064 qnae
591 1004 645 1065 per
668 984 726 1045 duo
750 997 770 1046 u
794 983 979 1059 scribuntur,
1003 982 1112 1062 quibus
1135 1001 1278 1044 numerus
1302 1002 1420 1063 quoque
1444 985 1555 1065 sylla-s

224 1091 329 1153 barum
349 1094 465 1153 crescit.
497 1091 601 1152 similis
620 1094 699 1154 enim
718 1090 825 1152 vocalis
845 1089 936 1151 vocali
954 1089 1091 1151 adiuncta
1110 1108 1170 1150 non
1190 1089 1285 1151 solum
1305 1108 1365 1151 non
1379 1091 1529 1175 cohaeret,

226 1197 277 1259 sed
301 1200 389 1259 etiam
413 1199 551 1280 syllabam
575 1207 675 1280 auget,
702 1206 735 1259 ut
762 1215 872 1258 vacuus
900 1199 1048 1275 ingenuus
1076 1195 1219 1257 occiduus
1246 1199 1380 1276 exiguus.
1427 1196 1529 1258 eadem

226 1303 330 1365 divisio
349 1305 493 1366 vocalium
512 1307 543 1365 in
562 1303 660 1364 verbis
680 1321 799 1383 quoque
817 1310 877 1384 est,
895 1309 930 1363 ut
947 1310 1087 1364 metuunt·
1102 1311 1238 1364 statuunt
1256 1303 1392 1365 tribuunt
1410 1314 1529 1366 acuunt.

226 1429 297 1491 ergo
320 1411 368 1472 hic
392 1429 511 1491 quoque
535 1429 551 1472 c
574 1411 686 1490 littera,
709 1428 769 1470 uon
793 1428 811 1490 q
835 1408 1008 1489 apponenda
1031 1419 1085 1471 est.

314 1517 475 1579 Lacrumae
499 1536 536 1579 an
559 1518 712 1599 lacrimae,
736 1534 891 1578 maxumus
914 1534 950 1576 an
974 1519 1133 1598 maximus,
1161 1525 1192 1578 ει
1215 1519 1300 1596 siqua
1322 1518 1428 1579 similia
1451 1529 1530 1602 sunt,
1544 1543 1571 1581 ro

226 1642 285 1704 quo
309 1624 396 1685 modo
420 1624 516 1685 scribi
534 1624 673 1703 debeant,
704 1626 870 1705 quaesitum
894 1630 947 1683 est.
985 1623 1144 1683 Terentius
1167 1623 1259 1683 Varro
1283 1624 1404 1687 tradidit
1427 1625 1529 1687 Caesa·

227 1749 290 1791 rem
309 1750 364 1811 per
383 1733 392 1791 i
412 1733 477 1792 eius
495 1730 575 1792 modi
593 1732 682 1793 verba
702 1731 821 1792 solitum
841 1748 906 1791 esse
925 1732 1081 1792 enuntiare
1101 1737 1131 1790 et
1149 1729 1295 1792 scribere:
1317 1732 1386 1792 inde
1407 1742 1530 1812 propter

227 1841 434 1900 auctoritatem
466 1841 538 1900 tanti
575 1842 630 1900 riri
660 1837 906 1900 consuetudinem
936 1837 1050 1898 iactam.
1102 1836 1153 1898 sed
1184 1855 1238 1917 ego
1268 1840 1299 1898 in
1330 1841 1530 1918 antiquiorum
1607 1919 1611 1927 .

228 1945 322 2006 multo
345 1944 443 2027 libris,
467 1964 554 2025 quam
573 1945 662 2006 Gaius
682 1944 789 2005 Caesar
813 1953 867 2025 cst,
889 1961 981 2024 pern
1005 1943 1146 2023 pleraque
1170 1947 1280 2024 scripta
1300 1947 1426 2026 invenio,
1445 1953 1529 2025 optu-

227 2069 293 2111 mus
321 2053 454 2112 intumus
480 2050 710 2130 pulcherrumus
737 2048 837 2110 lubido
866 2047 1027 2109 dicundum
1060 2049 1230 2111 faciundum
1258 2068 1393 2111 maxume
1426 2069 1570 2113 monn-1⁵

122 2198 125 2205 -
228 2166 360 2218 mentum
383 2157 561 2218 contumelia
584 2159 723 2218 minume.
760 2156 866 2217 melius
893 2165 993 2218 tamen
1017 2164 1062 2217 est
1085 2164 1115 2217 ει
1139 2155 1174 2216 ad
1203 2157 1418 2219 enuntiandum
1441 2160 1530 2220 etad

228 2263 418 2325 scribendum
446 2266 456 2324 i
483 2265 611 2325 litteram
638 2282 693 2343 pro
724 2283 743 2324 u
772 2280 897 2343 ponere,
926 2264 957 2322 in
980 2260 1058 2341 quod
1083 2264 1140 2322 iam
1164 2264 1349 2324 consuetudo
1372 2265 1531 2326 inclinavit.

316 2370 422 2431 Vincas
448 2389 503 2452 per
527 2389 543 2431 e
571 2369 689 2449 quidam
716 2367 888 2431 scribendas
916 2366 1114 2447 tradiderunt,
1148 2371 1173 2428 si
1201 2369 1256 2429 bae
1286 2372 1532 2451 significarentur,

228 2494 301 2558 quas
328 2479 359 2538 in
388 2479 466 2557 agris
493 2476 639 2560 videmus3
667 2485 697 2539 at
724 2486 827 2540 contra
855 2461 909 2556 per
936 2478 960 2558 i,
990 2478 1099 2557 vinias,
1126 2475 1191 2537 illas
1220 2476 1276 2538 sub
1304 2477 1413 2558 quibus
1441 2479 1531 2540 latere

228 2584 313 2645 miles
336 2584 424 2667 solet,
452 2584 531 2665 quod
559 2586 717 2646 discrimen
742 2583 949 2656 stultissimum
972 2590 1025 2642 est.
1070 2600 1137 2642 nam
1168 2602 1265 2663 neque
1289 2583 1406 2646 aliunde
1431 2588 1532 2646 vineae
1547 2608 1574 2646 so

228 2700 395 2753 castrenses
418 2693 513 2753 dictae
538 2700 621 2773 sunt,
644 2709 732 2770 quam
755 2690 833 2769 quod
858 2690 951 2749 vineis
973 2687 1031 2749 illis
1054 2689 1221 2768 agrestibus
1245 2690 1357 2752 similes
1381 2700 1459 2753 sunt.

317 2798 503 2878 Extinguunt
530 2817 584 2878 per
607 2798 666 2860 duo
689 2817 723 2858 uc
752 2796 869 2877 qualem
892 2798 1036 2857 rationem
1060 2815 1150 2876 supra
1173 2795 1287 2856 reddidi
1316 2796 1352 2857 de
1378 2816 1397 2876 q
1426 2797 1533 2879 littera,

229 2922 317 2984 quam
347 2904 407 2964 dixi
437 2913 575 2984 oportere
606 2907 636 2965 in
666 2905 747 2965 omni
777 2900 971 2962 declinatione
1002 2902 1075 2962 duas
1103 2902 1218 2964 vocales
1245 2902 1368 2985 babere,
1397 2902 1462 2964 talis
1485 2904 1532 2965 hic

208 3075 211 3079 <
317 3116 333 3165 9
353 3110 417 3165 Alia
434 3113 500 3168 suni
518 3111 666 3181 Papirion.
686 3116 748 3178 161,
767 3114 784 3163 4

319 3299 382 3354 lin
396 3301 572 3358 oocABCr
635 3297 796 3353 2substitib
810 3297 920 3363 Carrio,
939 3296 1067 3352 subsistit
1080 3298 1190 3358 ΑΒΟς
1254 3302 1338 3358 malle
1357 3320 1406 3373 per
1425 3303 1494 3358 dues
1513 3302 1534 3356 ll

229 3379 302 3433 uelle
321 3378 396 3434 enim
410 3385 454 3435 εει
468 3380 524 3435 AO
541 3379 625 3433 melle
644 3395 694 3448 per
712 3378 780 3432 dues
800 3377 879 3445 (corr.
894 3376 961 3445 duo)
980 3376 1001 3430 ll
1021 3379 1112 3449 magis
1125 3379 1200 3435 uelle
1217 3383 1260 3435 εει
1278 3383 1334 3450 (scd
1352 3383 1442 3452 magis
1460 3383 1534 3437 uelle

229 3461 273 3514 εει
288 3476 345 3514 roe.
365 3460 391 3528 b)
410 3461 447 3529 Β,
470 3460 554 3516 malle
572 3474 622 3528 per
640 3458 710 3512 duas
728 3457 750 3511 ll
767 3457 841 3512 uelle
861 3460 903 3513 εει
920 3459 1003 3512 codex
1020 3459 1169 3514 Beruenses
1187 3460 1355 3527 243‚1nslla
1374 3477 1424 3530 per
1442 3463 1497 3517 dno
1516 3463 1535 3530 l,

230 3539 305 3608 quod
329 3542 371 3593 εει
393 3540 484 3609 magis
503 3538 576 3592 velle
594 3554 649 3594 cuc,
668 3536 765 3604 Popir.
837 3543 853 3591 3
877 3537 952 3592 nolle
974 3537 1097 3607 perduc
1116 3538 1126 3591 l
1149 3555 1199 3594 om.
1218 3539 1275 3593 AG
1351 3541 1464 3611 nevolo]
1483 3559 1536 3597 nec

231 3618 296 3672 uolo
314 3619 342 3672 A
405 3617 529 3674 onimili
547 3617 636 3673 ABG
697 3619 770 3671 8ub
787 3621 850 3670 onte
867 3619 997 3672 metuunt
1014 3635 1065 3673 om.
1084 3619 1174 3675 ABG
1238 3625 1270 3673 11
1291 3621 1430 3689 quomodo
1450 3622 1533 3676 scribi

230 3714 306 3771 deb&
325 3715 440 3784 (debent
457 3720 484 3784 ς)
502 3717 552 3774 Βς
575 3713 658 3769 scribi
681 3711 766 3766 debeb
790 3713 897 3780 (omisso
921 3715 1070 3782 quomodo)
1089 3716 1157 3785 AO,
1186 3715 1270 3771 scribi
1288 3716 1409 3771 debeant
1429 3716 1535 3782 Uerrio,

230 3794 351 3862 quoliier
370 3794 516 3850 scribenda
534 3797 599 3849 suni
618 3793 745 3847 Isidorus
764 3793 832 3862 orio.
852 3795 982 3860 126,15
1047 3796 1209 3851 Torrentius
1228 3796 1286 3850 AC
1347 3797 1464 3852 tradidit
1479 3797 1538 3852 AO

229 3881 254 3930 ιι
273 3876 410 3942 isidorus,
429 3873 515 3929 tradit
532 3875 561 3929 Β
630 3878 662 3926 12
682 3871 850 3928 adnunciare
868 3874 895 3927 A
914 3875 1080 3932 adnuntiare
1101 3876 1133 3931 C:
1156 3879 1271 3945 fortusse
1289 3881 1319 3931 ει
1337 3879 1483 3934 enuntiare

230 3961 263 4009 13
282 3955 356 4009 tanti
374 3970 424 4008 om.
443 3955 484 4022 B,
505 3956 568 4009 add.
588 3953 645 4007 AG
661 3959 686 4007 ei
704 3954 834 4009 Isidorus
905 3958 1104 4013 consuetudins
1123 3958 1272 4013 factumi)
1327 3958 1371 4012 ‘in
1394 3960 1532 4029 antiquio-

228 4055 290 4092 rum
305 4037 345 4105 (in
359 4035 538 4106 antiquorum
553 4035 585 4104 C)
603 4034 692 4089 multo
706 4033 786 4087 libris
800 4050 884 4102 quam
899 4035 955 4090 AO
971 4036 1000 4089 in
1014 4037 1192 4106 antiquorum
1211 4037 1289 4092 libris
1303 4040 1393 4094 mulio
1408 4058 1492 4109 quam
1507 4041 1534 4093 Β

272 4125 306 4173 14
325 4136 402 4174 cesar
420 4120 464 4172 esi
482 4135 548 4170 usus
567 4133 617 4186 per
635 4115 697 4170 uO
768 4120 800 4167 15
819 4113 926 4185 lubido]
945 4115 1098 4185 legandum
1116 4118 1143 4171 A
1215 4117 1377 4173 faciundum
1397 4120 1420 4173 0
1441 4120 1535 4174 facun-

229 4199 295 4253 dum
315 4198 374 4253 AB
448 4204 481 4252 16
500 4197 673 4252 contumulia
692 4198 727 4253 A.
755 4197 871 4263 sonasse
888 4194 1076 4250 contumacis:
1095 4196 1131 4264 cf.
1155 4195 1210 4252 Vei.
1230 4197 1316 4266 Lonq.
1331 4216 1363 4266 p.
1383 4204 1465 4266 76,6

231 4285 263 4334 18
282 4277 378 4333 uinces
392 4295 443 4348 per
457 4295 472 4332 e
487 4278 616 4347 (scriptos
630 4279 694 4331 odd.
709 4280 733 4343 c)
749 4275 863 4344 quidam
877 4274 1092 4332 tradideruntG
1174 4277 1197 4331 si
1215 4276 1251 4331 he
1266 4276 1457 4347 significarent
1471 4280 1497 4332 A
1512 4279 1536 4334 si
1620 4292 1624 4299 ’

230 4358 282 4413 hec
297 4357 488 4428 significarent
502 4359 529 4411 Β
544 4361 568 4412 εἰ
581 4358 634 4412 bne
649 4357 820 4411 sinificsreut
830 4359 859 4426 0,
874 4359 898 4412 si
912 4358 963 4412 has
978 4359 1168 4430 significarent
1182 4357 1280 4412 Carrio
1337 4366 1368 4412 19
1383 4359 1536 4414 viderimus

228 4455 297 4493 corr.
317 4441 444 4494 uidemus
468 4440 496 4493 Β
522 4439 675 4493 uiderimus
699 4436 756 4492 AO
781 4443 806 4493 et
833 4440 915 4492 corice
942 4439 1090 4494 Buueruis
1119 4443 1176 4494 243
1275 4454 1308 4492 nc
1336 4441 1432 4494 contra
1460 4443 1485 4493 A

228 4518 331 4590 ninius]
351 4520 446 4575 uineae
466 4521 492 4573 A
565 4526 598 4573 20
618 4518 689 4573 solet
707 4516 832 4572 milesO
901 4518 1280 4589 21quamquod1qusmq;
1305 4519 1333 4573 Β
1352 4510 1538 4589 quamqueC

275 4604 309 4652 22
327 4599 516 4669 Exstinguuni
533 4616 584 4669 per
597 4599 622 4652 V
636 4601 665 4652 ει
680 4596 716 4651 O:
735 4596 846 4667 qualem
860 4596 998 4652 rationem
1014 4616 1097 4668 supra
1110 4598 1282 4654 reddidimus
1296 4598 1331 4652 de
1345 4598 1447 4653 litteris
1466 4620 1536 4669 quas

232 4674 291 4729 dixi
305 4677 403 4732 Carrio
466 4679 642 4748 Extinguunt
655 4694 705 4746 per
719 4678 805 4732 qu
824 4677 980 4747 Extingunb
992 4695 1042 4747 per
1056 4679 1141 4733 voB
1159 4678 1334 4748 Extinguoni
1348 4696 1399 4749 per
1412 4698 1429 4732 u
1446 4682 1539 4735 ειοιΥ

231 4753 388 4825 Extinguni
405 4774 456 4826 per
474 4760 538 4813 ·ii·o
560 4759 653 4813 Poris.
718 4756 753 4811 de
772 4776 790 4826 q
808 4757 854 4826 (de
869 4775 926 4826 qun
940 4759 977 4827 A)
996 4757 1092 4813 littere
1109 4774 1194 4826 quam
1209 4759 1268 4813 AB
1287 4758 1321 4811 de
1341 4759 1442 4827 quibus
1460 4762 1534 4815 litte-

232 4834 469 4906 risqnasczcs.
484 4844 632 4908 p.149,1
671 4859 676 4867 ·
