3316 5474
283 403 351 468 258
883 402 1003 460 Bilbilis

280 518 304 554 p.
319 506 379 546 sara.
394 505 420 544 eo
434 505 459 543 r.

653 589 716 651 ubi
741 598 824 651 suut
847 607 932 669 opes
955 597 1156 672 potentum,

653 696 785 776 quibus
809 713 988 777 occupare
1012 704 1135 774 captas

652 806 788 865 animas
811 805 882 865 luit
904 799 1092 882 voluptas?

518 976 578 1042 nu
602 976 753 1042 murno
777 975 1026 1052 rnooumoo
1050 949 1346 1042 rnrnauumio

379 1124 507 1186 ltletrum
539 1125 722 1186 trochaicum
753 1134 974 1214 tetrametrum,
1004 1124 1083 1204 quod
1114 1143 1129 1184 a
1160 1126 1256 1204 poetis
1286 1124 1401 1202 graecis
1431 1130 1461 1182 et
1489 1120 1617 1181 latirriso

293 1233 521 1311 requentissime
545 1234 676 1313 ponitur,
699 1235 805 1312 recipit
829 1232 1001 1293 trochaeum
1025 1231 1098 1291 locis
1121 1229 1274 1311 omnibus,
1305 1229 1469 1310 spondeum
1493 1231 1588 1289 omni·

277 1335 333 1398 bns
356 1348 475 1418 praeter
498 1341 629 1400 tertium.
671 1341 766 1399 currit
789 1346 888 1398 autem
912 1337 1033 1398 alternis
1056 1336 1226 1417 versiculis,
1255 1339 1295 1397 ita
1319 1345 1352 1397 ut
1375 1338 1457 1415 prior
1481 1335 1589 1398 haheat

276 1444 367 1523 pedes
391 1454 547 1527 quattuor,
568 1448 716 1526 posterior
744 1446 836 1525 pedes
865 1455 927 1506 tres
950 1453 981 1505 et
1003 1443 1152 1524 syllabam.
1173 1445 1178 1518 Ι
1199 1443 1288 1503 huius
1311 1442 1478 1523 exemplum
1504 1452 1588 1504 totus

274 1559 321 1612 ost
344 1551 471 1631 hymnus
495 1552 543 1612 ille
567 1552 801 1632 pulcherrimus,

646 1658 810 1737 hymnum
833 1656 930 1718 dicat
954 1656 1059 1717 turba
1084 1657 1251 1738 fratrum,
1400 1706 1403 1711 .
1570 1672 1624 1712 ,ro

646 1763 810 1842 hymnum
834 1772 963 1825 cantus
986 1772 1177 1843 personet,

648 1869 793 1930 Christo
817 1871 895 1948 regi
919 1871 1161 1929 concinentes

648 1976 772 2037 laudes
796 1974 923 2037 demus
945 1974 1101 2056 debitas,

277 2087 306 2144 in
332 2103 390 2164 quo
415 2082 571 2163 aliquando
595 2093 625 2144 et
649 2085 737 2143 tertio
761 2082 826 2143 loco
849 2085 958 2163 prioris
981 2081 1120 2143 versiculi
1144 2082 1308 2162 spondeum
1333 2084 1480 2162 reperies,
1505 2091 1537 2142 nt

650 2187 769 2249 lactor
792 2188 898 2270 caeli,
922 2198 1042 2250 terrae
1065 2190 1184 2251 iactor
1327 2235 1332 2243 .
1605 2203 1631 2240 m

277 2287 307 2339 ct

650 2366 772 2427 verbis
796 2375 925 2447 purgat
948 2366 1070 2446 leprae
1095 2367 1250 2428 morbos.

780 2539 839 2604 DE
864 2539 1083 2607 RHYTHMO

368 2689 446 2749 llaec
461 2689 498 2749 de
513 2688 616 2748 metris
633 2685 880 2747 eminentioribus
894 2705 1142 2748 commemorasse
1156 2689 1294 2769 suihciat,
1308 2706 1435 2767 quorum
1452 2686 1586 2766 exempla

279 2798 449 2877 copiosiora
472 2794 550 2875 apud
577 2795 739 2874 scriptores
763 2795 938 2854 invenimus.
974 2802 1128 2872 praeterea
1152 2802 1223 2855 sunt
1244 2802 1339 2855 metra
1363 2795 1417 2855 alia
1440 2794 1592 2876 perplura,
1605 2807 1634 2847 20

280 2919 356 2981 quae
379 2904 411 2963 in
435 2901 519 2962 libris
531 2903 784 3005 centimetrorum
803 2898 989 2979 simplicibus
1007 2908 1171 2962 monstrata
1189 2901 1332 2981 exemplis
1356 2903 1482 2980 quisque
1507 2902 1591 2979 cupit

282 3009 422 3087 reperiet.
455 3009 648 3087 reperiuntur
666 3005 810 3085 quaedam
829 3013 859 3066 et
877 3007 909 3066 in
927 3008 1037 3086 insigni
1058 3006 1108 3067 illo
1127 3006 1276 3068 volumine
1294 3006 1451 3087 Porphyrii
1474 3017 1591 3088 poetae,

282 3133 341 3194 quo
360 3112 396 3173 ad
416 3112 643 3174 Constantinum
662 3114 827 3191 Augustum
846 3114 938 3172 misso
956 3116 1068 3175 meruit
1090 3111 1127 3174 de
1146 3113 1234 3174 exilio
1256 3113 1391 3195 liberari,
1411 3132 1502 3195 quac,
1522 3116 1590 3193 quia

283 3240 395 3302 pagana
415 3228 511 3301 erant,
535 3239 589 3281 nos
609 3229 730 3299 tangere
750 3237 809 3279 non
833 3218 928 3281 libuit.
966 3220 1084 3282 videtur
1102 3229 1202 3282 autem
1222 3220 1378 3300 rhythmus
1398 3224 1502 3282 metris
1521 3240 1588 3281 esse

283 3327 458 3409 consimilis,
487 3345 561 3407 quae
587 3335 633 3388 est
655 3324 814 3386 recisorum
838 3326 988 3389 modulata
1011 3330 1201 3411 compositio,
1229 3346 1288 3389 non
1320 3330 1444 3409 metrica
1469 3330 1592 3408 ratione,
1607 3340 1634 3379 2⁵

284 3434 335 3495 sed
364 3452 489 3494 numero
518 3433 694 3514 syllabarum
723 3432 759 3493 ad
787 3432 930 3494 iudicium
958 3436 1075 3495 aurium
1099 3437 1276 3515 examinata,
1307 3443 1341 3496 ut
1367 3444 1437 3495 sunt
1461 3436 1591 3495 carmina

286 3542 451 3621 vulgarium
474 3548 638 3621 poetarum.
676 3549 706 3600 et
729 3539 848 3618 quidem
872 3539 1028 3620 rhythmus
1051 3559 1104 3620 per
1128 3559 1160 3601 se
1184 3542 1248 3601 sino
1273 3550 1368 3601 metro
1393 3560 1459 3601 esse
1483 3549 1592 3621 potest,

287 3657 418 3709 metrum
442 3665 512 3708 vero
535 3648 599 3706 sine
623 3644 761 3725 rhythmo
785 3664 850 3706 esse
874 3664 935 3707 non
962 3652 1075 3726 potest,
1103 3646 1181 3724 quod
1211 3646 1352 3725 liquidius
1375 3649 1416 3707 ita
1441 3647 1593 3706 definitur:

287 3762 415 3816 metrum
449 3760 495 3814 est
532 3754 607 3814 ratio
640 3771 708 3814 cum
740 3751 955 3832 modulatione,
990 3750 1146 3831 rhythmus
1181 3750 1340 3812 modulatio
1372 3755 1436 3812 sine
1470 3755 1592 3811 ratione.

286 3862 463 3942 plerumque
491 3869 589 3921 tamen
614 3877 685 3919 casu
708 3857 836 3938 quodam
863 3859 996 3918 invenies
1020 3860 1108 3919 etiam
1131 3859 1277 3919 rationem
1300 3859 1330 3917 iu
1355 3857 1508 3937 rhythmo,
1532 3876 1591 3917 nou
1609 3872 1636 3911 so

287 3969 394 4030 artifici
417 3968 619 4030 moderatione
643 3973 772 4046 servata,
794 3963 846 4024 sed
870 3981 944 4024 sono
968 3965 1082 4042 etipsa
1106 3963 1307 4024 modulatione
1330 3963 1472 4046 ducente,
1504 3982 1593 4043 quem

290 4101 501 4108 ‚a—--——

378 4158 395 4205 4
408 4149 456 4204 DE
471 4146 598 4204 METRO
612 4144 819 4202 TROGHAICO
833 4142 1085 4199 TETRAMETRO
1101 4144 1186 4200 Matr.
1204 4145 1302 4201 littori.
1318 4150 1412 4212 595‚1
1468 4151 1502 4198 24
1520 4144 1594 4198 vido·

288 4233 449 4287 tutantem
468 4261 502 4270 —
521 4235 553 4283 31
574 4227 765 4283 modulatione
784 4225 903 4312 ducente
922 4223 1024 4279 Victor.
1044 4224 1077 4279 tte
1093 4229 1169 4282 metr.
1188 4231 1256 4293 206,
1271 4230 1289 4281 7
1307 4227 1415 4281 Audoc.
1431 4230 1546 4293 excerpt.
1560 4231 1593 4277 11

378 4398 394 4446 8
414 4390 546 4459 uoluptas
566 4387 616 4445 ςΡ
630 4387 762 4442 uoluntas
782 4384 842 4439 FL
928 4393 945 4440 4
963 4385 1005 4441 De
1024 4387 1114 4441 metro
1131 4386 1275 4441 trochaico
1293 4387 1458 4440 tetrametro
1477 4385 1527 4443 ςΡ
1547 4384 1595 4438 Du

290 4470 417 4524 METRO
437 4465 645 4524 Tuocflatco
664 4467 691 4520 L
709 4465 758 4521 DE
777 4464 904 4519 METRO
924 4463 1107 4521 ruocuico
1127 4464 1158 4519 F
1221 4473 1235 4521 't
1256 4466 1344 4521 currit
1361 4465 1413 4523 sP
1430 4466 1552 4520 cucurrit
1570 4466 1596 4517 L

290 4553 325 4602 cir
344 4549 375 4602 F
434 4548 551 4604 alterius
570 4547 602 4602 F
664 4552 696 4601 10
715 4545 787 4600 dicit
804 4561 872 4602 corr.
893 4544 969 4600 dicat
987 4545 1017 4598 F
1086 4550 1120 4599 14
1137 4543 1167 4598 in
1185 4536 1241 4613 ‘quo
1259 4543 1411 4613 aliquando
1430 4545 1481 4604 ςΡ
1497 4545 1526 4599 in
1546 4546 1597 4598 ali-

289 4627 402 4696 quando
421 4627 452 4682 F
468 4629 621 4696 aliquando
641 4627 668 4681 L
733 4632 766 4679 rs
786 4625 820 4680 de
839 4626 962 4681 metricis
980 4626 1011 4679 F
1072 4631 1106 4679 23
1125 4623 1241 4678 mismm
1259 4624 1286 4677 L
1349 4630 1384 4679 24
1402 4625 1548 4694 rhythmos
1569 4625 1600 4678 F

342 4713 376 4763 tt
400 4709 526 4777 rythmos
548 4725 599 4778 per
621 4723 651 4762 se
674 4705 734 4762 siue
757 4709 847 4763 metro
871 4721 929 4760 esse
952 4722 1008 4760 non
1027 4705 1128 4774 potest
1146 4705 1225 4772 (corr.
1245 4720 1306 4758 esee
1328 4705 1423 4773 potest
1441 4710 1465 4757 et
1483 4705 1547 4758 odd.
1566 4706 1598 4757 in

288 4804 376 4858 mory.
386 4790 506 4842 metrum
515 4803 582 4840 uero
597 4787 657 4841 sine
671 4785 755 4841 ritmo
766 4801 893 4841 essenon
906 4785 1011 4854 potest)
1025 4783 1101 4854 quod
1115 4783 1249 4851 liquidius
1259 4782 1290 4837 F
1342 4789 1377 4837 29
1388 4784 1514 4852 rythmos
1525 4784 1597 4837 ratio

289 4866 445 4922 modulatio
459 4865 519 4920 sine
532 4865 649 4934 ratione,
663 4868 709 4920 aed
723 4868 807 4922 deleto
821 4865 893 4922 ratio
908 4864 938 4933 F
991 4871 1025 4919 30
1039 4865 1125 4919 etiam
1140 4862 1248 4918 ratione
1262 4863 1293 4916 F
1344 4871 1377 4918 31
1393 4866 1533 4919 seruatam
1549 4863 1598 4920 sb
