3316 5474
614 386 662 439 oa
683 386 971 442 onrnoauaema
1399 392 1442 459 23

140 499 161 535 p.
175 486 229 526 ers
242 486 267 525 r.

140 589 284 651 nusquam
301 591 317 648 p
337 570 433 630 littera
454 569 636 648 praecedens
656 570 772 631 exiliter
791 574 977 654 enuntietur,
999 584 1031 634 ut
1051 575 1164 655 hypnos
1184 577 1307 656 hymnos
1326 577 1443 657 hyacin-

140 679 219 738 thos:
240 681 279 739 ita
302 680 373 737 satis
394 697 449 757 per
471 697 502 738 se
525 681 649 756 positam
672 681 880 758 aspirationem
902 683 948 740 sni
970 681 1133 763 declarare,
1154 686 1209 744 uisi
1231 687 1334 763 opicus
1358 684 1443 764 legat.

139 786 247 865 quibus
261 787 390 864 primum
408 768 488 844 illud
495 785 719 866 respondemus,
739 801 761 845 rr
777 795 806 845 et
822 805 887 846 esse
902 787 1030 848 litteram
1040 799 1076 854 et
1089 789 1166 868 apud
1181 790 1309 850 Graecos
1325 810 1443 871 quoque

109 964 112 969 Ι
142 895 243 972 luisse,
266 891 346 971 quod
366 892 532 969 significant
547 892 645 972 littei,
669 895 718 970 qrri
743 892 927 972 principibus
950 893 1070 976 titteris,
1093 916 1108 956 a
1133 897 1241 974 quibus
1264 917 1368 958 eorum
1391 917 1442 981 rio·

112 1000 215 1058 surina
239 1000 396 1078 incipiunt,
421 1017 562 1058 nunreros
581 1006 717 1059 notantes
737 999 790 1058 hac
810 1018 929 1078 qumque
949 1002 979 1059 in
999 1001 1101 1062 eadem
1122 1005 1334 1081 significatione
1354 1011 1441 1065 titud·
1543 986 1546 997 Ι

142 1114 199 1165 tur.
238 1123 305 1164 nam
325 1107 463 1184 quotiens
483 1124 575 1166 titium
594 1113 705 1179 notant,
727 1102 808 1166 ἰῶτα
828 1106 954 1166 litteram
974 1118 1097 1186 poliunt,
1121 1113 1259 1189 ‹prrouiam
1281 1112 1357 1191 apud
1377 1112 1443 1172 illos

138 1230 192 1290 pro
211 1211 270 1291 μία
289 1218 319 1271 et
339 1213 373 1270 iu
393 1210 512 1293 dicitur,
531 1210 619 1272 ΔΥΟ
639 1211 679 1286 Δ,
705 1211 792 1274 reta
811 1211 850 1273 T:
874 1215 917 1272 sic
937 1222 966 1272 et
987 1212 1179 1297 ΗΕΚΑΤΟΝ,
1200 1216 1229 1276 id
1249 1226 1294 1278 est
1313 1228 1441 1295 centum,

131 1317 164 1401 ,ll
189 1317 285 1377 littera
310 1326 422 1377 notant.
460 1317 567 1377 deinde
591 1318 669 1395 qrreul
694 1320 723 1378 in
748 1320 851 1378 ordiuo
876 1319 1042 1379 litterarum
1068 1322 1146 1381 rudla
1171 1334 1239 1384 rtota
1264 1325 1321 1387 sibi
1344 1325 1441 1387 locum

138 1423 280 1503 uindicet,
308 1422 376 1484 cuin
401 1424 419 1483 h
444 1432 546 1484 octauo
571 1408 759 1503 loco'posita
785 1428 831 1485 sit.
878 1429 1014 1505 sequitur
1042 1428 1120 1505 quod
1150 1448 1230 1490 olore
1260 1431 1441 1511 reliquarum

101 1545 124 1581 ¹0
137 1530 304 1590 litterarum
323 1529 342 1589 h
362 1549 481 1609 quoque
502 1539 613 1591 nurtato
632 1531 827 1604 ordinealias
845 1541 933 1611 atque
953 1533 1024 1593 alias
1045 1536 1153 1595 efficiat
1172 1545 1343 1618 potestates,
1362 1539 1439 1618 quod

139 1645 223 1697 notae
242 1655 301 1697 non
322 1638 426 1699 valent.
463 1648 492 1698 et
517 1642 604 1700 sicuti
624 1658 655 1698 as
675 1648 705 1699 et
724 1659 754 1699 sa
774 1639 858 1701 aliam
880 1660 980 1701 rorem
999 1650 1029 1702 ct
1048 1642 1133 1702 aliam
1153 1645 1288 1705 elliciunt
1311 1653 1436 1723 potesta·

139 1754 196 1803 tem
216 1752 247 1804 et
265 1745 300 1804 ad
321 1754 349 1806 et
369 1745 413 1824 da,
438 1747 527 1806 ita'et
546 1747 582 1806 ba
601 1757 631 1807 et
649 1746 694 1807 ah.
731 1755 885 1826 praeterea
904 1748 982 1827 quod
1005 1749 1112 1810 litteris
1131 1752 1316 1830 principibus
1335 1753 1437 1812 dictio-

125 1867 208 1910 'num
233 1852 347 1931 singula
372 1855 489 1913 uomina
513 1862 564 1914 aut
588 1853 676 1914 verba
704 1855 987 1937 conprehendimus,
1011 1866 1043 1917 ut
1067 1876 1134 1916 cum
1159 1858 1317 1919 scribimus
1341 1873 1385 1918 Re
1409 1868 1439 1920 et

138 1977 199 2018 rem
227 1957 374 2038 pubiicum
402 1964 624 2039 sipuifieomus,
653 1965 693 2023 ita
721 1972 750 2023 et
774 1979 797 2024 la
827 1983 881 2042 per
909 1983 955 2044 se,
983 1983 1050 2024 cum
1071 1964 1132 2025 ⁴trac
1160 1965 1223 2045 lege
1252 1976 1281 2027 et
1310 1967 1364 2027 hac
1392 1967 1440 2028 die

100 2078 124 2116 1⁵
139 2068 337 2144 sigrdhcamus
357 2066 509 2127 ethoram
529 2071 644 2130 tertiam
666 2069 836 2130 heredesve.
874 2079 1007 2130 extremo
1026 2073 1104 2150 quod
1125 2076 1279 2152 proprium
1298 2084 1344 2134 est
1362 2075 1438 2135 litte-

138 2191 237 2232 rarum
263 2173 370 2252 [quod]
395 2177 617 2254 propinquitate
644 2179 750 2237 sociari
775 2186 804 2237 ot
828 2154 954 2237 irrvicem
983 2179 1158 2260 succedere,
1186 2189 1217 2240 nt
1242 2199 1310 2240 cum
1335 2181 1439 2242 Fusios

137 2279 242 2340 Furios
266 2281 392 2342 dicimus
416 2292 446 2342 et
470 2283 590 2342 seddam
615 2282 730 2344 sellam:
754 2285 794 2343 ita
813 2302 880 2343 rum
905 2283 925 2343 h
949 2285 1080 2345 eiusdem
1104 2288 1143 2345 sit
1167 2287 1326 2361 lacrrltatis,
1355 2290 1438 2350 rrinri·

140 2406 205 2447 rum
228 2387 302 2448 haec
327 2407 444 2468 quoque
469 2390 566 2450 littera
591 2398 645 2469 est,
669 2390 747 2468 quod
771 2408 838 2449 cum
861 2391 874 2448 l
895 2392 1019 2450 inuicem
1040 2391 1108 2469 [ita]
1134 2402 1272 2475 inritatur,
1296 2403 1438 2473 utquam

69 2488 76 2501 ⁹
141 2514 192 2554 nos
217 2493 312 2554 labam
335 2495 464 2556 dicimus
487 2500 600 2576 antiqui
625 2497 731 2558 habam
755 2498 894 2559 dixerunt
918 2508 947 2559 et
971 2498 1049 2578 qtrod
1069 2519 1123 2560 reos
1146 2500 1289 2561 hordeum
1313 2502 1439 2562 dicimus

138 2609 249 2616 -----

208 2657 239 2704 16
259 2651 372 2717 Fusios,
392 2651 507 2704 seddam
523 2669 555 2720 p,
574 2658 672 2718 13,13
746 2659 778 2706 19
798 2653 892 2706 labam
907 2671 937 2722 p.
958 2659 1002 2719 11,
1020 2659 1044 2707 1.
1064 2660 1146 2720 13,Β

231 2800 242 2845 1
264 2811 399 2862 nusquam
417 2811 435 2861 y
455 2793 537 2848 litera
556 2796 724 2862 lamecedens
744 2794 854 2849 exiliter
872 2794 1033 2849 enuntietur
1051 2817 1072 2850 ω
1093 2814 1228 2864 nusquam
1248 2797 1343 2852 littera
1360 2815 1439 2868 prae-

136 2873 235 2927 cedens
255 2891 288 2927 ex
306 2874 315 2926 i
335 2875 430 2928 littem
449 2874 611 2928 enunciotur
629 2875 656 2926 Β
675 2893 811 2943 rursquam
831 2875 840 2928 ί
860 2876 957 2929 littera
976 2877 1142 2944 praecedens
1161 2895 1194 2929 rex
1213 2876 1232 2930 ii
1254 2877 1349 2931 littera
1368 2898 1437 2932 nun-

139 2953 222 3007 tietur
240 2954 269 3005 P
350 2955 517 3022 hyacinthos
537 2955 564 3006 P
579 2954 731 3008 hiacinctos
752 2955 777 3006 Β
797 2953 964 3022 hyacinthus
983 2977 1004 3008 ω
1095 2964 1110 3011 ‘l
1130 2957 1221 3027 posito
1240 2958 1436 3028 aspirationem

137 3034 176 3086 sui
195 3033 350 3087 declararet
363 3034 447 3086 ΒΡω
521 3040 537 3086 l
556 3033 694 3102 principes
713 3033 870 3087 litterarum
890 3038 1027 3107 aquibus
1046 3055 1140 3091 earum
1160 3037 1273 3091 nomina
1288 3039 1383 3093 ΒΡω.
1402 3042 1436 3106 cf.

137 3113 270 3167 Priscian.
290 3116 322 3167 de
339 3116 384 3181 fip.
399 3131 473 3167 ιιιιιιι.
487 3133 515 3182 p.
531 3120 594 3174 106.
615 3120 707 3178 [una
724 3132 775 3183 per
793 3115 804 3167 l
824 3115 954 3171 scribitur
974 3117 1089 3185 antiquo
1109 3135 1185 3171 more
1204 3118 1369 3186 Atticorum,
1389 3120 1437 3189 qni

136 3193 260 3247 solebant
278 3194 462 3263 principalem
481 3196 601 3249 nominis
619 3196 728 3251 numeri
746 3197 871 3249 litteram
892 3215 995 3265 ponere
1014 3202 1044 3252 et
1063 3198 1218 3267 significare
1238 3217 1383 3255 numerum

136 3278 297 3328 onumeros
311 3275 338 3326 Β
357 3275 478 3328 numeris
494 3277 544 3329 Ρω
608 3278 819 3330 utantanPo
883 3285 898 3332 d
920 3280 1018 3331 notant
1036 3279 1166 3346 lpoba
1184 3277 1308 3332 litteram
1327 3283 1435 3349 ponunt

135 3353 266 3419 quoniam
280 3354 356 3421 apud
375 3353 439 3407 illos
454 3373 500 3408 ma
510 3359 588 3424 (corr.
600 3358 667 3423 mia)
684 3400 689 3410 .
705 3374 775 3412 o...
792 3361 796 3424 l
813 3361 842 3411 et
856 3360 896 3424 (ct
909 3375 958 3412 om.
970 3358 1006 3422 B,
1021 3360 1051 3410 in
1064 3359 1147 3412 initio
1161 3375 1254 3411 uersus
1268 3360 1331 3412 uelat.
1347 3360 1372 3421 h,
1390 3361 1437 3413 sed

134 3433 223 3501 deleto
236 3441 265 3487 ut
280 3437 396 3498 ridetur,
406 3435 438 3487 io
451 3438 505 3501 stne
515 3439 702 3503 praecedentis
716 3454 808 3490 tersus
823 3440 861 3501 et)
876 3454 900 3490 a.
916 3437 1025 3490 dicitur.
1041 3437 1096 3506 dyo
1113 3444 1168 3490 ΔΛ.
1184 3437 1286 3495 tria.T.
1302 3439 1341 3492 sio
1356 3442 1385 3492 et
1402 3443 1437 3493 H.

135 3513 235 3568 ehaton
254 3515 345 3569 idest
365 3517 477 3569 ceni-um
495 3517 514 3568 h
533 3517 657 3571 litteram
677 3519 775 3570 notant
794 3518 820 3568 Β
840 3518 939 3570 notant
958 3514 1079 3569 Monta
1098 3516 1221 3570 litterum
1241 3523 1350 3587 ponunt
1367 3536 1435 3588 quo·

134 3590 208 3646 niam
230 3595 305 3663 apud
328 3594 393 3648 illos
416 3598 510 3649 moeta
532 3596 634 3651 dicitur
657 3599 709 3650 dvo
734 3600 751 3650 ὃ
773 3599 829 3650 tria
854 3601 880 3650 Γ
900 3596 940 3651 sic
959 3599 987 3650 et
1006 3596 1031 3648 ΙΙ
1050 3595 1154 3649 ekaton
1172 3596 1201 3649 id
1226 3601 1268 3651 est
1287 3601 1435 3652 contumh

133 3671 228 3728 littera
250 3678 349 3728 notant
372 3675 400 3726 P
419 3678 518 3729 notant
541 3683 574 3745 μῐ
595 3680 624 3731 et
647 3698 665 3730 α
690 3678 799 3732 literam
824 3680 943 3748 ponunt:
969 3676 1100 3744 quoniam
1125 3678 1199 3745 apud
1223 3678 1287 3733 illus
1310 3687 1346 3748 pt
1365 3685 1393 3734 et
1418 3702 1436 3735 α

133 3752 247 3821 dicitur,
262 3750 316 3809 δύο
331 3758 348 3808 ὃ
361 3755 417 3808 tria
431 3757 450 3821 t,
471 3755 511 3810 sio
527 3760 555 3810 et
575 3752 687 3825 inuria,
706 3748 806 3826 id‘est,
825 3761 937 3812 centum
951 3756 969 3807 h
985 3756 1067 3810 litera
1081 3759 1181 3810 notant
1195 3779 1229 3811 ro:
1248 3759 1283 3824 cf.
1299 3761 1435 3815 Priscian.

133 3834 149 3886 l.
168 3851 190 3889 c.
290 3842 306 3890 8
326 3839 392 3890 nota
411 3837 502 3892 locum
523 3837 576 3891 sibi
594 3837 719 3891 uindicet
737 3858 759 3890 ω
868 3845 884 3891 o
903 3837 922 3889 h
943 3841 1088 3904 postcom
1107 3854 1155 3891 οιιι.
1176 3838 1212 3903 Β,
1231 3840 1294 3893 aad.
1314 3840 1364 3892 Pro

133 3914 258 3984 sequitur
275 3934 382 3970 morem
402 3918 572 3986 reliquarum
592 3917 748 3984 literarum,
768 3933 841 3986 quiae
856 3919 964 3970 mutato
980 3915 1076 3969 ordine
1095 3915 1165 3968 alias
1184 3922 1268 3985 atquc
1287 3919 1358 3974 alias
1378 3922 1435 3975 elfi-

133 3997 207 4050 ciant
225 3998 379 4064 potestates
399 3998 545 4052 Putschius
627 4005 659 4051 10
678 3996 835 4052 litterarum
854 4012 927 4064 quae
946 3998 1054 4048 mutato
1073 3996 1134 4048 BP
1148 3996 1306 4052 litterarum
1326 4017 1342 4053 a
1361 4019 1434 4069 quau

133 4077 240 4131 mutato
258 4082 283 4130 ct
301 4077 332 4129 in
349 4093 434 4145 uturp.
455 4077 564 4131 ‘deerat
580 4076 708 4131 verbnm'
729 4097 750 4128 ω
836 4077 961 4134 efficiant
978 4075 1062 4127 ΒΡω
1155 4084 1185 4129 11
1206 4080 1235 4131 et
1254 4078 1336 4132 sicuti
1355 4099 1386 4134 as
1405 4085 1434 4135 et

133 4173 163 4208 sa
181 4156 266 4210 aliam
285 4175 383 4213 uocem
403 4160 453 4212 Ρω
473 4162 501 4213 et
519 4158 608 4212 secuti
626 4176 657 4212 as
676 4161 705 4211 et
723 4175 754 4212 ra
772 4158 856 4212 aliam
876 4160 970 4213 autem
989 4174 1085 4213 nocem
1105 4161 1132 4211 Β
1236 4157 1359 4213 efficiant
1376 4160 1431 4213 Βω

133 4237 237 4292 alliciat
255 4239 283 4290 P
371 4246 402 4293 12
422 4240 510 4293 itaet
528 4240 566 4292 ha
584 4239 666 4292 etah
687 4240 769 4293 Pita
789 4241 873 4294 etha
890 4243 927 4295 ah
946 4241 973 4293 B
991 4241 1033 4295 ita
1050 4244 1088 4296 ha
1106 4245 1135 4296 et
1153 4240 1189 4293 ah
1209 4259 1230 4290 ω
1321 4239 1435 4311 litteris]

134 4317 177 4370 liti
196 4318 224 4371 P
329 4325 361 4372 13
386 4321 415 4371 et
437 4335 524 4388 remp.
547 4319 589 4374 ita
608 4321 673 4374 eth
698 4336 748 4388 per
767 4336 795 4372 se
814 4336 877 4372 cnm
896 4321 949 4373 hac
969 4320 1031 4388 lege
1050 4320 1100 4373 Pa
1120 4323 1225 4374 etrum
1244 4336 1288 4387 po.
1308 4319 1349 4373 ita
1368 4321 1435 4374 eth

133 4398 230 4452 secdm
254 4399 308 4453 hac
330 4399 392 4468 lege
415 4400 442 4452 B
533 4405 566 4453 16
591 4402 622 4453 ut
641 4399 716 4468 cum]
741 4398 863 4453 Etcum
887 4401 914 4453 Β
1004 4400 1096 4453 luscos
1120 4398 1207 4453 furios
1224 4399 1309 4452 BPn
1331 4399 1435 4456 Fuscos

133 4495 236 4552 l'urvos
255 4498 401 4551 Putschius
510 4504 542 4552 18
564 4498 635 4551 haec
653 4513 763 4565 quoque
782 4495 864 4555 litera
883 4516 904 4549 ω
923 4497 991 4550 haec
1011 4512 1121 4564 quoque
1140 4484 1184 4550 int
1201 4496 1297 4552 littera
1314 4497 1435 4610 Bam

133 4621 262 4689 quodque
277 4620 373 4675 littera
387 4622 415 4674 P
475 4639 537 4675 eum
556 4622 574 4675 h
594 4621 714 4676 inuicem
733 4620 774 4675 ita
792 4623 917 4674 mutatur
935 4624 968 4675 ut
986 4637 1070 4690 quam
1084 4636 1134 4675 nos
1150 4621 1177 4672 P
1191 4638 1254 4676 cum
1275 4623 1293 4676 h
1312 4622 1433 4679 inuicem

133 4701 170 4767 (in
184 4716 317 4771 superscr.
332 4702 359 4768 b)
377 4701 419 4755 ita
433 4705 557 4756 mutatur
572 4705 603 4755 ut
621 4718 683 4755 curn
700 4718 749 4757 nos
762 4703 798 4768 Β,
818 4719 880 4756 cum
900 4702 918 4755 h
937 4702 1057 4757 inuicem
1076 4701 1118 4755 ita
1132 4704 1256 4755 mutatur
1275 4703 1288 4755 l
1303 4705 1433 4771 utquam

133 4797 181 4833 nos
199 4787 223 4834 et
242 4781 339 4834 (tande
357 4781 479 4834 dixerint
498 4813 530 4820 -
551 4780 756 4834 nominaverint
779 4801 800 4833 ω
875 4788 907 4836 19
927 4782 1001 4850 qnod
1020 4781 1155 4836 hordeum
1174 4779 1293 4834 dicimus
1310 4781 1338 4834 B
1357 4783 1432 4851 quod

135 4859 265 4914 hordeum
284 4860 459 4929 appellamus
478 4861 528 4915 Po
