3316 5474
216 336 282 434 22⁶0
809 367 929 422 33333

216 565 270 617 tna
295 550 337 638 (p.
362 553 442 636 611,
468 552 507 615 17
532 554 576 614 ed.
600 549 715 635 Halm),
739 556 874 633 seqnitur
897 553 1031 632 Pompeii
1054 557 1284 615 commentarius
1309 557 1339 615 in
1364 547 1523 615 Donatum:

217 664 253 723 ci.
277 681 399 742 gramm.
423 662 472 722 131.
497 681 521 721 3.
545 660 582 720 lV
605 681 633 740 p.
658 659 779 720 XXlilll
803 670 833 719 31
855 659 878 717 V
902 678 929 738 p.
954 657 1005 719 84.

304 769 461 830 Lectiones
485 770 574 828 trium
595 766 731 827 codicum
751 785 819 827 cum
842 768 878 826 iis
902 784 977 844 quae
1001 768 1031 825 in
1056 768 1156 844 priore
1176 769 1324 847 scriptura
1345 787 1405 828 non
1429 768 1522 829 multo

215 883 297 955 posi,
321 882 353 935 31
376 874 505 955 videtur,
530 881 639 933 mutata
660 883 730 934 sunt
753 876 899 952 integram
922 872 1061 953 indicavi,
1085 876 1203 934 omissis
1223 876 1342 954 quidem
1362 875 1522 936 levioribus

217 984 382 1062 scripturae
407 981 629 1060 discrepantiis‚
652 997 727 1058 quae
747 979 857 1039 nullius
877 981 1018 1040 momenti
1042 981 1072 1039 in
1096 980 1152 1040 hoc
1175 983 1350 1059 praesertim
1376 983 1522 1069 scriptore

216 1098 294 1150 sunt.
333 1088 369 1148 de
394 1089 502 1148 ceteris
526 1085 693 1167 codicibus,
716 1105 842 1165 quornm
867 1105 991 1166 magnus
1010 1096 1149 1166 superest
1168 1105 1325 1168 numerus,
1349 1107 1408 1147 non
1432 1107 1520 1167 quae-

217 1198 280 1277 sivi,
296 1214 391 1274 neque
411 1195 570 1255 certiorem
588 1212 693 1254 eorum
712 1194 800 1254 fidem
819 1212 885 1253 esse
905 1202 977 1272 puio
997 1212 1085 1273 quam
1105 1212 1208 1254 eorum
1227 1213 1302 1273 quos
1321 1195 1450 1256 adhibui.
1487 1216 1521 1256 ex

215 1302 261 1362 his
284 1309 383 1362 autem
406 1302 437 1360 in
460 1301 564 1378 primis
588 1300 794 1361 Monacensem
818 1307 939 1360 secutus
963 1318 1043 1380 sum,
1071 1318 1159 1378 quem
1184 1308 1213 1360 31
1236 1299 1406 1379 diligentius
1431 1321 1520 1380 qnam

215 1407 345 1486 reliquos
369 1407 444 1468 duos
472 1408 617 1485 scriptum
640 1425 706 1466 esse
736 1407 834 1466 inveni
862 1414 893 1466 et
915 1405 951 1466 ab
975 1405 1088 1466 Halmio
1112 1407 1148 1466 ad
1177 1425 1223 1467 me
1248 1409 1370 1468 missum
1403 1410 1432 1468 in
1457 1411 1521 1488 ipso

216 1532 306 1593 opere
326 1514 460 1574 iaciendo
477 1506 606 1574 Ι3333331.
644 1531 736 1592 quare
756 1513 843 1574 huius
862 1514 1051 1592 potissimum
1071 1515 1218 1591 scriptura
1237 1521 1375 1575 33333313
1394 1515 1521 1575 indicata

216 1629 269 1680 est.
308 1619 455 1680 editorum
479 1618 681 1698 exemplorum
710 1618 854 1679 lectiones
881 1621 984 1699 paucis
1014 1618 1087 1679 loeis
1115 1618 1259 1680 adnotari.
1298 1619 1396 1680 editus
1423 1629 1521 1680 autem

217 1735 262 1787 est
290 1727 338 1788 hie
366 1727 441 1788 liber
469 1729 597 1805 primum
622 1744 689 1787 erim
714 1725 777 1786 aliis
806 1727 1004 1804 grammaticis
1027 1725 1184 1786 Mediolani
1207 1744 1231 1786 a.
1258 1724 1521 1807 1413,(13131133

215 1835 285 1895 lano
308 1834 466 1895 Parrhasio
489 1832 644 1894 Mediolani
673 1851 697 1892 3.
726 1829 823 1894 1504:
853 1833 890 1893 ci.
919 1850 1040 1910 gramm.
1064 1831 1112 1892 131.
1146 1851 1170 1892 3.
1194 1831 1231 1891 lV
1258 1851 1286 1911 p.
1310 1832 1350 1892 lli
1373 1843 1402 1893 et
1426 1832 1521 1894 liLlV.

214 1939 363 2001 Parrhasii
393 1940 553 2000 editionem
577 1941 672 1999 secuti
702 1947 772 1999 sunt
800 1941 851 2017 qui
877 1948 980 2019 333133
1002 1940 1049 2000 331
1072 1958 1139 2000 cum
1163 1939 1227 2000 aliis
1254 1942 1453 2018 grammaticis
1477 1941 1521 2000 331
1552 1988 1556 1995 .

214 2065 282 2108 eum
302 2046 425 2126 reliquis
443 2045 539 2106 bedae
559 2045 642 2106 libris
665 2046 745 2107 hunc
769 2046 878 2108 librum
897 2046 1063 2107 ediderunt.
1101 2065 1198 2126 neque
1223 2048 1248 2106 is
1272 2049 1339 2126 quis
1361 2050 1519 2108 novissime

214 2171 282 2214 eum
307 2151 412 2232 edidit,
435 2151 563 2212 Gilesius
586 2151 682 2212 Bedae
707 2170 753 2231 op.
777 2172 801 2212 v.
825 2152 862 2213 Vl
885 2172 912 2232 p.
932 2149 976 2214 40
991 2172 1070 2236 sqq,
1092 2172 1181 2214 manu
1206 2156 1333 2233 scriptos
1356 2153 1449 2214 libros
1472 2152 1546 2215 ad-⁰

214 2259 312 2320 hibuit
334 2259 380 2319 331
403 2259 439 2319 ad
463 2258 700 2320 emendationem
724 2259 883 2339 quidquam
909 2259 1042 2320 contulit.

303 2365 529 2445 inscriptionem
562 2364 628 2424 libri
652 2368 690 2426 de
712 2375 781 2427 arte
803 2369 931 2427 metrica
957 2385 1013 2445 pro
1038 2383 1169 2446 eaquae
1194 2367 1289 2428 adhue
1314 2348 1349 2427 ex
1371 2367 1520 2428 Parrhasii

215 2472 343 2534 editione
367 2478 526 2552 propagata
550 2469 710 2552 terebatur,
734 2474 772 2532 de
791 2475 919 2533 metrica
938 2463 1072 2551 ratione,
1096 2475 1222 2533 restitui.
1260 2490 1328 2533 nam
1347 2482 1377 2534 et
1395 2476 1426 2533 in
1445 2477 1518 2534 anti·

215 2557 366 2658 quissimis
376 2577 528 2639 codicibus
543 2579 583 2637 113
597 2580 759 2657 1333313133
774 2578 922 2657 legituret
936 2580 1000 2657 1333
1011 2577 1090 2638 Reda
1105 2578 1161 2639 hoe
1172 2582 1291 2639 nomine
1307 2578 1414 2640 librum
1430 2582 1518 2657 signi-

215 2686 312 2746 ficavit
335 2704 362 2764 p.
377 2681 478 2766 2364,
501 2688 556 2746 sed
576 2687 634 2747 hoc
659 2689 779 2747 interim
798 2694 901 2745 nostro
920 2689 1019 2762 operi,
1043 2688 1180 2761 33331313
1198 2693 1267 2745 arte
1286 2689 1413 2746 metrica
1433 2689 1517 2747 caedi·

215 2810 289 2867 mas,
312 2797 387 2852 satis
406 2811 470 2853 3333
485 2800 636 2869 patamns,
655 2791 820 2869 eodemque
839 2790 925 2851 modo
952 2792 982 2851 in
1001 2790 1099 2851 indice
1122 2790 1267 2851 librorum
1286 2809 1302 2849 3
1321 2809 1353 2850 33
1372 2791 1519 2853 editorum

215 2906 283 2978 post
302 2898 456 2959 historiam
478 2899 708 2959 ecclesiasticam
727 2917 752 2957 3.
767 2897 807 2957 lli
826 2918 853 2976 p.
869 2894 934 2960 316
958 2897 1003 2958 ed.
1023 2897 1087 2978 Gil,
1111 2899 1221 2958 libram
1241 2900 1278 2958 de
1299 2901 1520 2976 orthographia

215 3006 371 3081 3131133311
387 3007 496 3065 ordine
515 3008 697 3078 distinctam,
713 3008 782 3064 item
801 3006 911 3064 libram
926 3007 964 3066 de
982 3007 1109 3065 metrica
1126 3012 1194 3064 arte
1208 3011 1237 3064 31
1256 3007 1327 3064 hnic
1341 3007 1520 3066 adiunctam

215 3115 253 3173 de
274 3112 478 3172 schematibus
500 3114 562 3172 siae
585 3113 623 3173 de
650 3114 745 3187 tropis
773 3113 912 3171 libellam.
950 3110 1076 3171 alterum
1104 3109 1189 3191 illud,
1218 3110 1297 3189 quod
1325 3128 1404 3171 nunc
1432 3113 1518 3192 vulgo

215 3226 370 3296 receptum
399 3226 460 3297 est,
492 3218 523 3276 in
558 3214 675 3278 duobus
704 3216 853 3278 veteribus
886 3215 971 3277 libris
998 3219 1110 3297 133331,
1138 3215 1241 3277 codice
1268 3215 1403 3277 Parisino
1431 3216 1516 3280 4841

214 3325 329 3385 decimo
353 3323 471 3384 saeculo
495 3325 620 3403 scripto,
648 3316 752 3385 Bedae
775 3325 952 3401 presbyteri
979 3327 1018 3384 de
1040 3326 1168 3384 metrica
1196 3327 1330 3398 ratione,
1358 3333 1390 3384 et
1418 3325 1519 3385 codice

215 3431 395 3492 Bononiensi
415 3431 571 3491 undecimo
590 3430 708 3491 saeculo
728 3433 849 3510 scripto,
863 3433 971 3505 incipit
988 3433 1187 3506 canareaatio
1205 3431 1331 3492 Baedae
1346 3435 1521 3510 presbyteri

215 3541 254 3599 de
276 3540 404 3599 metrica
427 3540 548 3598 ratione
571 3540 710 3614 inprimis
734 3540 771 3598 de
794 3539 911 3597 litteris.

303 3644 405 3704 Restat
432 3651 467 3703 31
493 3643 529 3702 de
561 3645 675 3714 ratione
703 3642 772 3704 libri
799 3651 829 3703 31
856 3642 892 3702 de
921 3641 1093 3703 auctoribus
1120 3660 1195 3720 quos
1217 3641 1295 3702 Beda
1325 3653 1446 3705 secutus
1473 3656 1519 3706 est

214 3767 307 3830 pauca
335 3749 438 3809 dicam.
475 3751 579 3828 ineipit
606 3751 696 3828 igitur
715 3751 941 3810 institutionem
973 3766 1151 3809 emensum
1179 3748 1369 3831 syliabarum,
1396 3750 1433 3809 de
1460 3769 1517 3828 qua

215 3864 283 3935 post
301 3855 532 3934 disputationem
551 3854 587 3915 de
609 3856 717 3918 litteris
740 3858 884 3936 prooemii
908 3856 973 3916 loeo
992 3854 1061 3916 huie
1085 3858 1161 3935 parti
1184 3859 1383 3936 praepositam
1404 3866 1517 3936 septem

215 3961 362 4042 capitibus
381 3961 529 4023 disseruit.
554 3961 660 4022 deinde
680 3961 715 4022 de
735 3964 807 4041 ipsis
822 3964 925 4023 metris
944 3963 1130 4042 praecipiens
1144 3962 1295 4024 uberrime
1313 3963 1518 4025 hexametrum

216 4069 392 4150 dactylicum
416 4078 447 4130 et
470 4072 660 4131 coniunctum
686 4088 753 4130 cum
777 4088 812 4129 eo
836 4077 1055 4149 pentametrum
1079 4089 1197 4132 versum
1221 4073 1365 4131 tractavit.
1402 4070 1437 4130 ad
1464 4070 1517 4130 hos

216 4179 295 4237 enim
314 4195 417 4238 versus
436 4179 534 4237 omnia
554 4196 628 4256 qnae
647 4186 715 4257 post
733 4176 853 4237 brevem
872 4179 1088 4258 expositionem
1107 4177 1216 4257 pedum
1236 4179 1427 4238 metricorum
1447 4180 1518 4238 item

216 4292 330 4363 sepiem
350 4283 496 4364 capitibus
510 4287 620 4363 scripta
636 4292 706 4344 suut
720 4303 744 4343 c.
762 4280 891 4346 10-16
909 4286 1069 4364 333113331.
1103 4290 1270 4363 sequunhr
1289 4293 1402 4364 septem
1423 4288 1517 4364 capita

215 4390 251 4449 de
276 4389 452 4468 quibusdam
476 4398 639 4451 metrorum
669 4389 843 4470 generibus,
870 4388 979 4468 quibus
1002 4392 1185 4452 recentiores
1212 4398 1316 4469 333133
1340 4393 1371 4451 13
1394 4394 1517 4452 33311313

214 4508 245 4557 31
263 4498 380 4576 hymnis
398 4500 444 4557 usi
464 4507 542 4559 sunt.
579 4506 730 4578 postremo
749 4498 785 4558 de
805 4495 975 4558 discrimine
994 4496 1124 4577 rhythmi
1143 4505 1173 4558 et
1191 4484 1328 4558 metri'et
1347 4497 1383 4557 de
1402 4502 1517 4576 generi·

216 4602 271 4663 bus
295 4607 458 4664 carminum
481 4607 513 4665 in
536 4606 594 4665 tine
618 4603 686 4664 iibri
709 4602 826 4686 duobus
849 4602 995 4681 capitibus
1018 4603 1148 4664 breviter
1180 4603 1347 4682 disputarit.
1385 4624 1420 4664 ex
1444 4608 1517 4665 anti-

215 4708 371 4788 quioribus
389 4720 489 4770 autem
507 4713 706 4790 grammaticis
725 4729 800 4789 quos
819 4717 941 4771 secutus
961 4719 1006 4770 est
1024 4712 1088 4790 ipse
1106 4711 1268 4770 nominavit
1286 4709 1349 4792 bos,
1371 4711 1517 4771 Donatum

214 4823 329 4897 quater,
352 4835 380 4895 p.
404 4812 551 4878 2350113
576 4837 592 4877 3
616 4817 725 4896 1111333,
748 4836 776 4897 3.
801 4812 889 4877 2354
912 4816 948 4877 de
971 4815 1154 4896 liquentibus
1177 4816 1285 4879 litteris
1309 4827 1339 4881 et
1364 4819 1400 4879 de
1424 4819 1516 4879 333311
