3316 5474
606 380 654 432 nu
673 379 959 434 onrneannrma
1248 342 1252 347 ’
1394 375 1433 445 91

131 566 365 647 demonstretur,
385 566 455 644 quid
471 574 594 645 propter
609 586 787 628 eonsensum
803 566 926 627 aliorum
942 570 1199 645 grammaticorum
1216 571 1307 630 veteri
1323 570 1437 628 auctori

130 675 199 732 iure
223 673 365 734 vindicari
394 676 496 753 possit,
525 682 554 734 et
578 692 652 751 quae
677 676 720 733 vis
744 673 790 733 his
814 672 919 733 libellis
943 673 1101 734 tribuenda
1124 677 1163 734 sit
1186 674 1220 733 ad
1245 693 1277 734 ea
1303 694 1377 753 quae
1401 674 1437 734 ah

131 779 198 839 ahis
227 799 262 840 ex
291 780 340 840 illo
369 781 450 839 laute
478 779 607 840 derivata
638 790 707 840 suut
731 780 900 859 indaganda.
943 782 972 839 in
998 781 1126 841 editione
1150 790 1248 841 antem
1272 801 1306 841 ex
1332 800 1436 860 magno

130 904 257 946 numero
280 886 414 947 locorum
437 889 488 965 qui
512 886 571 947 huc
595 889 745 965 pertinent
768 906 820 948 eos
844 886 1001 965 adscripsi,
1030 890 1060 946 in
1086 888 1194 966 quihus
1218 908 1325 948 nomen
1350 888 1436 967 Capri

128 994 308 1073 appellatum
332 1001 378 1053 est
401 992 445 1053 vel
469 995 520 1072 qui
544 993 578 1053 ad
603 994 815 1054 emendandam
839 1003 870 1054 et
893 996 1130 1056 constituendam
1151 996 1307 1056 lectionem
1327 995 1435 1073 aliquid

128 1100 297 1172 conserunt,

219 1207 429 1268 Recentiorum
459 1215 557 1267 autem
587 1210 846 1286 grammaticorum
882 1209 991 1289 studia,
1024 1209 1133 1289 quibus
1166 1210 1232 1271 libri
1265 1213 1305 1270 ita
1333 1214 1437 1272 mutati

128 1322 214 1394 sunt,
251 1322 283 1374 ut
314 1314 470 1374 admodum
503 1332 595 1392 pauca
626 1333 661 1373 ex
693 1325 792 1375 vetere
823 1315 958 1376 ubertate
991 1316 1244 1396 relinquerentur,
1276 1336 1342 1377 cum
1374 1318 1438 1377 aliis

127 1421 247 1480 indiciis
271 1429 334 1480 turn
358 1440 393 1481 eo
417 1430 568 1501 apparent,
594 1422 672 1500 quod
697 1424 727 1482 in
747 1421 846 1481 libello
865 1421 901 1482 de
922 1421 1130 1501 orthographia
1151 1441 1238 1502 saepe
1258 1423 1437 1484 hexametris

127 1525 265 1587 uersibus
284 1527 424 1587 adstricta
445 1528 604 1589 traduntur
622 1536 787 1607 praecepta.
821 1529 898 1607 quod
919 1531 1033 1607 primus
1048 1528 1253 1590 Lachmannus
1275 1533 1303 1590 in
1319 1531 1436 1591 Lueret.

127 1653 155 1712 p.
181 1630 245 1694 357
275 1633 488 1694 animadvertit.
531 1653 709 1713 quamquam
739 1643 837 1695 autem
862 1633 999 1695 inlibris
1024 1653 1112 1696 manu
1136 1639 1257 1715 seriptis
1281 1639 1332 1714 qui
1356 1656 1436 1698 nune

128 1750 201 1801 sunt
224 1758 311 1802 omne
341 1740 397 1801 hoc
426 1759 567 1802 versuum
595 1743 752 1802 artilicium
782 1743 924 1802 omissum
954 1751 984 1802 et
1012 1761 1099 1821 saepe
1128 1745 1216 1803 etiam
1247 1747 1436 1825 transpositis

130 1846 176 1907 vel
200 1850 317 1906 omissis
342 1847 439 1907 verbis
459 1847 588 1908 deletum
608 1858 662 1922 est,
687 1858 785 1909 tamen
805 1851 926 1926 vestigia
946 1867 1140 1910 numerorum
1160 1853 1230 1911 satis
1249 1861 1330 1913 certa
1349 1855 1436 1913 etiam

130 1972 211 2013 nunc
235 1953 338 2014 relicta
361 1963 438 2014 sunt.
477 1974 492 2014 e
516 1954 625 2032 quibus
648 1955 721 2015 haec
746 1957 775 2014 in
805 1954 914 2034 quihus
937 1957 1046 2034 integri
1069 1974 1174 2016 versus
1198 1965 1249 2016 aut
1272 1959 1334 2036 ipsa
1358 1958 1436 2018 codi-

130 2079 201 2120 cum
224 2062 371 2140 scriptura
396 2063 503 2120 servati
528 2069 612 2121 erant
636 2069 686 2122 aut
718 2061 794 2120 lacili
819 2064 990 2123 coniectura
1014 2064 1133 2123 restitui
1152 2071 1290 2141 poterant
1309 2064 1344 2123 ad
1367 2084 1438 2125 suos

130 2186 273 2228 numeros
296 2171 443 2248 revocavi;
466 2171 496 2228 in
520 2167 592 2247 aliis,
616 2170 645 2226 in
670 2167 779 2245 quihus
803 2187 861 2228 uon
888 2171 984 2229 minus
1008 2178 1088 2229 certa
1112 2187 1306 2230 numerorum
1329 2170 1436 2232 indicia

130 2284 287 2354 apparent,
315 2273 366 2334 sed
398 2275 433 2335 ad
459 2294 562 2335 versus
586 2274 842 2335 reconcinuandos
866 2275 912 2335 vel
936 2275 1117 2354 supplendos
1141 2278 1251 2336 maiore
1275 2280 1437 2337 mutatione

130 2400 206 2461 opus
230 2381 294 2462 luit,
318 2381 453 2441 codicum
477 2382 635 2442 lectionem
659 2383 789 2441 retinere
814 2400 901 2459 quam
925 2384 1048 2442 incertis
1072 2384 1253 2443 coniecturis
1276 2387 1320 2444 uti
1340 2383 1436 2445 malui.

220 2488 305 2568 Apud
319 2491 526 2568 grammaticos
541 2488 691 2549 interioris
706 2491 810 2548 aetatis
825 2507 883 2548 non
903 2490 1002 2547 inveni
1022 2487 1128 2549 horum
1149 2488 1292 2550 librorum
1313 2493 1436 2551 mentio·

130 2613 199 2655 uem
223 2597 328 2656 laetam
352 2614 417 2655 esse
437 2602 504 2655 aute
523 2595 709 2676 Agroecium,
733 2597 783 2673 qui
803 2598 833 2654 in
853 2596 978 2674 epistula
998 2596 1033 2656 ad
1053 2595 1234 2656 Eucherium
1254 2599 1436 2675 episcopum,

130 2705 178 2762 cui
203 2720 290 2762 suum
313 2702 422 2762 librum
446 2702 600 2782 dedicarit,
624 2721 650 2781 p.
676 2699 764 2763 2265
787 2702 873 2781 Capri
897 2700 1028 2761 libellum
1052 2701 1088 2762 de
1112 2701 1321 2782 orthographia
1345 2702 1436 2763 abeo

130 2809 165 2868 ad
195 2827 227 2868 se
255 2810 379 2868 missum
407 2828 499 2887 seque
527 2827 561 2868 ea
576 2827 623 2871 re
653 2817 833 2869 commotum
862 2826 926 2868 esse
955 2816 989 2868 ut
1016 2807 1086 2868 huie
1114 2809 1258 2888 quaedam
1286 2810 1437 2871 adicienda

130 2915 281 2976 subiceret
305 2914 416 2976 scribit.
454 2914 634 2976 Eucherium
655 2925 754 2977 autem
774 2917 885 2975 scimus
903 2918 1075 2993 episcopum
1095 2914 1323 2994 Lugdunensem
1344 2917 1435 2978 luisse

130 3022 167 3082 ab
190 3040 267 3082 anno
290 3019 356 3082 432
380 3041 474 3101 usque
498 3021 534 3081 ad
558 3040 667 3081 annum
692 3022 754 3082 lere
773 3020 839 3082 450
862 3021 906 3081 vel
931 3018 1017 3111 452..
1038 3021 1079 3081 ad
1103 3022 1278 3101 Agroecium
1302 3024 1367 3084 data
1388 3034 1434 3084 est

130 3128 256 3208 epistula
275 3128 388 3189 Sidonii
407 3128 583 3208 Apollinaris
603 3128 652 3188 Vll
672 3126 693 3190 5
714 3139 787 3209 tum,
810 3147 877 3188 cum
897 3127 945 3187 ille
969 3128 1046 3207 apud
1067 3128 1255 3190 Senonenses
1278 3133 1436 3211 episcopus

130 3245 202 3295 erat.
243 3235 300 3295 hoc
326 3238 417 3314 igitur
445 3245 578 3314 tempore
608 3234 715 3294 librum
744 3238 773 3294 in
806 3234 881 3295 hane
905 3234 1030 3294 sormam
1053 3253 1128 3312 quae
1153 3235 1258 3295 deiude
1284 3236 1436 3297 codicibus

129 3349 288 3423 propagata
314 3350 358 3402 est
383 3341 535 3401 redactum
552 3360 625 3415 ,esse
649 3341 827 3420 putabimus.
866 3359 963 3420 neque
988 3340 1024 3400 ab
1048 3343 1142 3420 ipsius
1165 3342 1305 3403 Eucherii
1330 3343 1435 3404 studiis

130 3446 203 3508 illud
228 3449 379 3525 negotium
403 3448 532 3508 alienum
556 3449 625 3508 luit:
649 3450 679 3507 in
703 3447 808 3526 glossis
832 3447 952 3526 quidem
976 3447 1188 3527 componendis
1207 3458 1238 3509 et
1256 3449 1436 3529 explicandis

131 3573 201 3616 eum
216 3571 337 3634 operam
352 3553 512 3613 collocasse
536 3556 657 3635 scimus,
680 3555 717 3614 cl.
735 3553 816 3614 Pitra
836 3554 930 3633 spicil.
950 3554 1074 3615 Solesm.
1090 3574 1115 3614 v.
1130 3554 1170 3614 lll
1185 3557 1277 3635 prael.
1292 3577 1319 3637 p.
1335 3557 1435 3638 XVlll,

130 3661 236 3722 Loewe
260 3661 408 3742 prodrom.
432 3679 512 3739 corp.
536 3659 625 3739 gloss.
648 3660 695 3721 lat.
720 3681 747 3741 p.
769 3657 840 3722 170.
885 3661 919 3720 ad
945 3680 1036 3721 tinum
1061 3671 1159 3723 autem
1183 3662 1292 3725 librum
1316 3667 1367 3742 qui
1390 3673 1437 3724 est

130 3768 168 3828 de
187 3767 397 3847 orthographia
411 3786 445 3827 ea
464 3786 554 3846 opera
569 3767 752 3846 pertinebat:
773 3786 840 3828 nam
855 3767 934 3828 hunc
953 3767 1025 3828 dicit
1041 3768 1204 3847 Agroecins
1222 3770 1240 3830 l.
1256 3790 1290 3852 c,
1304 3772 1435 3832 libellum

133 3876 229 3952 Capri
251 3877 289 3936 de
311 3877 531 3963 orthographia
554 3879 663 3936 misisti
685 3878 767 3955 mihi,
790 3883 821 3934 et
839 3873 944 3934 deinde
964 3876 1036 3934 huic
1055 3894 1130 3952 erpa
1149 3879 1244 3954 Capri
1266 3881 1437 3953 libelloqui

129 3988 174 4042 est
198 3983 236 4041 de
259 3983 480 4057 orthographia
503 3989 532 4042 et
555 3985 593 4041 de
618 3986 809 4058 proprietate
831 4000 869 4042 ae
894 3983 1069 4056 differentia
1092 4002 1263 4046 sermonum
1286 3987 1436 4060 quaedam

129 4090 296 4149 adicienda
318 4088 442 4148 subiect.
480 4106 495 4146 a
514 4086 592 4147 Beda
617 4106 745 4169 quoque,
769 4090 820 4167 qui
844 4097 875 4149 et
898 4107 934 4148 ex
954 4088 1041 4168 Capri
1064 4099 1151 4150 etex
1176 4093 1312 4169 Agroecii
1335 4091 1435 4151 ortho-

129 4193 252 4274 graphia
276 4193 367 4255 multa
390 4196 421 4253 in
444 4212 531 4253 snum
556 4193 667 4255 librum
691 4197 817 4274 recepit,
847 4196 991 4254 minorem
1015 4194 1124 4257 hhrum
1147 4197 1184 4256 de
1208 4196 1306 4258 dubiis
1329 4197 1436 4277 verbis,

129 4301 186 4360 nisi
216 4318 263 4360 me
293 4298 366 4359 lallit
394 4303 548 4382 memoria,
579 4320 637 4362 non
666 4303 764 4361 inveni
794 4310 970 4381 usurpatum
999 4319 1073 4363 esse.
1114 4304 1193 4365 hunc
1222 4305 1313 4382 igitur
1341 4302 1434 4384 alteri,

129 4406 282 4484 aliquanto
301 4414 369 4483 post
388 4425 474 4485 quam
499 4409 524 4468 is
549 4410 579 4468 iu
602 4407 679 4468 hanc
703 4410 826 4469 lormam
850 4407 988 4468 redactus
1012 4421 1087 4489 erat,
1104 4409 1252 4470 adiectum
1271 4428 1337 4470 esse
1356 4410 1434 4471 dice-

129 4533 206 4594 mus,
229 4517 406 4593 praesertim
430 4534 498 4576 cum
521 4517 614 4576 multo
638 4517 731 4593 magis
754 4517 842 4575 etiam
866 4533 954 4593 quam
976 4515 1025 4575 ille
1049 4515 1124 4576 alter
1148 4515 1299 4576 mutilatus
1323 4518 1370 4579 sit.
