<?xml version="1.0" encoding="UTF-8"?>
<!DOCTYPE html PUBLIC "-//W3C//DTD XHTML 1.0 Transitional//EN"
    "http://www.w3.org/TR/xhtml1/DTD/xhtml1-transitional.dtd">
<html xmlns="http://www.w3.org/1999/xhtml" xml:lang="en" lang="en">
 <head>
  <title>
</title>
<meta http-equiv="Content-Type" content="text/html;charset=utf-8" />
  <meta name='ocr-system' content='tesseract 3.04.00' />
  <meta name='ocr-capabilities' content='ocr_page ocr_carea ocr_par ocr_line ocrx_word'/>
</head>
<body>
  <div class='ocr_page' id='page_1' title='image "./grammaticilatin00keilgoog_0331.png"; bbox 0 0 3316 5474; ppageno 0'>
   <div class='ocr_carea' id='block_1_1' title="bbox 242 366 1113 516">
    <p class='ocr_par' dir='ltr' id='par_1_1' title="bbox 242 366 1113 516">
     <span class='ocr_line' id='line_1_1' title="bbox 245 366 1113 431; baseline -0.009 0"><span class='ocrx_word' id='word_1_1' title='bbox 245 367 311 431; x_wconf 76' lang='grc'>312</span> <span class='ocrx_word' id='word_1_2' title='bbox 680 366 805 422; x_wconf 85' lang='lat' dir='ltr'>ALBINI</span> <span class='ocrx_word' id='word_1_3' title='bbox 824 366 1113 423; x_wconf 82' lang='lat' dir='ltr'><strong>ORTHOGRAPHIA</strong></span> 
     </span>
     <span class='ocr_line' id='line_1_2' title="bbox 242 467 425 516; baseline -0.022 -7"><span class='ocrx_word' id='word_1_4' title='bbox 242 480 264 516; x_wconf 78' lang='lat' dir='ltr'>p.</span> <span class='ocrx_word' id='word_1_5' title='bbox 279 467 388 509; x_wconf 76' lang='lat' dir='ltr'>asse—so</span> <span class='ocrx_word' id='word_1_6' title='bbox 401 467 425 506; x_wconf 79' lang='grc' dir='ltr'>Ρ.</span> 
     </span>
    </p>
   </div>
   <div class='ocr_carea' id='block_1_2' title="bbox 211 550 1641 2878">
    <p class='ocr_par' dir='ltr' id='par_1_2' title="bbox 242 550 1549 828">
     <span class='ocr_line' id='line_1_3' title="bbox 243 550 1549 633; baseline 0 -22"><span class='ocrx_word' id='word_1_7' title='bbox 243 563 289 612; x_wconf 92' lang='lat' dir='ltr'>est</span> <span class='ocrx_word' id='word_1_8' title='bbox 307 553 390 632; x_wconf 90' lang='lat' dir='ltr'>quasi</span> <span class='ocrx_word' id='word_1_9' title='bbox 410 550 513 611; x_wconf 83' lang='lat' dir='ltr'>valide.</span> <span class='ocrx_word' id='word_1_10' title='bbox 546 550 660 633; x_wconf 89' lang='lat' dir='ltr'>Velius,</span> <span class='ocrx_word' id='word_1_11' title='bbox 679 553 704 632; x_wconf 88' lang='lat' dir='ltr'>si</span> <span class='ocrx_word' id='word_1_12' title='bbox 724 552 819 611; x_wconf 88' lang='lat' dir='ltr'>lanam</span> <span class='ocrx_word' id='word_1_13' title='bbox 840 552 998 633; x_wconf 82' lang='lat' dir='ltr'>significat,</span> <span class='ocrx_word' id='word_1_14' title='bbox 1016 570 1071 632; x_wconf 89' lang='lat' dir='ltr'>per</span> <span class='ocrx_word' id='word_1_15' title='bbox 1085 571 1115 632; x_wconf 72' lang='lat' dir='ltr'>r,</span> <span class='ocrx_word' id='word_1_16' title='bbox 1135 553 1160 611; x_wconf 89' lang='lat' dir='ltr'>si</span> <span class='ocrx_word' id='word_1_17' title='bbox 1178 550 1283 632; x_wconf 89' lang='lat' dir='ltr'>bellus,</span> <span class='ocrx_word' id='word_1_18' title='bbox 1301 552 1331 611; x_wconf 95' lang='lat' dir='ltr'>id</span> <span class='ocrx_word' id='word_1_19' title='bbox 1351 560 1397 612; x_wconf 86' lang='lat' dir='ltr'>est</span> <span class='ocrx_word' id='word_1_20' title='bbox 1415 550 1549 632; x_wconf 79' lang='lat' dir='ltr'><strong>pulcher,</strong></span> 
     </span>
     <span class='ocr_line' id='line_1_4' title="bbox 242 647 1549 733; baseline 0.001 -24"><span class='ocrx_word' id='word_1_21' title='bbox 242 669 297 729; x_wconf 91' lang='lat' dir='ltr'>per</span> <span class='ocrx_word' id='word_1_22' title='bbox 320 649 339 708; x_wconf 94' lang='lat' dir='ltr'>b</span> <span class='ocrx_word' id='word_1_23' title='bbox 362 649 511 709; x_wconf 78' lang='lat' dir='ltr'><strong>scribitur.</strong></span> <span class='ocrx_word' id='word_1_24' title='bbox 559 647 616 709; x_wconf 89' lang='lat' dir='ltr'>Vcr</span> <span class='ocrx_word' id='word_1_25' title='bbox 638 657 669 708; x_wconf 88' lang='lat' dir='ltr'>et</span> <span class='ocrx_word' id='word_1_26' title='bbox 692 651 737 708; x_wconf 92' lang='lat' dir='ltr'>vir</span> <span class='ocrx_word' id='word_1_27' title='bbox 760 668 813 728; x_wconf 90' lang='lat' dir='ltr'>per</span> <span class='ocrx_word' id='word_1_28' title='bbox 836 669 853 708; x_wconf 94' lang='lat' dir='ltr'>v</span> <span class='ocrx_word' id='word_1_29' title='bbox 877 648 1033 733; x_wconf 83' lang='lat' dir='ltr'>scribenda</span> <span class='ocrx_word' id='word_1_30' title='bbox 1056 659 1135 709; x_wconf 88' lang='lat' dir='ltr'>sunt.</span> <span class='ocrx_word' id='word_1_31' title='bbox 1177 649 1228 710; x_wconf 94' lang='lat' dir='ltr'>Vei</span> <span class='ocrx_word' id='word_1_32' title='bbox 1252 652 1277 709; x_wconf 90' lang='lat' dir='ltr'>si</span> <span class='ocrx_word' id='word_1_33' title='bbox 1301 651 1471 710; x_wconf 82' lang='lat' dir='ltr'>coniunctio</span> <span class='ocrx_word' id='word_1_34' title='bbox 1495 660 1549 725; x_wconf 88' lang='lat' dir='ltr'>est,</span> 
     </span>
     <span class='ocr_line' id='line_1_5' title="bbox 242 746 1548 828; baseline 0.001 -21"><span class='ocrx_word' id='word_1_35' title='bbox 242 766 296 826; x_wconf 92' lang='lat' dir='ltr'>per</span> <span class='ocrx_word' id='word_1_36' title='bbox 319 767 349 826; x_wconf 88' lang='lat' dir='ltr'>v;</span> <span class='ocrx_word' id='word_1_37' title='bbox 378 749 402 806; x_wconf 91' lang='lat' dir='ltr'>si</span> <span class='ocrx_word' id='word_1_38' title='bbox 429 747 586 807; x_wconf 86' lang='lat' dir='ltr'>humorem</span> <span class='ocrx_word' id='word_1_39' title='bbox 615 746 772 825; x_wconf 74' lang='lat' dir='ltr'>significat,</span> <span class='ocrx_word' id='word_1_40' title='bbox 800 765 854 825; x_wconf 90' lang='lat' dir='ltr'>per</span> <span class='ocrx_word' id='word_1_41' title='bbox 883 748 908 828; x_wconf 80' lang='lat' dir='ltr'>l3</span> <span class='ocrx_word' id='word_1_42' title='bbox 936 749 962 808; x_wconf 92' lang='lat' dir='ltr'>si</span> <span class='ocrx_word' id='word_1_43' title='bbox 988 746 1113 827; x_wconf 90' lang='lat' dir='ltr'>idolum,</span> <span class='ocrx_word' id='word_1_44' title='bbox 1141 765 1195 826; x_wconf 90' lang='lat' dir='ltr'>per</span> <span class='ocrx_word' id='word_1_45' title='bbox 1222 747 1241 807; x_wconf 96' lang='lat' dir='ltr'>b</span> <span class='ocrx_word' id='word_1_46' title='bbox 1271 746 1462 808; x_wconf 89' lang='lat' dir='ltr'>scribendum</span> <span class='ocrx_word' id='word_1_47' title='bbox 1495 755 1548 809; x_wconf 87' lang='lat' dir='ltr'>est.</span> 
     </span>
    </p>

    <p class='ocr_par' dir='ltr' id='par_1_3' title="bbox 211 829 1641 2878">
     <span class='ocr_line' id='line_1_6' title="bbox 211 829 1641 926; baseline 0.003 -23"><span class='ocrx_word' id='word_1_48' title='bbox 211 878 215 887; x_wconf 92' lang='lat'>·</span> <span class='ocrx_word' id='word_1_49' title='bbox 243 843 316 926; x_wconf 92' lang='lat' dir='ltr'>Vos,</span> <span class='ocrx_word' id='word_1_50' title='bbox 340 847 364 904; x_wconf 92' lang='lat' dir='ltr'>si</span> <span class='ocrx_word' id='word_1_51' title='bbox 393 861 557 924; x_wconf 83' lang='lat' dir='ltr'><strong>pronomen</strong></span> <span class='ocrx_word' id='word_1_52' title='bbox 582 843 828 924; x_wconf 77' lang='lat' dir='ltr'>monosyllabum,</span> <span class='ocrx_word' id='word_1_53' title='bbox 855 862 909 923; x_wconf 91' lang='lat' dir='ltr'>per</span> <span class='ocrx_word' id='word_1_54' title='bbox 932 864 962 925; x_wconf 72' lang='lat' dir='ltr'>v,</span> <span class='ocrx_word' id='word_1_55' title='bbox 992 846 1016 904; x_wconf 95' lang='lat' dir='ltr'>si</span> <span class='ocrx_word' id='word_1_56' title='bbox 1041 843 1214 923; x_wconf 87' lang='lat' dir='ltr'>disyllabum</span> <span class='ocrx_word' id='word_1_57' title='bbox 1239 847 1309 925; x_wconf 92' lang='lat' dir='ltr'>erit,</span> <span class='ocrx_word' id='word_1_58' title='bbox 1338 847 1420 925; x_wconf 93' lang='lat' dir='ltr'>prior</span> <span class='ocrx_word' id='word_1_59' title='bbox 1439 846 1548 925; x_wconf 80' lang='lat' dir='ltr'>syllaba</span> <span class='ocrx_word' id='word_1_60' title='bbox 1635 829 1641 839; x_wconf 48' lang='lat'><strong>¹</strong></span> 
     </span>
     <span class='ocr_line' id='line_1_7' title="bbox 243 939 1588 1023; baseline 0.001 -20"><span class='ocrx_word' id='word_1_61' title='bbox 243 942 279 1003; x_wconf 90' lang='lat' dir='ltr'>ab</span> <span class='ocrx_word' id='word_1_62' title='bbox 307 961 337 1022; x_wconf 91' lang='lat' dir='ltr'>v,</span> <span class='ocrx_word' id='word_1_63' title='bbox 366 960 494 1021; x_wconf 89' lang='lat' dir='ltr'>sequens</span> <span class='ocrx_word' id='word_1_64' title='bbox 522 940 580 1000; x_wconf 96' lang='lat' dir='ltr'>ab</span> <span class='ocrx_word' id='word_1_65' title='bbox 609 943 727 1022; x_wconf 77' lang='lat' dir='ltr'><strong>incipit,</strong></span> <span class='ocrx_word' id='word_1_66' title='bbox 755 949 788 1001; x_wconf 87' lang='lat' dir='ltr'>ut</span> <span class='ocrx_word' id='word_1_67' title='bbox 815 939 911 1002; x_wconf 88' lang='lat' dir='ltr'>robis:</span> <span class='ocrx_word' id='word_1_68' title='bbox 940 943 966 1001; x_wconf 92' lang='lat' dir='ltr'>si</span> <span class='ocrx_word' id='word_1_69' title='bbox 993 941 1099 1001; x_wconf 91' lang='lat' dir='ltr'>animal</span> <span class='ocrx_word' id='word_1_70' title='bbox 1128 944 1284 1023; x_wconf 89' lang='lat' dir='ltr'>signilieat,</span> <span class='ocrx_word' id='word_1_71' title='bbox 1314 942 1548 1022; x_wconf 79' lang='lat' dir='ltr'>monosyllabum</span> <span class='ocrx_word' id='word_1_72' title='bbox 1575 960 1588 998; x_wconf 78' lang='lat'>⁵</span> 
     </span>
     <span class='ocr_line' id='line_1_8' title="bbox 242 1037 1550 1121; baseline 0.002 -21"><span class='ocrx_word' id='word_1_73' title='bbox 242 1060 296 1120; x_wconf 92' lang='lat' dir='ltr'>per</span> <span class='ocrx_word' id='word_1_74' title='bbox 315 1039 348 1121; x_wconf 88' lang='lat' dir='ltr'>b;</span> <span class='ocrx_word' id='word_1_75' title='bbox 372 1042 398 1100; x_wconf 92' lang='lat' dir='ltr'>si</span> <span class='ocrx_word' id='word_1_76' title='bbox 416 1038 604 1120; x_wconf 87' lang='lat' dir='ltr'>disyllabum,</span> <span class='ocrx_word' id='word_1_77' title='bbox 627 1040 710 1118; x_wconf 90' lang='lat' dir='ltr'>prior</span> <span class='ocrx_word' id='word_1_78' title='bbox 729 1037 837 1116; x_wconf 87' lang='lat' dir='ltr'>syllaba</span> <span class='ocrx_word' id='word_1_79' title='bbox 857 1058 873 1097; x_wconf 90' lang='lat' dir='ltr'>a</span> <span class='ocrx_word' id='word_1_80' title='bbox 892 1037 925 1119; x_wconf 92' lang='lat' dir='ltr'>b,</span> <span class='ocrx_word' id='word_1_81' title='bbox 949 1056 1078 1116; x_wconf 86' lang='lat' dir='ltr'>sequens</span> <span class='ocrx_word' id='word_1_82' title='bbox 1097 1037 1169 1097; x_wconf 87' lang='lat' dir='ltr'>abr</span> <span class='ocrx_word' id='word_1_83' title='bbox 1192 1042 1308 1120; x_wconf 82' lang='lat' dir='ltr'><strong>incipit,</strong></span> <span class='ocrx_word' id='word_1_84' title='bbox 1332 1048 1367 1100; x_wconf 90' lang='lat' dir='ltr'>ut</span> <span class='ocrx_word' id='word_1_85' title='bbox 1388 1040 1443 1101; x_wconf 88' lang='lat' dir='ltr'>bos</span> <span class='ocrx_word' id='word_1_86' title='bbox 1466 1040 1550 1102; x_wconf 89' lang='lat' dir='ltr'>boris</span> 
     </span>
     <span class='ocr_line' id='line_1_9' title="bbox 243 1135 1549 1219; baseline 0.001 -20"><span class='ocrx_word' id='word_1_87' title='bbox 243 1139 310 1200; x_wconf 93' lang='lat' dir='ltr'>bovi</span> <span class='ocrx_word' id='word_1_88' title='bbox 333 1138 406 1198; x_wconf 94' lang='lat' dir='ltr'>bove</span> <span class='ocrx_word' id='word_1_89' title='bbox 430 1136 485 1197; x_wconf 90' lang='lat' dir='ltr'>bos</span> <span class='ocrx_word' id='word_1_90' title='bbox 508 1155 524 1196; x_wconf 91' lang='lat' dir='ltr'>a</span> <span class='ocrx_word' id='word_1_91' title='bbox 547 1135 630 1197; x_wconf 91' lang='lat' dir='ltr'>bove.</span> <span class='ocrx_word' id='word_1_92' title='bbox 678 1135 786 1217; x_wconf 90' lang='lat' dir='ltr'>Verba,</span> <span class='ocrx_word' id='word_1_93' title='bbox 813 1139 896 1215; x_wconf 91' lang='lat' dir='ltr'>prior</span> <span class='ocrx_word' id='word_1_94' title='bbox 919 1135 1028 1216; x_wconf 90' lang='lat' dir='ltr'>syllaba</span> <span class='ocrx_word' id='word_1_95' title='bbox 1050 1136 1087 1196; x_wconf 95' lang='lat' dir='ltr'>ab</span> <span class='ocrx_word' id='word_1_96' title='bbox 1110 1156 1136 1217; x_wconf 91' lang='lat' dir='ltr'>v,</span> <span class='ocrx_word' id='word_1_97' title='bbox 1163 1140 1313 1216; x_wconf 83' lang='lat' dir='ltr'>posterior</span> <span class='ocrx_word' id='word_1_98' title='bbox 1335 1157 1351 1197; x_wconf 90' lang='lat' dir='ltr'>a</span> <span class='ocrx_word' id='word_1_99' title='bbox 1376 1137 1395 1197; x_wconf 90' lang='lat' dir='ltr'>b</span> <span class='ocrx_word' id='word_1_100' title='bbox 1419 1141 1549 1219; x_wconf 88' lang='lat' dir='ltr'>incipiat.</span> 
     </span>
     <span class='ocr_line' id='line_1_10' title="bbox 245 1220 1549 1315; baseline 0.002 -20"><span class='ocrx_word' id='word_1_101' title='bbox 245 1237 375 1298; x_wconf 88' lang='lat' dir='ltr'>Vlciscor</span> <span class='ocrx_word' id='word_1_102' title='bbox 395 1234 476 1296; x_wconf 89' lang='lat' dir='ltr'>ultus</span> <span class='ocrx_word' id='word_1_103' title='bbox 494 1253 561 1295; x_wconf 89' lang='lat' dir='ltr'>sum</span> <span class='ocrx_word' id='word_1_104' title='bbox 587 1235 664 1294; x_wconf 88' lang='lat' dir='ltr'>lacit.</span> <span class='ocrx_word' id='word_1_105' title='bbox 706 1233 777 1293; x_wconf 93' lang='lat' dir='ltr'>Volo</span> <span class='ocrx_word' id='word_1_106' title='bbox 801 1233 880 1293; x_wconf 90' lang='lat' dir='ltr'>volas</span> <span class='ocrx_word' id='word_1_107' title='bbox 903 1220 923 1293; x_wconf 89' lang='lat' dir='ltr'>a</span> <span class='ocrx_word' id='word_1_108' title='bbox 944 1233 1080 1315; x_wconf 92' lang='lat' dir='ltr'>volando,</span> <span class='ocrx_word' id='word_1_109' title='bbox 1104 1224 1445 1315; x_wconf 60' lang='lat' dir='ltr'>volobercenses,</span> <span class='ocrx_word' id='word_1_110' title='bbox 1469 1238 1549 1315; x_wconf 86' lang='lat' dir='ltr'>quod</span> 
     </span>
     <span class='ocr_line' id='line_1_11' title="bbox 243 1329 1549 1414; baseline 0 -19"><span class='ocrx_word' id='word_1_111' title='bbox 243 1337 455 1414; x_wconf 71' lang='lat' dir='ltr'>imperativum¹</span> <span class='ocrx_word' id='word_1_112' title='bbox 476 1331 649 1392; x_wconf 87' lang='lat' dir='ltr'>naturaliter</span> <span class='ocrx_word' id='word_1_113' title='bbox 679 1350 737 1391; x_wconf 92' lang='lat' dir='ltr'>non</span> <span class='ocrx_word' id='word_1_114' title='bbox 766 1329 868 1409; x_wconf 90' lang='lat' dir='ltr'>babet,</span> <span class='ocrx_word' id='word_1_115' title='bbox 896 1333 963 1409; x_wconf 87' lang='lat' dir='ltr'>quia</span> <span class='ocrx_word' id='word_1_116' title='bbox 992 1333 1135 1411; x_wconf 88' lang='lat' dir='ltr'>imperata</span> <span class='ocrx_word' id='word_1_117' title='bbox 1164 1334 1350 1392; x_wconf 73' lang='lat' dir='ltr'>necessitatis</span> <span class='ocrx_word' id='word_1_118' title='bbox 1376 1341 1460 1414; x_wconf 92' lang='lat' dir='ltr'>sunt,</span> <span class='ocrx_word' id='word_1_119' title='bbox 1489 1353 1549 1395; x_wconf 90' lang='lat' dir='ltr'>non</span> 
     </span>
     <span class='ocr_line' id='line_1_12' title="bbox 243 1427 1589 1510; baseline -0.005 -19"><span class='ocrx_word' id='word_1_120' title='bbox 243 1433 411 1493; x_wconf 83' lang='lat' dir='ltr'>voluntatis.</span> <span class='ocrx_word' id='word_1_121' title='bbox 457 1429 506 1490; x_wconf 91' lang='lat' dir='ltr'>Vis</span> <span class='ocrx_word' id='word_1_122' title='bbox 530 1429 679 1507; x_wconf 84' lang='lat' dir='ltr'>duplicem</span> <span class='ocrx_word' id='word_1_123' title='bbox 703 1429 947 1508; x_wconf 81' lang='lat' dir='ltr'>significationem</span> <span class='ocrx_word' id='word_1_124' title='bbox 971 1427 1072 1508; x_wconf 90' lang='lat' dir='ltr'>babet,</span> <span class='ocrx_word' id='word_1_125' title='bbox 1101 1438 1132 1490; x_wconf 87' lang='lat' dir='ltr'>et</span> <span class='ocrx_word' id='word_1_126' title='bbox 1154 1432 1272 1490; x_wconf 89' lang='lat' dir='ltr'>virtutis</span> <span class='ocrx_word' id='word_1_127' title='bbox 1295 1429 1445 1510; x_wconf 89' lang='lat' dir='ltr'>videlicet,</span> <span class='ocrx_word' id='word_1_128' title='bbox 1469 1433 1589 1510; x_wconf 90' lang='lat' dir='ltr'>quod1o</span> 
     </span>
     <span class='ocr_line' id='line_1_13' title="bbox 242 1521 1547 1610; baseline -0.001 -19"><span class='ocrx_word' id='word_1_129' title='bbox 242 1549 347 1610; x_wconf 86' lang='lat' dir='ltr'>graece</span> <span class='ocrx_word' id='word_1_130' title='bbox 371 1521 513 1606; x_wconf 76' lang='grc' dir='ltr'>δύναμις</span> <span class='ocrx_word' id='word_1_131' title='bbox 535 1527 654 1607; x_wconf 90' lang='lat' dir='ltr'>dicitur,</span> <span class='ocrx_word' id='word_1_132' title='bbox 682 1535 712 1586; x_wconf 93' lang='lat' dir='ltr'>et</span> <span class='ocrx_word' id='word_1_133' title='bbox 739 1525 908 1606; x_wconf 87' lang='lat' dir='ltr'>violentiae,</span> <span class='ocrx_word' id='word_1_134' title='bbox 940 1525 1018 1605; x_wconf 88' lang='lat' dir='ltr'>quod</span> <span class='ocrx_word' id='word_1_135' title='bbox 1046 1545 1152 1605; x_wconf 82' lang='lat' dir='ltr'>graece</span> <span class='ocrx_word' id='word_1_136' title='bbox 1176 1526 1233 1605; x_wconf 84' lang='grc' dir='ltr'>βία</span> <span class='ocrx_word' id='word_1_137' title='bbox 1255 1536 1386 1589; x_wconf 86' lang='lat' dir='ltr'>vocatur.</span> <span class='ocrx_word' id='word_1_138' title='bbox 1432 1527 1547 1590; x_wconf 85' lang='lat' dir='ltr'>Verber</span> 
     </span>
     <span class='ocr_line' id='line_1_14' title="bbox 242 1624 1549 1704; baseline 0 -18"><span class='ocrx_word' id='word_1_139' title='bbox 242 1631 304 1688; x_wconf 89' lang='lat' dir='ltr'>ovis</span> <span class='ocrx_word' id='word_1_140' title='bbox 328 1626 364 1689; x_wconf 94' lang='lat' dir='ltr'>ab</span> <span class='ocrx_word' id='word_1_141' title='bbox 389 1646 405 1685; x_wconf 93' lang='lat' dir='ltr'>v</span> <span class='ocrx_word' id='word_1_142' title='bbox 432 1625 631 1704; x_wconf 89' lang='lat' dir='ltr'>incipiendum</span> <span class='ocrx_word' id='word_1_143' title='bbox 656 1634 703 1686; x_wconf 89' lang='lat' dir='ltr'>est</span> <span class='ocrx_word' id='word_1_144' title='bbox 726 1634 756 1684; x_wconf 88' lang='lat' dir='ltr'>et</span> <span class='ocrx_word' id='word_1_145' title='bbox 779 1625 850 1684; x_wconf 91' lang='lat' dir='ltr'>iacit</span> <span class='ocrx_word' id='word_1_146' title='bbox 871 1625 1041 1703; x_wconf 76' lang='lat' dir='ltr'>genetivum</span> <span class='ocrx_word' id='word_1_147' title='bbox 1065 1624 1198 1685; x_wconf 86' lang='lat' dir='ltr'>verbecis</span> <span class='ocrx_word' id='word_1_148' title='bbox 1221 1624 1307 1703; x_wconf 86' lang='lat' dir='ltr'>longa</span> <span class='ocrx_word' id='word_1_149' title='bbox 1331 1627 1395 1685; x_wconf 90' lang='lat' dir='ltr'>cin</span> <span class='ocrx_word' id='word_1_150' title='bbox 1418 1628 1549 1688; x_wconf 88' lang='lat' dir='ltr'>secunda</span> 
     </span>
     <span class='ocr_line' id='line_1_15' title="bbox 242 1720 1550 1806; baseline 0.001 -22"><span class='ocrx_word' id='word_1_151' title='bbox 242 1724 364 1806; x_wconf 87' lang='lat' dir='ltr'>syllaba,</span> <span class='ocrx_word' id='word_1_152' title='bbox 388 1724 457 1785; x_wconf 92' lang='lat' dir='ltr'>dum</span> <span class='ocrx_word' id='word_1_153' title='bbox 482 1734 582 1785; x_wconf 87' lang='lat' dir='ltr'>vertex</span> <span class='ocrx_word' id='word_1_154' title='bbox 607 1733 709 1784; x_wconf 79' lang='lat' dir='ltr'>corten</span> <span class='ocrx_word' id='word_1_155' title='bbox 729 1722 821 1783; x_wconf 82' lang='lat' dir='ltr'>codex</span> <span class='ocrx_word' id='word_1_156' title='bbox 845 1724 855 1782; x_wconf 96' lang='lat' dir='ltr'>i</span> <span class='ocrx_word' id='word_1_157' title='bbox 878 1721 999 1782; x_wconf 89' lang='lat' dir='ltr'>brevem</span> <span class='ocrx_word' id='word_1_158' title='bbox 1022 1721 1133 1782; x_wconf 84' lang='lat' dir='ltr'>liabent</span> <span class='ocrx_word' id='word_1_159' title='bbox 1155 1725 1185 1782; x_wconf 94' lang='lat' dir='ltr'>in</span> <span class='ocrx_word' id='word_1_160' title='bbox 1209 1720 1336 1800; x_wconf 91' lang='lat' dir='ltr'>obliquis</span> <span class='ocrx_word' id='word_1_161' title='bbox 1360 1723 1492 1804; x_wconf 87' lang='lat' dir='ltr'>casibus,</span> <span class='ocrx_word' id='word_1_162' title='bbox 1516 1735 1550 1785; x_wconf 91' lang='lat' dir='ltr'>ut</span> 
     </span>
     <span class='ocr_line' id='line_1_16' title="bbox 242 1817 1548 1902; baseline 0 -21"><span class='ocrx_word' id='word_1_163' title='bbox 242 1824 362 1882; x_wconf 80' lang='lat' dir='ltr'>verticis</span> <span class='ocrx_word' id='word_1_164' title='bbox 388 1818 392 1902; x_wconf 91' lang='grc' dir='ltr'>Ι</span> <span class='ocrx_word' id='word_1_165' title='bbox 418 1825 538 1883; x_wconf 88' lang='lat' dir='ltr'>corticis</span> <span class='ocrx_word' id='word_1_166' title='bbox 569 1817 680 1883; x_wconf 90' lang='lat' dir='ltr'>codicis</span> <span class='ocrx_word' id='word_1_167' title='bbox 709 1830 739 1881; x_wconf 90' lang='lat' dir='ltr'>et</span> <span class='ocrx_word' id='word_1_168' title='bbox 766 1828 865 1881; x_wconf 88' lang='lat' dir='ltr'>cetera</span> <span class='ocrx_word' id='word_1_169' title='bbox 893 1819 968 1881; x_wconf 91' lang='lat' dir='ltr'>talia.</span> <span class='ocrx_word' id='word_1_170' title='bbox 1018 1820 1147 1881; x_wconf 89' lang='lat' dir='ltr'>Vlterior</span> <span class='ocrx_word' id='word_1_171' title='bbox 1176 1830 1206 1880; x_wconf 90' lang='lat' dir='ltr'>et</span> <span class='ocrx_word' id='word_1_172' title='bbox 1233 1819 1355 1879; x_wconf 91' lang='lat' dir='ltr'>ultimus</span> <span class='ocrx_word' id='word_1_173' title='bbox 1387 1822 1548 1900; x_wconf 89' lang='lat' dir='ltr'>positivum</span> 
     </span>
     <span class='ocr_line' id='line_1_17' title="bbox 241 1916 1591 1998; baseline -0.005 -19"><span class='ocrx_word' id='word_1_174' title='bbox 241 1919 364 1998; x_wconf 88' lang='lat' dir='ltr'>gradum</span> <span class='ocrx_word' id='word_1_175' title='bbox 386 1938 443 1980; x_wconf 92' lang='lat' dir='ltr'>non</span> <span class='ocrx_word' id='word_1_176' title='bbox 464 1918 583 1980; x_wconf 90' lang='lat' dir='ltr'>babent.</span> <span class='ocrx_word' id='word_1_177' title='bbox 619 1918 748 1979; x_wconf 90' lang='lat' dir='ltr'>Veniunt</span> <span class='ocrx_word' id='word_1_178' title='bbox 767 1920 818 1996; x_wconf 89' lang='lat' dir='ltr'>qui</span> <span class='ocrx_word' id='word_1_179' title='bbox 837 1917 981 1992; x_wconf 89' lang='lat' dir='ltr'>vendunt,</span> <span class='ocrx_word' id='word_1_180' title='bbox 1006 1927 1135 1978; x_wconf 89' lang='lat' dir='ltr'>veneunt</span> <span class='ocrx_word' id='word_1_181' title='bbox 1154 1918 1204 1995; x_wconf 91' lang='lat' dir='ltr'>qui</span> <span class='ocrx_word' id='word_1_182' title='bbox 1224 1916 1401 1977; x_wconf 86' lang='lat' dir='ltr'>venduntur.</span> <span class='ocrx_word' id='word_1_183' title='bbox 1434 1917 1548 1979; x_wconf 89' lang='lat' dir='ltr'>Veloci·</span> <span class='ocrx_word' id='word_1_184' title='bbox 1565 1935 1591 1973; x_wconf 83' lang='lat'>15</span> 
     </span>
     <span class='ocr_line' id='line_1_18' title="bbox 241 2012 1548 2096; baseline 0.002 -22"><span class='ocrx_word' id='word_1_185' title='bbox 241 2022 287 2075; x_wconf 90' lang='lat' dir='ltr'>tas</span> <span class='ocrx_word' id='word_1_186' title='bbox 306 2016 414 2094; x_wconf 86' lang='lat' dir='ltr'>pedum</span> <span class='ocrx_word' id='word_1_187' title='bbox 433 2025 463 2076; x_wconf 89' lang='lat' dir='ltr'>et</span> <span class='ocrx_word' id='word_1_188' title='bbox 482 2034 651 2096; x_wconf 92' lang='lat' dir='ltr'>corporum,</span> <span class='ocrx_word' id='word_1_189' title='bbox 671 2017 807 2076; x_wconf 87' lang='lat' dir='ltr'>celeritas</span> <span class='ocrx_word' id='word_1_190' title='bbox 826 2015 991 2075; x_wconf 90' lang='lat' dir='ltr'>animorum</span> <span class='ocrx_word' id='word_1_191' title='bbox 1011 2024 1041 2077; x_wconf 90' lang='lat' dir='ltr'>et</span> <span class='ocrx_word' id='word_1_192' title='bbox 1060 2017 1213 2077; x_wconf 87' lang='lat' dir='ltr'>laetorum.</span> <span class='ocrx_word' id='word_1_193' title='bbox 1247 2012 1335 2073; x_wconf 90' lang='lat' dir='ltr'>Vicus</span> <span class='ocrx_word' id='word_1_194' title='bbox 1354 2014 1431 2092; x_wconf 85' lang='lat' dir='ltr'>quod</span> <span class='ocrx_word' id='word_1_195' title='bbox 1452 2018 1548 2076; x_wconf 87' lang='lat' dir='ltr'>nasci·</span> 
     </span>
     <span class='ocr_line' id='line_1_19' title="bbox 243 2103 1548 2196; baseline 0.001 -25"><span class='ocrx_word' id='word_1_196' title='bbox 243 2121 302 2193; x_wconf 91' lang='lat' dir='ltr'>tur,</span> <span class='ocrx_word' id='word_1_197' title='bbox 321 2113 426 2174; x_wconf 89' lang='lat' dir='ltr'>vulnus</span> <span class='ocrx_word' id='word_1_198' title='bbox 446 2114 523 2192; x_wconf 87' lang='lat' dir='ltr'>quod</span> <span class='ocrx_word' id='word_1_199' title='bbox 544 2133 597 2192; x_wconf 89' lang='lat' dir='ltr'>per</span> <span class='ocrx_word' id='word_1_200' title='bbox 612 2114 700 2174; x_wconf 90' lang='lat' dir='ltr'>alium</span> <span class='ocrx_word' id='word_1_201' title='bbox 720 2114 760 2173; x_wconf 84' lang='lat' dir='ltr'>nt.</span> <span class='ocrx_word' id='word_1_202' title='bbox 788 2111 893 2192; x_wconf 90' lang='lat' dir='ltr'>Vrgeo,</span> <span class='ocrx_word' id='word_1_203' title='bbox 913 2131 971 2173; x_wconf 92' lang='lat' dir='ltr'>nou</span> <span class='ocrx_word' id='word_1_204' title='bbox 986 2132 1114 2193; x_wconf 91' lang='lat' dir='ltr'>urgueo,</span> <span class='ocrx_word' id='word_1_205' title='bbox 1133 2112 1280 2191; x_wconf 90' lang='lat' dir='ltr'>Vergilius</span> <span class='ocrx_word' id='word_1_206' title='bbox 1295 2103 1384 2192; x_wconf 83' lang='lat' dir='ltr'>(Aen.</span> <span class='ocrx_word' id='word_1_207' title='bbox 1407 2113 1450 2172; x_wconf 85' lang='lat' dir='ltr'>VI</span> <span class='ocrx_word' id='word_1_208' title='bbox 1460 2109 1548 2196; x_wconf 80' lang='lat'>560)</span> 
     </span>
     <span class='ocr_line' id='line_1_20' title="bbox 247 2204 1547 2292; baseline 0.002 -23"><span class='ocrx_word' id='word_1_209' title='bbox 247 2204 394 2287; x_wconf 74' lang='lat' dir='ltr'>‘q&#39;uibus</span> <span class='ocrx_word' id='word_1_210' title='bbox 418 2220 594 2290; x_wconf 90' lang='lat' dir='ltr'>urgentur</span> <span class='ocrx_word' id='word_1_211' title='bbox 617 2205 774 2291; x_wconf 91' lang='lat' dir='ltr'>poenae&#39;,</span> <span class='ocrx_word' id='word_1_212' title='bbox 797 2228 875 2288; x_wconf 89' lang='lat' dir='ltr'>ungo</span> <span class='ocrx_word' id='word_1_213' title='bbox 900 2213 983 2292; x_wconf 82' lang='lat' dir='ltr'>unxi,</span> <span class='ocrx_word' id='word_1_214' title='bbox 1007 2230 1066 2291; x_wconf 87' lang='lat' dir='ltr'>quo</span> <span class='ocrx_word' id='word_1_215' title='bbox 1091 2212 1177 2271; x_wconf 91' lang='lat' dir='ltr'>modo</span> <span class='ocrx_word' id='word_1_216' title='bbox 1201 2213 1290 2290; x_wconf 92' lang='lat' dir='ltr'>pingo</span> <span class='ocrx_word' id='word_1_217' title='bbox 1313 2210 1408 2289; x_wconf 82' lang='lat' dir='ltr'>pinxi,</span> <span class='ocrx_word' id='word_1_218' title='bbox 1431 2220 1547 2271; x_wconf 91' lang='lat' dir='ltr'>utrum-</span> 
     </span>
     <span class='ocr_line' id='line_1_21' title="bbox 244 2302 1548 2392; baseline -0.001 -25"><span class='ocrx_word' id='word_1_219' title='bbox 244 2326 301 2386; x_wconf 88' lang='lat' dir='ltr'>que</span> <span class='ocrx_word' id='word_1_220' title='bbox 318 2310 380 2367; x_wconf 88' lang='lat' dir='ltr'>sinc</span> <span class='ocrx_word' id='word_1_221' title='bbox 400 2328 433 2388; x_wconf 83' lang='lat' dir='ltr'>u3</span> <span class='ocrx_word' id='word_1_222' title='bbox 453 2317 581 2368; x_wconf 85' lang='lat' dir='ltr'>attamen</span> <span class='ocrx_word' id='word_1_223' title='bbox 601 2308 635 2367; x_wconf 92' lang='lat' dir='ltr'>ad</span> <span class='ocrx_word' id='word_1_224' title='bbox 656 2327 764 2368; x_wconf 89' lang='lat' dir='ltr'>nomen</span> <span class='ocrx_word' id='word_1_225' title='bbox 783 2307 976 2368; x_wconf 88' lang='lat' dir='ltr'>derivativum</span> <span class='ocrx_word' id='word_1_226' title='bbox 996 2309 1085 2389; x_wconf 88' lang='lat' dir='ltr'>addit,</span> <span class='ocrx_word' id='word_1_227' title='bbox 1103 2318 1137 2369; x_wconf 94' lang='lat' dir='ltr'>nt</span> <span class='ocrx_word' id='word_1_228' title='bbox 1152 2302 1261 2390; x_wconf 69' lang='lat' dir='ltr'>(Vero.</span> <span class='ocrx_word' id='word_1_229' title='bbox 1274 2326 1379 2382; x_wconf 71' lang='lat' dir='ltr'>georg.</span> <span class='ocrx_word' id='word_1_230' title='bbox 1395 2303 1548 2392; x_wconf 78' lang='grc'><em>111450)</em></span> 
     </span>
     <span class='ocr_line' id='line_1_22' title="bbox 244 2399 1591 2486; baseline -0.003 -21"><span class='ocrx_word' id='word_1_231' title='bbox 244 2399 408 2484; x_wconf 74' lang='lat' dir='ltr'>‘pinguis</span> <span class='ocrx_word' id='word_1_232' title='bbox 427 2402 610 2484; x_wconf 86' lang='lat' dir='ltr'>unguine&#39;.</span> <span class='ocrx_word' id='word_1_233' title='bbox 631 2403 635 2486; x_wconf 83' lang='grc' dir='ltr'>Ι</span> <span class='ocrx_word' id='word_1_234' title='bbox 656 2407 745 2467; x_wconf 88' lang='lat' dir='ltr'>Vulva</span> <span class='ocrx_word' id='word_1_235' title='bbox 765 2407 856 2467; x_wconf 90' lang='lat' dir='ltr'>malva</span> <span class='ocrx_word' id='word_1_236' title='bbox 877 2408 949 2467; x_wconf 91' lang='lat' dir='ltr'>stiva</span> <span class='ocrx_word' id='word_1_237' title='bbox 968 2424 1054 2486; x_wconf 87' lang='lat' dir='ltr'>perv</span> <span class='ocrx_word' id='word_1_238' title='bbox 1073 2407 1138 2468; x_wconf 89' lang='lat' dir='ltr'>iooo</span> <span class='ocrx_word' id='word_1_239' title='bbox 1153 2409 1344 2468; x_wconf 90' lang='lat' dir='ltr'>consonantis</span> <span class='ocrx_word' id='word_1_240' title='bbox 1363 2405 1547 2468; x_wconf 89' lang='lat' dir='ltr'>scribuntur.</span> <span class='ocrx_word' id='word_1_241' title='bbox 1562 2423 1591 2461; x_wconf 75' lang='lat' dir='ltr'>eo</span> 
     </span>
     <span class='ocr_line' id='line_1_23' title="bbox 243 2494 1546 2585; baseline 0.004 -25"><span class='ocrx_word' id='word_1_242' title='bbox 243 2502 299 2563; x_wconf 91' lang='lat' dir='ltr'>Vas</span> <span class='ocrx_word' id='word_1_243' title='bbox 323 2503 403 2563; x_wconf 90' lang='lat' dir='ltr'>vadis</span> <span class='ocrx_word' id='word_1_244' title='bbox 426 2502 463 2563; x_wconf 90' lang='lat' dir='ltr'>de</span> <span class='ocrx_word' id='word_1_245' title='bbox 480 2494 589 2564; x_wconf 53' lang='lat' dir='ltr'>&#39;fenore</span> <span class='ocrx_word' id='word_1_246' title='bbox 613 2523 721 2583; x_wconf 83' lang='lat' dir='ltr'>genere</span> <span class='ocrx_word' id='word_1_247' title='bbox 746 2504 921 2584; x_wconf 88' lang='lat' dir='ltr'>masculino,</span> <span class='ocrx_word' id='word_1_248' title='bbox 944 2522 995 2564; x_wconf 91' lang='lat' dir='ltr'>vas</span> <span class='ocrx_word' id='word_1_249' title='bbox 1018 2507 1095 2564; x_wconf 88' lang='lat' dir='ltr'>vasis</span> <span class='ocrx_word' id='word_1_250' title='bbox 1119 2505 1155 2564; x_wconf 90' lang='lat' dir='ltr'>de</span> <span class='ocrx_word' id='word_1_251' title='bbox 1179 2504 1297 2564; x_wconf 86' lang='lat' dir='ltr'>vasculo</span> <span class='ocrx_word' id='word_1_252' title='bbox 1321 2513 1441 2585; x_wconf 90' lang='lat' dir='ltr'>neutro,</span> <span class='ocrx_word' id='word_1_253' title='bbox 1464 2512 1546 2565; x_wconf 88' lang='lat' dir='ltr'>utra·</span> 
     </span>
     <span class='ocr_line' id='line_1_24' title="bbox 243 2601 1548 2683; baseline 0.001 -21"><span class='ocrx_word' id='word_1_254' title='bbox 243 2621 300 2680; x_wconf 90' lang='lat' dir='ltr'>que</span> <span class='ocrx_word' id='word_1_255' title='bbox 319 2620 373 2681; x_wconf 89' lang='lat' dir='ltr'>per</span> <span class='ocrx_word' id='word_1_256' title='bbox 392 2621 423 2683; x_wconf 82' lang='lat' dir='ltr'>v3</span> <span class='ocrx_word' id='word_1_257' title='bbox 447 2602 490 2662; x_wconf 85' lang='lat' dir='ltr'>ias</span> <span class='ocrx_word' id='word_1_258' title='bbox 509 2622 564 2682; x_wconf 91' lang='lat' dir='ltr'>per</span> <span class='ocrx_word' id='word_1_259' title='bbox 583 2603 597 2663; x_wconf 89' lang='lat' dir='ltr'>i</span> <span class='ocrx_word' id='word_1_260' title='bbox 617 2601 835 2682; x_wconf 91' lang='lat' dir='ltr'>indeclinabile,</span> <span class='ocrx_word' id='word_1_261' title='bbox 858 2601 936 2662; x_wconf 89' lang='lat' dir='ltr'>unde</span> <span class='ocrx_word' id='word_1_262' title='bbox 956 2603 1024 2663; x_wconf 89' lang='lat' dir='ltr'>lasti</span> <span class='ocrx_word' id='word_1_263' title='bbox 1043 2602 1121 2682; x_wconf 91' lang='lat' dir='ltr'>dies,</span> <span class='ocrx_word' id='word_1_264' title='bbox 1139 2601 1248 2680; x_wconf 91' lang='lat' dir='ltr'>quibus</span> <span class='ocrx_word' id='word_1_265' title='bbox 1268 2604 1314 2661; x_wconf 89' lang='lat' dir='ltr'>ius</span> <span class='ocrx_word' id='word_1_266' title='bbox 1334 2602 1420 2663; x_wconf 87' lang='lat' dir='ltr'>latur.</span> <span class='ocrx_word' id='word_1_267' title='bbox 1453 2601 1548 2663; x_wconf 87' lang='lat' dir='ltr'>Vilius</span> 
     </span>
     <span class='ocr_line' id='line_1_25' title="bbox 243 2698 1547 2780; baseline 0.004 -22"><span class='ocrx_word' id='word_1_268' title='bbox 243 2708 289 2759; x_wconf 89' lang='lat' dir='ltr'>est</span> <span class='ocrx_word' id='word_1_269' title='bbox 302 2702 483 2780; x_wconf 88' lang='lat' dir='ltr'>vestimenti,</span> <span class='ocrx_word' id='word_1_270' title='bbox 498 2699 562 2759; x_wconf 83' lang='lat' dir='ltr'>villa</span> <span class='ocrx_word' id='word_1_271' title='bbox 577 2701 735 2779; x_wconf 87' lang='lat' dir='ltr'>possessio.</span> <span class='ocrx_word' id='word_1_272' title='bbox 764 2698 874 2779; x_wconf 85' lang='lat' dir='ltr'>Vesper</span> <span class='ocrx_word' id='word_1_273' title='bbox 888 2701 995 2760; x_wconf 91' lang='lat' dir='ltr'>incerti</span> <span class='ocrx_word' id='word_1_274' title='bbox 1010 2702 1129 2778; x_wconf 88' lang='lat' dir='ltr'>generis</span> <span class='ocrx_word' id='word_1_275' title='bbox 1144 2708 1203 2780; x_wconf 87' lang='lat' dir='ltr'>est,</span> <span class='ocrx_word' id='word_1_276' title='bbox 1222 2709 1255 2760; x_wconf 92' lang='lat' dir='ltr'>ut</span> <span class='ocrx_word' id='word_1_277' title='bbox 1268 2700 1421 2761; x_wconf 84' lang='lat' dir='ltr'>Prisciano</span> <span class='ocrx_word' id='word_1_278' title='bbox 1434 2698 1547 2778; x_wconf 82' lang='lat' dir='ltr'>placet:</span> 
     </span>
     <span class='ocr_line' id='line_1_26' title="bbox 242 2792 1471 2878; baseline 0.001 -22"><span class='ocrx_word' id='word_1_279' title='bbox 242 2795 308 2856; x_wconf 91' lang='lat' dir='ltr'>ideo</span> <span class='ocrx_word' id='word_1_280' title='bbox 332 2797 509 2874; x_wconf 90' lang='lat' dir='ltr'>evangelista</span> <span class='ocrx_word' id='word_1_281' title='bbox 533 2797 606 2857; x_wconf 84' lang='lat' dir='ltr'>dixit</span> <span class='ocrx_word' id='word_1_282' title='bbox 630 2792 795 2877; x_wconf 78' lang='lat' dir='ltr'>‘vespere</span> <span class='ocrx_word' id='word_1_283' title='bbox 819 2816 908 2876; x_wconf 89' lang='lat' dir='ltr'>quae</span> <span class='ocrx_word' id='word_1_284' title='bbox 932 2797 1089 2858; x_wconf 90' lang='lat' dir='ltr'>lucescit</span> <span class='ocrx_word' id='word_1_285' title='bbox 1111 2800 1146 2858; x_wconf 95' lang='lat' dir='ltr'>in</span> <span class='ocrx_word' id='word_1_286' title='bbox 1166 2800 1280 2878; x_wconf 89' lang='lat' dir='ltr'>prima</span> <span class='ocrx_word' id='word_1_287' title='bbox 1305 2792 1471 2857; x_wconf 89' lang='lat' dir='ltr'>sabbati&#39;.</span> 
     </span>
    </p>
   </div>
   <div class='ocr_carea' id='block_1_3' title="bbox 238 2967 1552 3687">
    <p class='ocr_par' dir='ltr' id='par_1_4' title="bbox 238 2967 1552 3687">
     <span class='ocr_line' id='line_1_27' title="bbox 330 2967 1475 3038; baseline 0 -16"><span class='ocrx_word' id='word_1_288' title='bbox 330 2975 346 3022; x_wconf 78' lang='lat'>2</span> <span class='ocrx_word' id='word_1_289' title='bbox 370 2986 420 3023; x_wconf 90' lang='lat' dir='ltr'>uer</span> <span class='ocrx_word' id='word_1_290' title='bbox 437 2971 467 3023; x_wconf 82' lang='lat' dir='ltr'>et</span> <span class='ocrx_word' id='word_1_291' title='bbox 484 2968 528 3022; x_wconf 88' lang='lat' dir='ltr'>uir</span> <span class='ocrx_word' id='word_1_292' title='bbox 550 2985 600 3038; x_wconf 90' lang='lat' dir='ltr'>per</span> <span class='ocrx_word' id='word_1_293' title='bbox 617 2987 638 3022; x_wconf 91' lang='grc' dir='ltr'>ιι</span> <span class='ocrx_word' id='word_1_294' title='bbox 655 2968 801 3023; x_wconf 81' lang='lat' dir='ltr'>scribendo</span> <span class='ocrx_word' id='word_1_295' title='bbox 819 2969 885 3022; x_wconf 79' lang='lat' dir='ltr'>euni</span> <span class='ocrx_word' id='word_1_296' title='bbox 903 2967 971 3037; x_wconf 84' lang='lat' dir='ltr'>pM</span> <span class='ocrx_word' id='word_1_297' title='bbox 989 2970 1102 3022; x_wconf 79' lang='lat' dir='ltr'>uerebor</span> <span class='ocrx_word' id='word_1_298' title='bbox 1124 2984 1174 3038; x_wconf 88' lang='lat' dir='ltr'>per</span> <span class='ocrx_word' id='word_1_299' title='bbox 1193 2986 1211 3022; x_wconf 90' lang='lat' dir='ltr'>u</span> <span class='ocrx_word' id='word_1_300' title='bbox 1233 2968 1314 3025; x_wconf 87' lang='lat' dir='ltr'>scrib.</span> <span class='ocrx_word' id='word_1_301' title='bbox 1333 2967 1475 3022; x_wconf 83' lang='lat' dir='ltr'>diciturS</span> 
     </span>
     <span class='ocr_line' id='line_1_28' title="bbox 242 3047 1549 3118; baseline 0.002 -17"><span class='ocrx_word' id='word_1_302' title='bbox 242 3048 421 3103; x_wconf 86' lang='lat' dir='ltr'>3humorem</span> <span class='ocrx_word' id='word_1_303' title='bbox 436 3047 504 3117; x_wconf 64' lang='grc' dir='ltr'>ΡΜ</span> <span class='ocrx_word' id='word_1_304' title='bbox 518 3048 705 3103; x_wconf 88' lang='lat' dir='ltr'>humerumS</span> <span class='ocrx_word' id='word_1_305' title='bbox 768 3047 901 3118; x_wconf 80' lang='lat' dir='ltr'>tverbo]</span> <span class='ocrx_word' id='word_1_306' title='bbox 920 3048 1039 3103; x_wconf 84' lang='lat' dir='ltr'>uerbera</span> <span class='ocrx_word' id='word_1_307' title='bbox 1057 3048 1094 3101; x_wconf 91' lang='lat' dir='ltr'><strong><em>M</em></strong></span> <span class='ocrx_word' id='word_1_308' title='bbox 1156 3056 1188 3104; x_wconf 89' lang='lat'>10</span> <span class='ocrx_word' id='word_1_309' title='bbox 1207 3048 1320 3104; x_wconf 74' lang='lat' dir='ltr'>uirtutis</span> <span class='ocrx_word' id='word_1_310' title='bbox 1335 3048 1401 3117; x_wconf 83' lang='lat' dir='ltr'>pM</span> <span class='ocrx_word' id='word_1_311' title='bbox 1416 3047 1505 3103; x_wconf 76' lang='lat' dir='ltr'>uirtus</span> <span class='ocrx_word' id='word_1_312' title='bbox 1526 3050 1549 3104; x_wconf 92' lang='lat' dir='ltr'><strong><em>S</em></strong></span> 
     </span>
     <span class='ocr_line' id='line_1_29' title="bbox 292 3129 1552 3198; baseline 0 -16"><span class='ocrx_word' id='word_1_313' title='bbox 292 3136 323 3182; x_wconf 92' lang='lat'>11</span> <span class='ocrx_word' id='word_1_314' title='bbox 338 3130 509 3184; x_wconf 76' lang='lat' dir='ltr'>uocanturS</span> <span class='ocrx_word' id='word_1_315' title='bbox 570 3147 672 3186; x_wconf 85' lang='lat' dir='ltr'>vervex</span> <span class='ocrx_word' id='word_1_316' title='bbox 686 3162 719 3170; x_wconf 98' lang='lat'>—</span> <span class='ocrx_word' id='word_1_317' title='bbox 734 3129 894 3197; x_wconf 84' lang='lat' dir='ltr'>vervecisp</span> <span class='ocrx_word' id='word_1_318' title='bbox 959 3134 992 3183; x_wconf 86' lang='lat' dir='ltr'>le</span> <span class='ocrx_word' id='word_1_319' title='bbox 1011 3130 1086 3198; x_wconf 90' lang='lat' dir='ltr'>quod</span> <span class='ocrx_word' id='word_1_320' title='bbox 1101 3130 1261 3198; x_wconf 69' lang='lat' dir='ltr'>nascituro</span> <span class='ocrx_word' id='word_1_321' title='bbox 1280 3129 1329 3198; x_wconf 87' lang='lat' dir='ltr'>qui</span> <span class='ocrx_word' id='word_1_322' title='bbox 1348 3129 1471 3183; x_wconf 82' lang='lat' dir='ltr'>nascitur</span> <span class='ocrx_word' id='word_1_323' title='bbox 1485 3129 1552 3183; x_wconf 85' lang='lat' dir='ltr'>SM</span> 
     </span>
     <span class='ocr_line' id='line_1_30' title="bbox 292 3208 1551 3280; baseline 0 -17"><span class='ocrx_word' id='word_1_324' title='bbox 292 3215 323 3263; x_wconf 78' lang='lat'>17</span> <span class='ocrx_word' id='word_1_325' title='bbox 342 3226 398 3263; x_wconf 90' lang='lat' dir='ltr'>non</span> <span class='ocrx_word' id='word_1_326' title='bbox 416 3226 521 3279; x_wconf 87' lang='lat' dir='ltr'>urgueo</span> <span class='ocrx_word' id='word_1_327' title='bbox 540 3210 563 3265; x_wconf 88' lang='lat' dir='ltr'><strong><em>S</em></strong></span> <span class='ocrx_word' id='word_1_328' title='bbox 579 3229 636 3265; x_wconf 90' lang='grc' dir='ltr'>ιιοιι</span> <span class='ocrx_word' id='word_1_329' title='bbox 653 3227 779 3280; x_wconf 84' lang='lat' dir='ltr'>urguop</span> <span class='ocrx_word' id='word_1_330' title='bbox 798 3226 854 3264; x_wconf 90' lang='lat' dir='ltr'>non</span> <span class='ocrx_word' id='word_1_331' title='bbox 871 3226 941 3278; x_wconf 89' lang='lat' dir='ltr'>urgo</span> <span class='ocrx_word' id='word_1_332' title='bbox 956 3208 993 3262; x_wconf 98' lang='lat' dir='ltr'><strong><em>M</em></strong></span> <span class='ocrx_word' id='word_1_333' title='bbox 1061 3216 1094 3264; x_wconf 84' lang='grc'>18</span> <span class='ocrx_word' id='word_1_334' title='bbox 1113 3210 1213 3279; x_wconf 89' lang='lat' dir='ltr'>quibus</span> <span class='ocrx_word' id='word_1_335' title='bbox 1232 3213 1368 3280; x_wconf 77' lang='lat' dir='ltr'>urgentur</span> <span class='ocrx_word' id='word_1_336' title='bbox 1385 3226 1491 3279; x_wconf 84' lang='lat' dir='ltr'>poenee</span> <span class='ocrx_word' id='word_1_337' title='bbox 1512 3211 1551 3263; x_wconf 91' lang='lat' dir='ltr'><strong><em>M</em></strong></span> 
     </span>
     <span class='ocr_line' id='line_1_31' title="bbox 240 3289 1548 3362; baseline 0.004 -20"><span class='ocrx_word' id='word_1_338' title='bbox 240 3290 374 3358; x_wconf 79' lang='lat' dir='ltr'>urgentur</span> <span class='ocrx_word' id='word_1_339' title='bbox 392 3306 483 3358; x_wconf 87' lang='lat' dir='ltr'>poena</span> <span class='ocrx_word' id='word_1_340' title='bbox 501 3291 522 3345; x_wconf 89' lang='lat' dir='ltr'><strong><em>S</em></strong></span> <span class='ocrx_word' id='word_1_341' title='bbox 540 3294 673 3362; x_wconf 74' lang='lat' dir='ltr'>urgentur</span> <span class='ocrx_word' id='word_1_342' title='bbox 690 3291 825 3360; x_wconf 80' lang='lat' dir='ltr'>poenisp</span> <span class='ocrx_word' id='word_1_343' title='bbox 900 3293 1050 3360; x_wconf 79' lang='lat' dir='ltr'>uirumque</span> <span class='ocrx_word' id='word_1_344' title='bbox 1065 3290 1131 3359; x_wconf 84' lang='lat' dir='ltr'>pM</span> <span class='ocrx_word' id='word_1_345' title='bbox 1149 3290 1310 3359; x_wconf 77' lang='lat' dir='ltr'>uberqueS</span> <span class='ocrx_word' id='word_1_346' title='bbox 1383 3297 1414 3344; x_wconf 87' lang='grc'>19</span> <span class='ocrx_word' id='word_1_347' title='bbox 1436 3289 1548 3353; x_wconf 82' lang='lat' dir='ltr'>deriva-</span> 
     </span>
     <span class='ocr_line' id='line_1_32' title="bbox 238 3369 1546 3438; baseline 0.001 -14"><span class='ocrx_word' id='word_1_348' title='bbox 238 3370 328 3424; x_wconf 77' lang='lat' dir='ltr'>tivum</span> <span class='ocrx_word' id='word_1_349' title='bbox 354 3385 404 3424; x_wconf 82' lang='lat' dir='ltr'>otu.</span> <span class='ocrx_word' id='word_1_350' title='bbox 424 3370 462 3422; x_wconf 89' lang='lat' dir='ltr'><strong><em>M</em></strong></span> <span class='ocrx_word' id='word_1_351' title='bbox 528 3369 608 3424; x_wconf 75' lang='lat' dir='ltr'>addit</span> <span class='ocrx_word' id='word_1_352' title='bbox 625 3388 680 3438; x_wconf 85' lang='lat' dir='ltr'>up</span> <span class='ocrx_word' id='word_1_353' title='bbox 703 3388 722 3423; x_wconf 91' lang='lat' dir='ltr'>u</span> <span class='ocrx_word' id='word_1_354' title='bbox 745 3369 826 3423; x_wconf 76' lang='lat' dir='ltr'>addit</span> <span class='ocrx_word' id='word_1_355' title='bbox 842 3369 921 3423; x_wconf 78' lang='lat' dir='ltr'>Beda</span> <span class='ocrx_word' id='word_1_356' title='bbox 940 3388 970 3438; x_wconf 83' lang='lat' dir='ltr'>p.</span> <span class='ocrx_word' id='word_1_357' title='bbox 989 3376 1056 3438; x_wconf 77' lang='lat'>294,</span> <span class='ocrx_word' id='word_1_358' title='bbox 1073 3377 1112 3426; x_wconf 75' lang='lat'>25</span> <span class='ocrx_word' id='word_1_359' title='bbox 1185 3376 1219 3424; x_wconf 76' lang='lat'>20</span> <span class='ocrx_word' id='word_1_360' title='bbox 1242 3369 1400 3425; x_wconf 81' lang='lat' dir='ltr'>scribuntur</span> <span class='ocrx_word' id='word_1_361' title='bbox 1422 3370 1460 3423; x_wconf 89' lang='lat' dir='ltr'><strong><em>M</em></strong></span> <span class='ocrx_word' id='word_1_362' title='bbox 1479 3371 1546 3425; x_wconf 85' lang='lat' dir='ltr'>scri·</span> 
     </span>
     <span class='ocr_line' id='line_1_33' title="bbox 239 3448 1474 3521; baseline 0.004 -19"><span class='ocrx_word' id='word_1_363' title='bbox 239 3449 340 3504; x_wconf 79' lang='lat' dir='ltr'>bentur</span> <span class='ocrx_word' id='word_1_364' title='bbox 359 3448 381 3503; x_wconf 89' lang='lat' dir='ltr'><strong><em>S</em></strong></span> <span class='ocrx_word' id='word_1_365' title='bbox 403 3448 560 3504; x_wconf 83' lang='lat' dir='ltr'>scribantur</span> <span class='ocrx_word' id='word_1_366' title='bbox 578 3467 601 3518; x_wconf 83' lang='lat' dir='ltr'>p</span> <span class='ocrx_word' id='word_1_367' title='bbox 690 3456 724 3503; x_wconf 74' lang='lat'>23</span> <span class='ocrx_word' id='word_1_368' title='bbox 744 3448 943 3504; x_wconf 77' lang='lat' dir='ltr'>uestimentum</span> <span class='ocrx_word' id='word_1_369' title='bbox 962 3450 1000 3503; x_wconf 90' lang='lat' dir='ltr'><strong><em>M</em></strong></span> <span class='ocrx_word' id='word_1_370' title='bbox 1085 3451 1223 3521; x_wconf 84' lang='lat' dir='ltr'>possessio</span> <span class='ocrx_word' id='word_1_371' title='bbox 1238 3451 1305 3520; x_wconf 70' lang='grc' dir='ltr'>ΡΜ</span> <span class='ocrx_word' id='word_1_372' title='bbox 1326 3451 1428 3519; x_wconf 84' lang='lat' dir='ltr'>positio</span> <span class='ocrx_word' id='word_1_373' title='bbox 1451 3451 1474 3506; x_wconf 89' lang='lat' dir='ltr'><strong><em>S</em></strong></span> 
     </span>
     <span class='ocr_line' id='line_1_34' title="bbox 239 3529 1548 3600; baseline 0.003 -18"><span class='ocrx_word' id='word_1_374' title='bbox 239 3529 393 3598; x_wconf 87' lang='lat' dir='ltr'>Priscieno]</span> <span class='ocrx_word' id='word_1_375' title='bbox 418 3530 435 3583; x_wconf 86' lang='lat' dir='ltr'>l.</span> <span class='ocrx_word' id='word_1_376' title='bbox 461 3529 487 3582; x_wconf 89' lang='lat' dir='ltr'>V</span> <span class='ocrx_word' id='word_1_377' title='bbox 502 3547 533 3598; x_wconf 86' lang='lat' dir='ltr'>p.</span> <span class='ocrx_word' id='word_1_378' title='bbox 552 3534 617 3594; x_wconf 83' lang='lat'>169,</span> <span class='ocrx_word' id='word_1_379' title='bbox 635 3535 672 3583; x_wconf 83' lang='lat'>18</span> <span class='ocrx_word' id='word_1_380' title='bbox 743 3535 778 3582; x_wconf 76' lang='lat'>24</span> <span class='ocrx_word' id='word_1_381' title='bbox 806 3529 916 3584; x_wconf 80' lang='lat' dir='ltr'>sabbati</span> <span class='ocrx_word' id='word_1_382' title='bbox 935 3534 997 3589; x_wconf 57' lang='grc' dir='ltr'><strong><em>ῦὸ</em></strong></span> <span class='ocrx_word' id='word_1_383' title='bbox 1013 3548 1064 3600; x_wconf 88' lang='lat' dir='ltr'>per</span> <span class='ocrx_word' id='word_1_384' title='bbox 1081 3530 1105 3583; x_wconf 87' lang='lat' dir='ltr'>X</span> <span class='ocrx_word' id='word_1_385' title='bbox 1125 3532 1154 3585; x_wconf 80' lang='lat' dir='ltr'>et</span> <span class='ocrx_word' id='word_1_386' title='bbox 1172 3529 1284 3586; x_wconf 83' lang='lat' dir='ltr'>Xrieme</span> <span class='ocrx_word' id='word_1_387' title='bbox 1301 3531 1402 3585; x_wconf 80' lang='lat' dir='ltr'>FlNlT</span> <span class='ocrx_word' id='word_1_388' title='bbox 1422 3533 1548 3586; x_wconf 85' lang='lat' dir='ltr'>emcnS</span> 
     </span>
     <span class='ocr_line' id='line_1_35' title="bbox 238 3609 1329 3687; baseline 0.002 -24"><span class='ocrx_word' id='word_1_389' title='bbox 238 3610 357 3664; x_wconf 79' lang='lat' dir='ltr'>sabbati.</span> <span class='ocrx_word' id='word_1_390' title='bbox 389 3610 461 3687; x_wconf 84' lang='lat' dir='ltr'>Acer</span> <span class='ocrx_word' id='word_1_391' title='bbox 479 3609 587 3680; x_wconf 83' lang='lat' dir='ltr'>lignum</span> <span class='ocrx_word' id='word_1_392' title='bbox 607 3613 649 3663; x_wconf 83' lang='lat' dir='ltr'>est</span> <span class='ocrx_word' id='word_1_393' title='bbox 667 3611 697 3662; x_wconf 84' lang='lat' dir='ltr'>ei</span> <span class='ocrx_word' id='word_1_394' title='bbox 715 3610 785 3662; x_wconf 86' lang='lat' dir='ltr'>Acer</span> <span class='ocrx_word' id='word_1_395' title='bbox 804 3609 906 3664; x_wconf 81' lang='lat' dir='ltr'>dicitur</span> <span class='ocrx_word' id='word_1_396' title='bbox 925 3614 1138 3680; x_wconf 83' lang='lat' dir='ltr'>purgamentum</span> <span class='ocrx_word' id='word_1_397' title='bbox 1158 3610 1329 3680; x_wconf 82' lang='lat' dir='ltr'>frumeniip</span> 
     </span>
    </p>
   </div>
   <div class='ocr_carea' id='block_1_4' title="bbox 0 0 1662 5474">
    <p class='ocr_par' dir='ltr' id='par_1_5' title="bbox 0 0 1662 5474">
     <span class='ocr_line' id='line_1_36' title="bbox 0 0 1662 5474; baseline 0 0"><span class='ocrx_word' id='word_1_398' title='bbox 0 0 1662 5474; x_wconf 95' lang='lat' dir='ltr'> </span> 
     </span>
    </p>
   </div>
  </div>
 </body>
</html>
