3316 5474
626 409 675 467 on
694 408 792 468 ARTE
810 408 975 467 METithA

147 523 170 562 p.
184 510 243 552 osas.
258 513 284 552 ae
298 509 322 552 Ρ.

148 596 201 656 sed
225 606 254 657 et
278 596 464 657 Ambrosiani
488 616 524 658 eo
548 601 673 660 maxime
698 608 837 680 currunt,

468 705 555 766 deus
578 715 722 768 creator
745 707 900 766 omnium

468 815 535 872 iarn
558 815 677 892 surgit
699 813 785 873 liora
809 814 932 892 tertia,

406 978 416 998 ,
468 918 641 998 splendor
664 928 835 1000 paternae
858 918 1010 998 gloriae,

120 1037 134 1077 ⁵
469 1025 968 1106 aeterncrerumconditor,
1101 1009 1105 1018 ’

105 1177 114 1192 .
149 1140 180 1191 ct
203 1133 296 1192 ceteri
319 1129 490 1211 perplures3
514 1134 544 1192 in
569 1132 677 1211 qrrihus
700 1131 901 1213 pulcherrimo
925 1140 971 1191 cst
995 1131 1103 1193 decore
1123 1136 1305 1214 compositus
1327 1135 1454 1215 hymnus

149 1237 303 1299 beatorum
327 1247 504 1320 rnartprum,
527 1241 613 1300 cuius
636 1239 699 1300 loca
719 1249 826 1301 cuncta
850 1241 972 1318 imparia
997 1239 1177 1322 spondeum,
1199 1240 1329 1301 iambum
1353 1247 1457 1301 tonent

148 1347 244 1426 paria,
268 1346 353 1405 cuius
376 1347 556 1425 principium
580 1342 651 1424 estl

468 1459 615 1531 aeterna
639 1453 777 1514 Christi
800 1471 946 1513 munera

109 1570 135 1609 1⁰
468 1568 503 1619 et
526 1569 722 1638 martyrum
745 1561 920 1620 victorias

467 1665 590 1727 laudes
614 1666 775 1727 ferentes
798 1664 941 1725 debitas

469 1772 575 1832 laetis
598 1790 765 1832 canamus
790 1770 979 1832 mentibus.

152 1877 259 1954 recipit
282 1875 338 1936 hoc
362 1887 492 1939 metrum
516 1877 686 1960 aliquoties,
709 1888 743 1939 ut
766 1878 869 1939 scribit
892 1877 1007 1938 llallius
1026 1877 1215 1958 Theodorus,
1239 1880 1326 1938 etiam
1351 1878 1456 1938 tribra-

152 1980 228 2060 chyn
248 1980 320 2042 locis
339 1984 477 2045 omnibus
500 1993 619 2065 praeter
638 1987 845 2067 novissimum,
868 1983 1016 2064 dactylum
1035 1993 1067 2045 et
1084 1995 1274 2065 anapaestum
1299 1984 1371 2044 locis
1396 1994 1457 2045 tan-

112 2105 137 2144 15
154 2096 216 2148 tum
240 2089 416 2171 imparibus,
440 2090 518 2152 unde
542 2100 589 2152 est

394 2264 398 2271 ,
469 2201 631 2277 geminae
654 2203 780 2280 gigans
804 2200 1032 2261 substantiae

471 2305 603 2367 alacris
627 2317 665 2368 ut
688 2315 814 2368 currat
836 2308 935 2367 viam.

153 2416 321 2469 ceterorum
346 2428 412 2470 rara
436 2411 527 2473 hahes
551 2413 691 2495 exempla.

135 2499 151 2535 ο
667 2497 669 2500 .

516 2586 576 2652 DE
600 2587 751 2653 METRO
774 2584 1092 2652 ANACREONTIO

114 2728 141 2766 oo
245 2710 372 2773 Metram
401 2714 560 2776 iambicum
588 2725 793 2780 tetrametrum
823 2715 962 2797 colobon,
989 2714 1068 2794 quod
1094 2716 1317 2797 anacreontium
1341 2715 1460 2794 dicitur,

154 2818 269 2897 recipit
279 2829 483 2902 anapaestum,
511 2821 586 2882 duos
604 2823 717 2884 iambos
736 2834 766 2885 et
785 2822 980 2905 semipedem,
1004 2838 1063 2899 quo
1083 2837 1156 2880 usus
1175 2829 1221 2880 est
1239 2820 1370 2899 Prosper
1382 2804 1460 2899 Tyro

156 2925 186 2983 in
210 2926 357 3003 principio
380 2926 594 2989 exhortationis
617 2930 653 2990 ad
677 2932 833 3010 coniugem
856 2931 896 2990 ita
920 2929 1036 3008 dicens,

473 3052 535 3113 age
558 3036 624 3095 iam
648 3054 780 3116 precor
803 3053 957 3097 mearum

474 3138 650 3203 comes'in
674 3152 809 3204 remota
833 3160 967 3222 rerum,

474 3247 649 3328 trepidam
673 3248 887 3327 brevemque
912 3248 1020 3307 vitam

359 3360 361 3364 ’
475 3353 899 3416 dominodeodicemus.

475 3458 587 3520 celeri
611 3459 711 3519 vides
735 3467 858 3520 rotatu

476 3565 621 3644 rapidos
644 3565 722 3626 dies
746 3583 862 3627 meare

476 3670 689 3751 fragilisque
713 3671 868 3734 membra
892 3673 1012 3734 mundi

476 3781 600 3861 minui,
623 3781 759 3862 perire,
782 3779 862 3842 labi.
972 3800 975 3805 ·

477 3885 569 3964 sugit
592 3904 692 3948 omne
716 3887 808 3967 quod
832 3897 1008 3977 tenemus,

477 4010 591 4071 neque
614 3993 712 4055 iluxa
737 3994 869 4056 habent
892 4011 1093 4075 recursum,

477 4100 698 4181 cupidasque
722 4121 807 4163 vana
831 4112 969 4162 mentes

479 4209 601 4287 specie
625 4208 774 4269 trahunt
796 4210 903 4269 inani.

118 4325 145 4366 ³5
479 4315 538 4376 ubi
562 4333 656 4376 nunc
679 4317 792 4394 imago
816 4332 936 4374 rerum
961 4308 1037 4375 est?

160 4432 341 4441 v——a—-

251 4488 282 4537 19
301 4483 350 4536 DE
369 4484 497 4539 METRO
517 4484 779 4569 Anncnnonnto
800 4485 881 4540 Mati.
905 4485 1004 4540 Theoti.
1024 4490 1088 4553 593,
1106 4489 1144 4542 24

248 4637 399 4690 oaetorna
417 4633 447 4687 F
518 4638 654 4691 tounoto
671 4652 720 4690 om.
740 4636 779 4703 L,
802 4637 866 4692 odd.
887 4636 948 4692 FP
1018 4644 1050 4692 13
1068 4637 1169 4693 molius
1189 4635 1231 4691 F:
1259 4638 1342 4692 Man.
1365 4637 1463 4693 Titeod.

154 4731 185 4783 p.
206 4719 271 4781 593,
290 4721 308 4768 6
326 4717 359 4769 de
377 4716 497 4770 tmmdro
516 4717 633 4772 iambico
697 4723 729 4770 19
749 4715 1014 4772 ANACREVNTIO
1033 4716 1093 4771 FL
1160 4723 1195 4770 20
1214 4718 1352 4789 colophon
1371 4718 1466 4774 FLP

213 4795 422 4927 apaoreFuntium
443 4794 503 4849 FL
573 4802 606 4849 21
627 4797 671 4850 est
688 4811 738 4850 om.
760 4794 794 4862 P,
811 4795 876 4849 odd.
896 4796 957 4850 FL
1024 4802 1057 4850 27
1077 4798 1172 4851 rorctu
1191 4796 1222 4851 F
1287 4803 1321 4852 28
1340 4800 1463 4871 rapidos]

160 4890 228 4942 pom
250 4892 281 4928 os

215 4981 370 5012 conmuniter
385 4981 470 5011 ternu
485 4983 529 5013 vn.
1221 4972 1250 5022 17
