3316 5474
748 351 944 408 EXOERPTA
1433 352 1500 415 215

190 468 213 505 p.
228 457 267 497 sse
282 455 308 496 o.
1319 466 1341 503 p.
1356 453 1465 493 saei-sa
1478 453 1502 492 1³.

192 542 243 601 fiat
265 539 374 601 clarior
397 529 558 618 dupliciter
581 538 763 618 explanatus.
802 537 933 600 Donatus
957 540 1049 618 igitur
1067 541 1098 599 in
1118 538 1248 600 secunda
1271 547 1357 617 parte
1381 541 1420 598 ita
1444 536 1502 596 dis·

192 655 292 727 ceptat
315 643 365 724 [de
389 666 461 707 voce
485 646 655 726 articulata,
678 645 715 707 de
738 646 850 721 littera,
873 646 910 706 de
934 644 1056 726 syllaba,
1085 645 1121 706 de
1145 644 1285 726 pedibus,
1314 645 1350 706 de
1373 646 1502 705 accenti-

192 755 262 835 bus,
284 754 321 814 de
344 755 488 833 posituris
509 772 563 814 seu
586 752 841 833 distinctionibus,
864 761 894 813 et
917 755 1027 813 iterum
1050 752 1087 812 de
1110 752 1245 832 partibus
1263 754 1406 812 orationis
1425 749 1500 830 Vlll,

192 861 228 921 de
252 859 461 941 schematibus,
479 856 490 940 l
507 860 543 920 de
568 859 785 942 etoemologiis,
808 860 844 921 dc
864 858 1097 939 orthographia}
1135 879 1189 920 vox
1208 859 1363 920 articulata
1382 866 1429 919 est
1450 875 1501 917 aer

165 984 354 1046 spercussus
377 965 526 1028 sensibilis
548 965 669 1048 auditu,
691 973 835 1045 quantum
858 968 888 1026 iu
912 969 977 1045 ipso
1000 975 1055 1027 est.
1093 966 1190 1028 littera
1214 974 1260 1027 est
1286 984 1357 1045 pars
1381 967 1501 1026 minima

191 1077 271 1135 vocis
300 1074 481 1135 articulatae.
523 1074 632 1153 syllaba
661 1082 707 1134 est
737 1073 963 1153 comprehensio
994 1073 1163 1134 litterarum
1193 1072 1238 1133 vel
1275 1075 1365 1133 unius
1393 1072 1502 1133 vocalis

191 1183 355 1242 enuntiatio
375 1189 544 1260 temporum
563 1200 662 1261 capax.
696 1199 749 1261 pes
768 1188 814 1242 est
833 1180 1010 1260 syllabarum
1030 1189 1060 1240 et
1080 1189 1247 1259 temporum
1267 1187 1348 1240 certa
1367 1179 1500 1240 dinume·

191 1290 274 1347 ratio.
321 1295 463 1349 accentus
496 1298 542 1348 est
575 1290 644 1349 vitio
677 1305 782 1348 careus
814 1272 972 1347 artificiosa
1009 1287 1221 1366 pronuntiatio.
1271 1288 1406 1373 positura
1438 1288 1500 1346 sive
1548 1283 1552 1291 ’

94 1453 97 1458 .
190 1394 341 1455 distinctio
366 1402 412 1455 est
436 1396 604 1457 moderatae
628 1396 878 1475 pronuntiationis
896 1403 964 1472 apta
982 1395 1159 1472 repausatio,
1196 1400 1297 1471 partes
1316 1403 1415 1455 autem
1435 1412 1500 1453 ora·

152 1502 282 1561 rationis
300 1509 370 1561 sunt
388 1510 470 1582 octo,
493 1521 615 1583 nomen,
638 1519 817 1582 pronomen,
839 1499 978 1580 verbum,
996 1499 1182 1579 adverbium,
1205 1503 1409 1582 participium,
1432 1519 1501 1562 con·
1574 1569 1579 1577 Ι

192 1610 318 1688 iunctio,
340 1611 537 1690 praepositio,
560 1611 739 1671 interiectio.
770 1625 878 1669 nomen
898 1617 1032 1686 estpars
1050 1608 1193 1667 orationis
1213 1625 1280 1667 oum
1301 1625 1374 1667 casu
1393 1625 1502 1686 corpus

192 1726 243 1776 aut
261 1734 324 1776 rem
343 1719 465 1795 proprie
484 1719 719 1778 communiterve
739 1715 922 1795 significans,
944 1715 1080 1794 proprie,
1104 1721 1137 1774 ut
1156 1713 1248 1773 Roma
1267 1713 1399 1793 Tiberis,
1422 1732 1500 1774 coru·

191 1824 335 1903 munitor,
365 1832 397 1883 ut
425 1822 498 1884 urbs
526 1823 645 1885 flumen.
682 1841 848 1903 pronomen
871 1831 918 1882 est
942 1839 1011 1901 pars
1034 1822 1177 1881 orationis
1201 1838 1276 1899 quac
1302 1823 1501 1899 pronomine

191 1931 286 2007 posita
310 1929 486 1990 tantuudum
515 1949 608 2009 paene
633 1930 778 2009 significat
809 1945 1027 2007 personamque
1050 1928 1200 1987 interdum
1224 1928 1339 2006 recipit.
1377 1926 1500 1989 verbum

153 2047 179 2086 1⁵
194 2042 239 2094 est
263 2053 331 2114 pars
354 2038 498 2096 orationis
521 2054 589 2097 cum
613 2044 747 2116 tempore
771 2044 801 2096 et
824 2052 950 2114 persona
970 2035 1132 2094 sinescasu.
1169 2031 1342 2094 adverbium
1362 2043 1409 2095 est
1431 2053 1500 2114 pars

192 2143 334 2201 orationis
358 2161 433 2220 quae
457 2143 571 2204 adiecta
595 2142 685 2203 verbo
709 2143 956 2221 significationem
974 2143 1039 2201 eius
1059 2140 1195 2219 explanat
1218 2149 1307 2219 atque
1331 2141 1443 2224 implet,
1466 2152 1500 2204 ut

193 2242 262 2306 ‘iam
286 2244 401 2307 laciam'
425 2248 470 2308 vel
494 2243 565 2309 ‘non
589 2244 714 2310 laciam'.
751 2250 941 2329 participium
964 2255 1010 2308 est
1037 2265 1106 2326 pars
1129 2249 1272 2307 orationis
1302 2248 1392 2330 dicta,
1421 2250 1500 2328 quod

191 2362 305 2433 partem
334 2357 430 2433 capiat
457 2358 598 2437 nominis,
625 2364 739 2435 partem
768 2353 866 2415 verbi:
903 2356 1009 2434 recipit
1035 2356 1114 2413 enim
1142 2372 1158 2413 a
1185 2356 1304 2414 nomine
1332 2373 1441 2434 genera
1471 2365 1499 2417 et

128 2520 136 2533 ,
191 2478 292 2540 casus,
315 2479 331 2520 a
354 2459 444 2521 verbo
468 2471 601 2541 tempora
624 2471 655 2524 et
677 2462 920 2542 significationes,
948 2459 985 2520 ab
1008 2469 1136 2538 utroque
1160 2478 1301 2521 numeros
1325 2470 1354 2522 ct
1379 2463 1496 2540 figuras.

152 2579 178 2618 2⁰
192 2569 362 2627 coniunctio
382 2575 427 2627 est
447 2585 516 2646 pars
534 2570 676 2628 orationis
695 2567 856 2628 adnectens
875 2566 1075 2645 ordinansque
1095 2569 1281 2627 sententiam.
1317 2571 1497 2647 praepositio

192 2683 238 2734 est
264 2692 333 2752 pars
363 2675 505 2734 orationis
532 2692 607 2754 quae
637 2677 805 2754 praeposita
833 2673 898 2734 aliis
924 2671 1059 2753 partibus
1082 2674 1225 2733 orationis
1252 2674 1498 2752 significationem

192 2799 294 2841 carum
323 2791 374 2840 aut
401 2789 496 2842 mutat
512 2777 524 2861 l
541 2790 593 2842 aut
615 2780 743 2860 complet
766 2789 817 2842 aut
845 2782 961 2840 minuit.
997 2780 1166 2839 interiectio
1190 2786 1236 2839 est
1263 2797 1332 2857 pars
1355 2783 1497 2845 orationis

192 2888 360 2966 significans
384 2889 493 2948 mentis
516 2888 653 2949 allectum
676 2904 747 2947 voce
771 2886 929 2946 incondita.
965 2884 1114 2945 schemata
1133 2894 1204 2946 sunt
1223 2887 1498 2949 transformationes

192 3011 364 3053 sermonum
394 2993 439 3053 vel
470 2994 684 3054 sententiarum
715 3001 838 3053 ornatus
868 3010 957 3053 causa
986 2992 1097 3071 posita,
1113 3009 1242 3070 quaea
1271 2993 1397 3070 quodam
1428 2997 1497 3055 arti-

154 3111 179 3150 25
193 3098 305 3178 grapho
325 3101 443 3159 nominc
463 3099 621 3160 Sacerdote
641 3098 764 3159 collecta
782 3099 857 3159 fiunt
876 3115 1000 3159 numero
1019 3100 1177 3177 nonaginta
1196 3109 1227 3160 et
1244 3107 1321 3180 octo,
1339 3102 1379 3160 ita
1399 3109 1496 3162 tamen

192 3214 226 3264 ut
249 3222 324 3282 quae
347 3223 363 3263 a
384 3203 497 3265 Donato
521 3207 599 3266 inter
622 3207 692 3265 vitia
715 3206 810 3283 posita
833 3211 904 3264 suut
927 3206 957 3264 in
980 3207 1044 3284 ipso
1067 3222 1193 3266 numero
1214 3205 1496 3267 collecta-claudan-

193 3318 254 3385 tur,
286 3309 365 3389 quod
396 3320 426 3371 et
455 3309 526 3371 mihi
559 3330 677 3391 quoquc
706 3311 815 3372 durum
844 3310 973 3393 videtur,
1009 3312 1077 3372 vitia
1109 3310 1209 3371 dicere
1237 3330 1312 3390 quae
1340 3323 1496 3374 auctorum

192 3417 335 3497 exemplis
359 3427 388 3478 et
412 3420 537 3478 maxime
560 3419 634 3498 legis
657 3419 771 3479 divinae
794 3419 971 3478 auctoritate
999 3420 1163 3479 firmantur.
1200 3418 1273 3479 hacc
1297 3422 1496 3498 grammaticis

192 3522 419 3603 oratoribusque
443 3527 610 3586 communia
639 3533 721 3607 suut,
749 3543 824 3603 quae
852 3533 952 3586 tamen
979 3527 1010 3585 in
1038 3534 1164 3605 utraque
1196 3535 1280 3605 parte
1303 3524 1497 3605 probabiliter

152 3642 178 3679 ³0
192 3631 385 3709 reperiuntur
404 3624 508 3709 apta'ta.
542 3630 709 3692 addendum
729 3639 775 3692 est
793 3633 882 3692 etiam
906 3631 942 3693 de
966 3632 1141 3713 etymologia
1163 3642 1193 3694 et
1216 3632 1435 3716 orthographia,
1459 3633 1495 3695 de

191 3734 299 3813 quibus
314 3735 386 3796 ahos
401 3740 556 3817 scripsisse
571 3740 772 3800 certissimum
787 3745 841 3798 est.
865 3737 1040 3818 etymologia
1055 3747 1102 3800 cst
1120 3748 1171 3800 aut
1185 3758 1253 3800 vera
1268 3749 1320 3801 aut
1333 3744 1396 3801 veri
1415 3744 1494 3802 simi·

191 3841 226 3901 lis
250 3841 463 3904 demonstratio
487 3844 653 3920 declarans,
676 3861 713 3905 ex
737 3862 794 3924 qua
813 3846 927 3925 origine
947 3845 1036 3906 verba
1059 3846 1248 3909 descendant
1285 3847 1494 3929 orthographia

191 3957 236 4009 est
250 3949 399 4010 rectitudo
414 3950 564 4012 scribendi
579 3951 659 4013 nullo
674 3969 777 4012 errore
791 3953 903 4034 vitiata,
918 3970 993 4031 quae
1008 3972 1127 4015 manum
1143 3957 1293 4036 componit
1307 3962 1337 4016 et
1355 3955 1494 4036 linguam.

263 4103 276 4149 1
293 4096 467 4166 explanatus.
487 4096 535 4150 sed
550 4098 580 4150 et
589 4097 716 4151 sanctum
726 4097 914 4166 Augustinum
927 4101 1042 4169 propter
1051 4099 1261 4170 simplicitatem
1271 4100 1390 4156 fratrum
1402 4099 1493 4155 breui-

190 4179 233 4230 ter
245 4176 437 4232 instruendam
450 4177 547 4247 alique
561 4177 596 4233 de
611 4179 708 4234 eodem
721 4176 805 4232 uculo
820 4178 963 4247 scripsisse
976 4179 1142 4250 reperimus,
1160 4196 1233 4249 quoe
1247 4180 1327 4235 vobis
1340 4180 1495 4235 lectitando

189 4257 365 4325 reliquimus,
385 4256 488 4324 nequid
503 4257 617 4313 rudibus
631 4258 727 4313 deesse
740 4258 882 4326 rideatur,
901 4258 951 4327 qui
964 4258 1001 4314 ed
1018 4261 1115 4315 unae
1129 4258 1262 4314 scientiae
1276 4257 1400 4313 culmina
1412 4274 1493 4328 prse-

190 4337 331 4403 parantur.
359 4334 484 4390 Donatus
502 4335 590 4406 igitur
606 4338 634 4391 Β
652 4343 678 4393 et
693 4338 830 4394 Goretius.
858 4339 949 4393 eodem
967 4338 1095 4406 lepoatw
1112 4339 1144 4392 ist
1162 4338 1252 4393 codice
1266 4336 1399 4392 Parisino
1417 4343 1493 4394 8679

252 4422 267 4470 2
292 4414 326 4470 do
353 4430 421 4470 voce
445 4446 477 4454 -
501 4421 518 4468 4
542 4416 756 4488 orthographia,
783 4433 853 4487 quoe
874 4417 923 4472 hoc
945 4417 1002 4471 loco
1024 4416 1056 4470 ia
1077 4416 1154 4476 Βδς
1176 4418 1338 4487 interposito
1360 4421 1438 4483 emt,
1461 4418 1493 4472 in

190 4497 279 4551 medio
297 4499 380 4564 porte
401 4497 523 4565 popinae
540 4499 645 4567 canpto
661 4503 687 4552 et
703 4499 796 4566 figura
814 4497 927 4566 adpicta
944 4497 1025 4566 quasi
1047 4497 1124 4551 tituli
1141 4502 1239 4553 notato
1254 4502 1321 4552 emt
1343 4497 1376 4551 io
1393 4498 1421 4551 A

191 4580 223 4629 18
241 4577 351 4645 partem
371 4575 450 4629 uerbi
468 4575 556 4630 ΑΒΕ
573 4581 739 4648 partemque
757 4577 837 4633 uerbi
855 4577 894 4631 ob
948 4581 982 4630 22
1001 4591 1097 4631 mrum
1111 4575 1154 4632 Sb
1173 4577 1232 4632 eius
1251 4577 1311 4631 AB
1365 4583 1400 4632 24
1417 4577 1491 4649 poei-

189 4657 236 4710 tae
255 4655 385 4710 Goretias
452 4674 469 4711 a
488 4656 620 4729 quodam]
640 4658 677 4712 ab
694 4658 723 4713 Β
783 4663 817 4712 25
836 4657 957 4713 collecte
974 4660 1040 4712 sunt
1057 4672 1074 4716 ς
1134 4663 1168 4712 29
1187 4656 1410 4730 oratoribusque]
1430 4675 1492 4715 ora·

189 4736 296 4790 toribus
314 4735 337 4790 S
389 4736 418 4790 in
436 4754 486 4793 om.
502 4737 524 4792 S
577 4744 612 4794 30
630 4738 664 4794 de
679 4738 852 4810 etymologis
865 4738 892 4791 A
911 4737 946 4793 de
965 4736 1158 4807 otoemologiis
1171 4738 1198 4790 Β
1218 4737 1252 4794 de
1267 4738 1493 4811 ethimologiisS

224 4820 258 4867 31
278 4813 361 4886 alios]
380 4817 527 4873 nonnullos
544 4818 573 4873 Β
640 4818 827 4891 etoemolcgiu
844 4835 910 4874 uero
929 4820 973 4875 est
990 4822 1040 4874 sut
1057 4835 1125 4875 uero
1142 4820 1171 4875 Β
