3316 5474
664 363 954 451 ORTHOGRAPHIA
1399 364 1459 428 311

158 474 180 511 p.
193 464 253 504 asar.
267 465 293 503 aa
305 464 331 503 a.

158 551 337 628 praepositio
356 547 505 608 interdum
524 547 610 627 plena
629 556 688 628 est,
711 558 745 608 ut
763 548 913 609 transtulit
933 556 1052 608 transeo
1073 555 1267 633 transactum3
1291 551 1321 608 in
1341 549 1462 628 quibus·

158 647 225 706 dam
244 665 263 706 n
282 654 313 707 et
332 665 346 706 s
365 648 489 725 amittit,
513 654 546 706 ut
569 645 697 706 traducit
720 648 826 706 traicit.
863 644 975 706 Tabula
994 653 1024 705 et
1047 644 1143 706 fabula
1166 664 1221 724 per
1240 645 1259 705 b
1281 646 1462 708 scribuntur.

160 742 267 804 Testor
297 743 406 823 aliquid
442 743 621 802 confirmans
651 745 811 824 sententia,
846 751 999 803 contestor
1029 761 1096 803 eum
1127 744 1253 821 quadam
1287 747 1462 806 auctoritate

54 847 60 855 ‘
158 842 316 922 affirmans,
340 849 490 921 protestor
512 840 668 900 manifeste
692 840 820 900 cavenda
843 840 1035 920 denuntians,
1059 830 1193 901 obtestor
1212 840 1338 920 aliquem
1363 845 1461 903 iurare
1488 905 1492 914 ⁴

131 938 351 1021 ocompellens,
375 946 500 1000 attestor
522 938 649 1017 aliquem
673 938 708 998 ad
734 941 935 999 testimonium
960 957 1081 1019 vocaus,
1108 940 1158 1017 qui
1191 941 1230 999 sit
1252 938 1392 1019 dignitate
1417 940 1462 1000 vel

158 1039 335 1097 auctoritate
366 1038 514 1117 eminens,
549 1037 682 1098 detestor
713 1035 823 1115 aliquid
854 1036 1052 1097 execrandum
1082 1054 1237 1116 respuens.
1287 1036 1463 1116 Triumphat

158 1133 273 1195 hostem
298 1120 349 1214 qui
372 1142 507 1215 superat,
535 1134 698 1214 triumphat
719 1152 774 1194 nos
803 1133 890 1214 deus,
919 1153 986 1194 cum
1010 1133 1171 1213 superandi
1196 1132 1299 1194 hostes
1322 1135 1463 1196 auxilium

158 1232 271 1292 tribuit.
325 1232 516 1311 Transmigro
544 1232 668 1292 verbum
696 1230 843 1310 duplicem
871 1232 1115 1309 significationem
1143 1230 1239 1292 babet
1286 1237 1463 1314 transmigro

158 1332 250 1411 enim,
274 1349 342 1390 eum
361 1329 397 1390 de
417 1329 481 1390 loco
500 1328 535 1390 ad
560 1328 658 1390 locum
677 1331 734 1390 iter
753 1329 842 1389 lacio:
864 1329 937 1387 item
960 1330 1138 1407 transmigro
1157 1327 1267 1389 dicitnr
1290 1348 1358 1391 cum
1381 1331 1461 1392 addi-

119 1443 144 1483 10
159 1435 289 1488 lamento
309 1429 467 1488 accusativi
491 1445 591 1507 casus,
615 1426 643 1486 id
668 1434 714 1485 est
736 1443 805 1485 cum
828 1425 956 1504 aliquem
979 1425 1015 1486 de
1040 1426 1105 1487 loeo
1124 1425 1159 1486 ad
1183 1425 1282 1486 locum
1305 1428 1462 1509 transiero,

157 1533 191 1585 ut
221 1520 570 1586 ‘Nabuchodonosor
603 1525 876 1603 transmigravit
908 1522 1060 1584 ludaeos
1092 1524 1136 1597 ab⁸
1165 1524 1391 1585 Hierusalem
1424 1527 1459 1586 iu

157 1617 411 1701 babyloniam'.
449 1625 663 1704 transmigrans
691 1623 881 1702 participium
908 1640 1002 1700 aeque
1030 1622 1189 1703 dupliciter
1212 1630 1243 1682 et
1270 1621 1306 1681 de
1335 1621 1399 1682 loco
1424 1621 1460 1682 ad
1572 1613 1574 1617 ’

156 1720 254 1780 locum
279 1722 426 1780 transiens
450 1719 556 1797 aliquis
580 1729 610 1781 et
633 1720 722 1781 alium
742 1719 778 1780 de
802 1719 867 1779 loco
887 1718 923 1780 ad
946 1719 1044 1780 locum
1069 1720 1252 1780 transferens
1270 1719 1460 1799 intellegitur.

157 1816 242 1877 Tunc
266 1820 408 1896 temporis
432 1817 604 1879 adverbium
623 1826 682 1899 est,
706 1827 770 1877 tum
788 1816 909 1876 ordinis.
949 1816 1045 1896 Terga
1067 1817 1220 1877 hominnm
1245 1825 1315 1876 sunt
1338 1824 1463 1898 tautum,

116 1931 143 1971 15
158 1913 346 1993 singulariter
376 1923 505 1996 tergum;
534 1925 636 1995 tergus
664 1914 903 1995 quadrupedum,
930 1914 1084 1994 pluraliter
1114 1915 1184 1974 lacit
1207 1922 1338 1995 tergora,
1361 1913 1390 1973 id
1415 1923 1462 1975 est

157 2015 246 2073 coria.
289 2013 355 2073 ideo
384 2015 414 2072 in
442 2013 576 2093 exemplo
604 2011 683 2091 quod
710 2014 921 2090 grammaticus
947 2014 1055 2091 posuit·
1073 2013 1177 2071 vitiosa
1205 2013 1379 2092 compositio
1407 2020 1461 2093 est,

157 2102 267 2192 (Vera.
291 2111 365 2170 Aen.
396 2102 494 2171 VIIII
515 2103 598 2194 609)
622 2105 741 2169 ‘versa
763 2111 954 2170 iuvencum
972 2108 1089 2187 Terga
1113 2108 1306 2186 fatigamus
1334 2098 1461 2192 hasta',

157 2210 226 2286 quia
241 2207 320 2285 quod
333 2208 486 2268 bominum
501 2210 558 2270 luit
573 2206 748 2269 animalibus
762 2209 917 2289 imposuit,
938 2216 968 2268 et
983 2216 1028 2268 est
1042 2205 1281 2285 cacosyntheton.
1311 2206 1461 2288 Tinguere

157 2303 315 2365 dicendum
343 2314 402 2386 est,
431 2325 490 2367 non
518 2309 641 2385 tingere.
692 2304 857 2365 Temeritas
884 2307 948 2365 siue
977 2304 1115 2383 consilio,
1150 2303 1270 2365 audacia
1297 2315 1367 2385 post
1392 2325 1461 2367 eon-

115 2418 143 2457 ao
157 2400 264 2461 silium.
320 2401 528 2482 Temperantia
559 2405 739 2484 animorum,
773 2405 948 2482 temperatio
978 2421 1093 2482 rerum,
1123 2404 1283 2481 temperies
1313 2422 1460 2465 aurarum.

156 2498 271 2580 Turbo,
290 2502 315 2560 si
334 2502 373 2561 sit
391 2505 559 2582 proprium,
582 2500 732 2563 Turbonis
751 2503 834 2580 lacit,
858 2502 883 2561 si
902 2501 1123 2580 appellativum,
1141 2498 1279 2560 turbinis.
1316 2519 1383 2561 nam
1401 2505 1461 2561 sive

157 2590 290 2679 ventos,l
304 2599 365 2657 sive
385 2617 443 2677 quo
462 2598 569 2659 ludunt
586 2601 687 2679 pueri,
706 2599 754 2660 bic
773 2597 862 2659 turbo
882 2598 1005 2660 dicitnr:
1024 2598 1169 2677 Vergilius
1189 2590 1277 2679 (Aen.
1301 2598 1362 2658 VII
1380 2592 1462 2681 378)

157 2688 271 2755 ‘torto
300 2693 364 2755 sub
395 2694 546 2756 verbere
574 2692 706 2758 turbo'.
752 2696 928 2776 Teloneom,
952 2715 1011 2756 non
1034 2695 1220 2776 theloneum,
1247 2694 1276 2754 id
1301 2703 1346 2756 est
1373 2705 1463 2775 pert

160 2794 338 2875 simplicem,
360 2812 420 2853 uon
443 2795 622 2873 aspiratione
644 2794 750 2856 addita.
787 2804 833 2856 est
856 2803 954 2855 autem
978 2793 1058 2855 telon
1081 2793 1171 2854 latine
1195 2793 1326 2872 vectigal.
1363 2792 1461 2854 Trabo
1491 2782 1498 2795 κ

115 2906 142 2945 25
157 2891 231 2952 reiro
259 2895 289 2952 in
317 2894 478 2972 praeterito
507 2894 717 2971 aspirationem
739 2895 770 2953 in
794 2912 811 2952 x
835 2900 1025 2972 convertunt,
1053 2903 1086 2952 ut
1109 2893 1185 2952 traxi
1208 2893 1281 2952 vexi.
1315 2890 1370 2950 alia
1393 2910 1460 2970 pro·

157 2991 251 3049 iciuot
269 2992 493 3070 aspirationem:
511 2989 639 3051 dicimus
657 2992 737 3051 cuim
755 2989 907 3070 prebendo
926 2998 956 3050 et
973 2988 1097 3069 prendo,
1115 2988 1274 3049 vehemens
1288 2997 1319 3049 et
1332 3007 1460 3069 vemens,

157 3086 229 3147 nilril
253 3087 294 3148 nil
318 3096 348 3148 et
371 3087 467 3168 nihili,
490 3088 612 3149 hercule
636 3095 666 3148 et
687 3087 803 3168 hercle,
825 3087 904 3167 quod
928 3096 974 3148 est
997 3086 1169 3147 adierbium
1193 3085 1318 3146 iurandi.

246 3184 350 3268 Vinea,
379 3188 404 3246 si
428 3185 564 3247 arborem
589 3186 748 3268 siguificat,
775 3189 806 3246 in
834 3187 928 3265 prima
951 3184 1059 3265 syllaba
1087 3187 1098 3245 i
1125 3183 1214 3244 debet
1240 3182 1348 3244 babere
1373 3193 1403 3244 et
1431 3186 1461 3244 iu

156 3282 285 3370 secunda
313 3301 344 3364 c3
376 3285 402 3343 si
434 3283 469 3343 ad
503 3283 716 3363 indulgentiam
750 3285 893 3364 pertinet,
927 3285 1022 3362 prima
1050 3281 1159 3362 syllaba
1188 3302 1204 3342 e
1232 3290 1263 3342 et
1294 3281 1424 3341 secunda
1451 3283 1461 3340 i

115 3380 275 3454 onabeat,
305 3390 339 3442 ut
368 3390 414 3441 est
444 3384 536 3442 venia.
590 3380 700 3461 Vrgere
731 3381 874 3443 debemus
904 3381 1019 3462 dicere,
1049 3399 1107 3441 uon
1139 3399 1282 3459 urguere:
1314 3380 1460 3460 Vergilius

157 3472 245 3560 (Aen.
264 3479 308 3539 VI
318 3472 398 3561 561)
413 3474 607 3558 ‘urgentur
624 3475 776 3561 poeuis',
794 3483 865 3542 item
885 3472 995 3562 (Vera.
1010 3480 1084 3539 Aen.
1106 3479 1205 3539 VIIII
1219 3471 1300 3560 773)
1316 3473 1461 3557 ‘urgere

157 3575 227 3635 tela
251 3571 381 3637 manu'.
418 3575 539 3656 Vaccus,
564 3579 589 3637 si
608 3578 742 3638 animalia
762 3579 941 3658 significant,
963 3595 1018 3657 per
1036 3596 1067 3658 v;
1091 3578 1116 3636 si
1139 3575 1228 3636 llores
1252 3576 1341 3657 lauri,
1364 3574 1392 3635 id
1415 3583 1462 3635 est

157 3672 274 3753 baccas,
297 3693 351 3754 per
374 3673 393 3733 b
417 3672 572 3735 scribatur.
618 3674 707 3736 Vallis
730 3684 760 3736 et
782 3674 890 3735 vallum
912 3691 967 3754 per
990 3693 1007 3732 v
1030 3673 1221 3734 scribendum
1245 3683 1303 3748 est,
1330 3673 1460 3734 ballistra

157 3779 188 3830 et
210 3770 324 3832 ballena
347 3789 401 3850 per
424 3770 452 3831 b.
499 3770 598 3852 Valva,
626 3773 705 3852 quod
730 3782 776 3834 est
804 3774 928 3853 ostium,
955 3790 1009 3851 per
1032 3791 1062 3853 v;
1090 3771 1189 3851 balba,
1217 3770 1324 3832 mobile
1352 3790 1460 3832 nornen

116 3880 142 3920 ³⁵
156 3867 260 3929 balbus
279 3868 363 3929 balba
384 3867 516 3942 balbum,
535 3869 613 3948 quod
634 3880 680 3932 est
697 3870 877 3950 tardiloqua,
895 3868 983 3950 perb
1003 3868 1153 3929 scribitur.
1182 3867 1270 3928 Valde
1289 3867 1460 3929 adverbium

155 3983 172 4024 a
194 3966 289 4027 valido
312 3969 431 4027 nomine
456 3969 591 4048 veniens,
619 3966 697 4028 unde
724 3967 808 4029 valde
835 3975 976 4048 corrupte
1000 3966 1121 4048 dicitur,
1145 3984 1240 4046 perv
1271 3965 1459 4027 scribendum

158 4105 368 4112 -ᾎ-ῇ-

245 4186 262 4234 4
284 4180 435 4235 manifesta
453 4180 490 4234 Μ
559 4187 575 4235 6
598 4181 723 4235 detestor
741 4180 901 4250 aliquemp
955 4187 970 4235 'l
991 4179 1141 4250 superandi
1158 4180 1252 4235 hostes
1271 4180 1293 4235 S
1310 4180 1460 4250 superandi

160 4259 249 4314 bostis
267 4260 305 4313 M
319 4261 470 4331 superandi
487 4260 635 4331 bostemp
708 4265 741 4315 1⁵
760 4261 906 4330 pluraliter
921 4261 958 4312 M
972 4261 1110 4330 pluralem
1129 4259 1162 4327 S,
1181 4275 1270 4329 om.p
1339 4266 1370 4313 17
1396 4259 1460 4313 Ver·

155 4340 219 4408 potii
241 4356 347 4396 omnum
369 4357 422 4410 pro
441 4342 559 4410 exemplo
578 4340 760 4411 cacosynthcti
777 4346 930 4410 posuerunt
950 4339 1094 4396 Charisius
1115 4358 1145 4408 p.
1165 4344 1236 4405 271,
1254 4343 1293 4395 24
1317 4339 1460 4394 Diornedea

152 4435 184 4487 p.
203 4423 269 4487 451,
288 4426 324 4475 19
345 4421 476 4476 Sacerdos
490 4438 521 4490 p.
540 4424 603 4487 454,
622 4426 659 4475 18
680 4416 827 4488 Pompeios
840 4438 870 4490 p.
890 4426 956 4488 295,
975 4425 993 4475 4
1074 4425 1106 4474 18
1124 4417 1232 4487 tingere
1251 4418 1399 4473 dicendum
1418 4421 1461 4473 est

156 4516 211 4553 uon
229 4499 394 4570 linguorep
449 4508 480 4555 21
501 4517 566 4554 nam
581 4499 640 4554 siue
655 4499 721 4569 pM
735 4516 800 4554 num
819 4500 932 4556 sicutS
985 4506 1020 4554 24
1038 4501 1082 4554 est
1099 4501 1193 4553 eutem
1212 4514 1312 4568 grume
1329 4499 1407 4554 telon
1426 4497 1463 4551 M

209 4585 243 4633 2⁷
262 4579 375 4635 hercule
394 4583 424 4636 et
441 4579 535 4634 hercle
550 4578 615 4648 pb!
630 4582 660 4634 et
676 4578 774 4634 horule
793 4582 823 4634 et
841 4580 955 4640 ercleS
1017 4586 1051 4635 28
1070 4577 1224 4634 uineamS
1288 4584 1322 4632 30
1341 4595 1459 4649 urguere

156 4662 236 4729 (corr.
251 4663 360 4730 urgere)
375 4661 508 4715 debemus
521 4660 613 4716 dicere
627 4676 683 4714 uon
696 4674 795 4728 urgere
810 4676 886 4731 uerg.
895 4662 1050 4731 urguentur
1064 4663 1143 4730 (cor—r.
1153 4660 1298 4730 urgentur)
1312 4659 1409 4729 poenis
1425 4660 1463 4712 M

210 4745 243 4793 31
267 4738 335 4794 item
356 4770 388 4779 -
412 4756 497 4794 manu
520 4757 570 4796 orn.
590 4758 625 4809 p,
648 4738 712 4794 odd.
735 4737 801 4794 SM
867 4757 966 4811 urgere
989 4741 1012 4796 S
1034 4757 1152 4811 urguere
1176 4739 1213 4793 M
1281 4745 1314 4793 33
1340 4740 1458 4810 vallum]

157 4817 315 4873 ualliumS
376 4820 528 4890 bollisiap
