3316 5474
206 344 272 416 eit
747 353 977 411 crssrononu
1080 421 1082 424 Α

206 464 228 500 p.
241 453 287 493 528.
301 454 340 493 529
357 452 384 492 G.

207 536 304 597 dictus
332 537 514 617 intellegitur
537 538 689 618 Virgilius,
717 548 817 600 orator
847 543 1017 601 enuntiatus
1042 542 1206 603 advertitur
1230 542 1350 624 Cicero,
1379 546 1513 622 quamvis

207 643 293 704 multi
316 652 346 704 et
369 653 473 724 poetae
493 653 524 705 et
542 642 675 705 oratores
699 647 729 705 in
752 645 841 705 latina
864 645 964 725 lingua
984 667 1049 708 esse
1068 648 1241 730 doceantur,
1265 648 1343 727 qnod
1367 651 1456 709 etiam
1475 651 1512 711 de

206 750 334 811 Homero
358 759 446 830 atque
470 750 667 812 Demosthene
691 731 798 831 graeca¹
819 752 955 813 lacundia
978 753 1174 816 concelebrat.
1212 755 1418 816 mathematica
1441 774 1511 815 vero

206 866 252 918 est
271 860 395 919 scientia
414 877 489 937 qnae
509 858 685 919 abstractam
704 857 873 919 considerat
891 836 1093 938 quantitatem.
1130 861 1277 922 abstracta
1297 862 1376 920 enim
1396 864 1511 939 quanti·

207 973 250 1024 tas
274 965 396 1047 dicitur,
420 984 508 1043 quam
532 965 683 1026 intellectu
707 983 723 1025 a
747 968 869 1026 materia
892 977 1063 1046 separantes
1087 968 1131 1028 vel
1160 968 1196 1029 ab
1220 968 1293 1029 aliis·
1308 968 1539 1030 accidentibuss

206 1070 267 1131 sola
287 1074 511 1134 ratiocinatione
531 1082 700 1134 tractamus.
721 1072 725 1148 Ι
747 1075 789 1132 sic
811 1074 903 1133 totius
921 1073 1079 1135 voluminis
1097 1074 1170 1135 ordo
1191 1076 1275 1154 quasi
1293 1074 1421 1153 quodam
1440 1076 1511 1136 vade

205 1179 371 1259 promissus
394 1186 448 1239 est.
486 1198 565 1240 nunc
589 1197 677 1259 quem
697 1177 732 1239 ad
758 1179 876 1239 medum
899 1179 1028 1259 pollicita
1048 1186 1131 1260 sunt,
1153 1199 1208 1259 per
1227 1180 1386 1240 divisiones
1409 1179 1510 1240 desmi-

206 1287 361 1364 tionesque
385 1304 454 1347 suas
478 1287 597 1347 domino
621 1289 739 1346 iuvante
763 1284 933 1368 reddamus,
962 1289 1031 1373 qnia
1054 1287 1162 1366 duplex
1185 1285 1312 1365 quodam
1337 1285 1423 1345 modo
1452 1287 1509 1346 dis·

205 1392 292 1452 cendi
316 1411 410 1480 genps
435 1402 494 1474 est,
523 1393 641 1472 quando
665 1400 694 1452 et
717 1391 831 1451 linealis
845 1392 1014 1472 descriptio
1038 1392 1145 1454 imbuit
1167 1392 1324 1471 diligenter
1347 1403 1510 1474 aspectum,

206 1506 236 1558 et
262 1517 317 1577 per
344 1502 461 1560 aurium
490 1506 682 1579 praeparatus
709 1483 802 1558 intrat
827 1490 956 1559 auditus.
1006 1517 1061 1559 nec
1089 1498 1160 1559 illud
1188 1517 1307 1577 quoque
1338 1498 1511 1580 tacebimus,
1526 1518 1551 1556 ro

206 1605 314 1684 quibus
338 1605 511 1667 auctoribus
535 1615 593 1666 tam
618 1607 732 1684 graecis
759 1623 846 1683 quam
870 1603 968 1665 latinis
995 1622 1069 1683 quae
1093 1605 1220 1666 dicimus
1243 1608 1374 1684 exposita
1398 1605 1510 1665 clarue-

206 1720 289 1785 runt,
322 1720 356 1771 ut
384 1714 435 1790 qui
463 1713 594 1773 studiose
626 1711 724 1790 legere
752 1710 880 1771 voluerit
907 1711 1083 1790 quibusdam
1111 1712 1294 1791 compendiis
1322 1712 1510 1772 introductus

206 1817 333 1878 lucidius
356 1821 501 1879 maiorum
525 1819 602 1880 dicta
625 1820 778 1897 pereipiat.

471 1990 720 2057 INSTITVTIO
739 1991 798 2057 DE
818 1991 935 2057 ARTE
956 1989 1252 2058 GRAMMATIOA

295 2137 489 2198 Grammatica
517 2136 664 2197 alitteris
688 2156 794 2197 nomen
819 2140 946 2219 accepit,
975 2127 1052 2197 sient
1075 2137 1211 2199 vocabuli
1237 2140 1330 2218 ipsius
1359 2137 1508 2198 derivatus
1525 2156 1549 2194 15

206 2263 296 2304 sonus
321 2246 463 2326 ostendit,
493 2263 566 2324 quas
593 2247 707 2323 primus
731 2247 863 2306 omnium
888 2244 1015 2305 Cadmus
1039 2244 1168 2306 sedecim
1196 2253 1311 2306 tanturn
1335 2246 1443 2324 legitur
1466 2248 1509 2305 in-

206 2353 322 2411 venisse
350 2369 400 2411 eas
429 2351 548 2411 Graecis
577 2351 801 2411 studiosissimis
830 2352 958 2412 tradens.
999 2353 1128 2432 reliquas
1156 2354 1214 2432 ipsi
1241 2354 1392 2413 vivacitate
1420 2353 1510 2412 animi

205 2457 428 2538 suppleverunt.
464 2455 500 2516 de
525 2474 649 2534 quarum
673 2457 808 2518 formulis
832 2468 920 2537 atque
950 2459 1109 2520 virtutibus
1132 2458 1263 2520 Helenus
1287 2467 1317 2519 et
1339 2459 1510 2519 Priscianus

206 2564 355 2643 suptiliter
379 2565 467 2624 attico
491 2581 628 2633 sermone
652 2563 743 2625 locuti
767 2545 844 2626 sunt.
882 2568 1070 2644 grammatica
1093 2584 1164 2626 vero
1188 2574 1234 2626 est
1257 2567 1362 2645 peritia
1386 2564 1509 2644 pulchre

204 2056 225 2092 p.
240 2046 292 2084 teil
307 2044 341 2084 ed.
356 2045 448 2085 Pulseh.

205 2672 345 2750 loquendi
364 2689 399 2730 er
423 2673 520 2753 poetis
543 2669 709 2732 illustribus
728 2672 956 2751 oratoribusque
976 2671 1106 2734 collecta.
1143 2673 1274 2733 officium
1295 2674 1359 2733 eius
1378 2679 1425 2732 est
1445 2673 1508 2730 sine
1524 2688 1550 2726 so

204 2781 276 2839 vitio
300 2778 459 2838 dictionem
483 2777 629 2855 prosalem
648 2780 861 2856 metricamque
881 2796 1074 2860 componere;
1097 2780 1163 2839 linis
1182 2796 1253 2838 vero
1272 2777 1407 2838 elimatae
1430 2777 1508 2838 loeu-

206 2886 296 2944 tionis
320 2883 365 2943 vel
388 2885 554 2962 scripturae
577 2883 748 2963 inculpabili
770 2883 887 2963 placere
910 2887 1025 2964 peritia.

295 2989 353 3049 Sed
373 2991 506 3068 quamvis
524 2998 661 3051 auctores
680 2998 848 3069 temporum
867 2993 1056 3069 superiorum
1074 2991 1110 3050 de
1125 3000 1188 3052 erte
1202 2992 1392 3070 grammatica
1406 2990 1509 3050 ordine

205 3095 322 3156 diverso
342 3098 532 3156 tractaverint
551 3100 672 3176 suisque
692 3095 818 3155 saeculis
841 3094 962 3156 honoris
982 3095 1074 3158 decus
1097 3097 1270 3178 habuerint,
1294 3106 1328 3158 ut
1344 3096 1509 3176 Palaemon,

204 3202 331 3284 Phocas,
359 3201 475 3262 Probus
504 3211 533 3262 et
562 3202 757 3281 Censorinus,
786 3201 870 3262 nohis
898 3209 995 3262 tamen
1023 3202 1120 3282 placet
1147 3205 1178 3264 in
1206 3204 1335 3265 medium
1363 3202 1509 3262 Donatum
1524 3221 1549 3258 as

207 3308 367 3384 deducere,
397 3311 448 3387 qni
472 3318 502 3369 et
524 3313 626 3389 pueris
650 3309 818 3388 specialiter
840 3316 927 3388 aptus
950 3318 981 3370 et
1004 3308 1151 3371 tironibus
1179 3309 1322 3391 probatur
1345 3328 1508 3371 accommo-

205 3416 274 3491 dus,
303 3418 389 3476 cuius
416 3418 535 3494 gemina
563 3423 729 3475 commenta
758 3414 945 3495 reliquimus,
973 3423 1007 3477 ut
1030 3435 1120 3496 supra
1143 3417 1222 3496 quod
1250 3420 1313 3496 ipse
1337 3415 1442 3495 planus
1465 3423 1511 3475 est

205 3595 249 3650 uis
271 3595 353 3649 multi
372 3597 401 3649 et
421 3595 521 3665 poetae
541 3597 570 3648 et
588 3599 712 3651 oratores
730 3594 759 3646 in
781 3595 899 3662 utraque
921 3594 1019 3664 lingua
1044 3611 1104 3650 esse
1127 3593 1286 3648 doceantur.
1310 3592 1510 3647 mathematica

206 3676 310 3730 ueroB
346 3674 662 3744 3g1aeca]graeeiaAS
708 3673 915 3743 oquam]quas
954 3672 1182 3730 accedentibusS
1227 3670 1385 3726 tuadeAB
1394 3671 1508 3725 uateSb

213 3778 217 3784 ·
243 3763 258 3810 7
279 3754 526 3824 quemammodum
546 3755 606 3808 AB
668 3760 701 3808 10
719 3773 769 3823 per
787 3755 895 3809 aurium
914 3755 1111 3825 praeparatum
1129 3752 1217 3807 intret
1234 3750 1361 3806 auditum
1380 3751 1510 3806 (teretius

242 3835 419 3905 perannum
439 3834 461 3887 S
479 3836 545 3902 post
562 3834 670 3888 aurium
690 3836 750 3888 AB
824 3842 855 3889 12
874 3835 1014 3890 voluerint
1030 3864 1066 3874 -
1083 3831 1236 3888 introducti
1255 3861 1289 3871 —
1307 3829 1465 3901 percipiant
1481 3832 1509 3884 B

243 3922 428 3992 compendiis]
449 3922 634 3991 conpetentis
652 3923 674 3977 s
746 3931 779 3978 14
798 3911 877 3978 uxi.
893 3922 1109 3979 ennnnnme.
1127 3909 1216 3976 mei5
1231 3919 1441 3975 lusrrrvrro
1461 3920 1508 3974 nn

206 4013 305 4067 ARTE
334 3998 550 4066 enituerint
578 4010 768 4068 Grammatico
795 4030 812 4067 a
839 4012 942 4067 litteris
969 4013 1023 4069 As
1050 4011 1277 4067 cnssl0n0n11
1305 4009 1509 4065 scultetus

206 4092 309 4148 EXPL.
330 4090 487 4146 SECUNDI
511 4091 609 4146 LIBRl
633 4093 814 4147 PHHFA'PIO
838 4099 863 4146 et
885 4095 1053 4163 interpositis
1075 4093 1164 4147 vnete
1186 4091 1304 4146 eiusdm
1328 4090 1393 4145 libri
1414 4089 1510 4145 Gram-

206 4172 309 4226 matiea
327 4170 465 4225 alitteris
483 4172 510 4226 B
576 4180 608 4228 17
629 4191 731 4242 easque
751 4172 864 4226 Graecis
884 4171 1094 4229 studiosissimis
1112 4168 1295 4227 tradidisses
1349 4169 1470 4238 reliquas
1484 4170 1510 4222 B

206 4251 315 4321 reliqua
332 4251 388 4305 AS
453 4257 485 4306 18
504 4251 538 4306 de
555 4270 674 4321 ¹quarum
694 4251 879 4322 positionibus
896 4255 980 4321 atque
999 4250 1149 4306 uirtutibus
1168 4264 1249 4319 grece
1269 4249 1375 4305 ellenns
1393 4249 1511 4317 (allenus

205 4337 236 4385 ut
254 4333 364 4386 or'deturv
376 4332 402 4400 b)
421 4330 508 4386 latine
526 4332 679 4404 priscianus
698 4331 863 4400 suppliciter
880 4333 1058 4399 (sufficienter
1072 4331 1098 4399 b)
1117 4331 1309 4385 hactauerunt
1327 4330 1512 4400 grammatica

205 4429 272 4468 uero
294 4414 322 4466 B
410 4412 534 4467 Helenus
558 4413 643 4481 utque
666 4411 824 4466 Priscianus
848 4410 985 4467 Garetius.
1018 4411 1155 4466 Helenum
1178 4426 1256 4479 quem
1278 4409 1380 4463 dircmt
1404 4406 1510 4463 Onesio-

205 4492 309 4559 dors'us,
323 4509 379 4545 non
394 4497 506 4546 constat.
521 4493 546 4546 si
558 4509 684 4560 praecum
698 4508 752 4546 esee
766 4493 861 4559 uoluit,
874 4495 945 4548 acad
958 4493 1074 4559 videm,
1088 4490 1277 4560 derlpoilenio
1291 4489 1332 4543 vel
1341 4488 1510 4552 Herodiano,

204 4586 271 4639 quos
286 4571 552 4638 aprrdP-riseianum
567 4573 888 4639 communicatorem,
903 4573 1018 4642 eopitnri
1030 4577 1118 4641 potest
1190 4577 1222 4625 19
1243 4568 1342 4640 attico]
1360 4569 1475 4638 antiqno
1495 4586 1511 4626 ς

261 4655 295 4702 20
315 4650 524 4718 oratoribusque
544 4666 560 4706 ς
579 4649 793 4721 auctoribusque
813 4650 899 4707 ABS
983 4651 1042 4706 sine
1058 4650 1127 4706 vitio
1146 4650 1297 4705 dictionem
1315 4650 1341 4701 A
1361 4649 1420 4702 sine
1439 4648 1510 4702 uitio

207 4728 414 4784 distinctionem
432 4728 461 4781 B
479 4728 537 4783 sine
556 4729 717 4784 dictioneS
777 4740 810 4788 21
831 4731 962 4788 elimatae
980 4730 1060 4786 Rea
1078 4729 1232 4785 elimataA
1291 4733 1326 4780 24
1345 4728 1458 4795 suisque
1477 4759 1509 4768 —

207 4808 355 4864 habuerint
373 4809 404 4861 in
422 4824 507 4877 marp.
527 4809 591 4862 eald.
610 4809 638 4862 A
702 4817 736 4865 27
756 4809 937 4881 relinquimus
955 4809 978 4866 S
1040 4810 1140 4880 planus
1157 4808 1184 4862 B
1202 4807 1307 4862 latinus
1326 4807 1382 4861 As
