3316 5474
203 325 269 388 262
796 320 916 376 BLDAE

203 424 379 474 mmmmm

206 511 257 585 48,
282 502 341 590 20)
366 503 504 588 ‘posuit
526 505 691 586 Ephraim
716 517 797 569 ante
821 502 1022 568 Manassen’
1046 518 1076 569 et
1099 500 1177 589 (lod.
1198 509 1228 586 l,
1248 503 1303 591 15)
1328 504 1403 588 ‘qui
1427 517 1512 588 post

206 637 256 678 me
281 619 381 677 vonit
404 622 485 675 ante
508 632 560 674 me
585 615 702 676 lactus
726 610 807 697 est’,
829 615 860 675 id
883 624 929 675 est
953 613 1023 674 milri
1046 614 1203 694 praelatus.

295 722 367 784 Aula
391 723 480 782 latino
504 721 609 781 domus
629 723 710 800 regia
729 730 788 803 cst,
811 721 877 782 aule
900 739 1007 799 graece
1026 722 1134 781 atrium
1154 721 1272 783 dicitur.
1310 721 1512 782 unde'notan·

206 832 276 892 dnm
300 830 378 910 quod
401 831 431 889 in
455 828 566 908 psalmo
590 821 655 910 (23,
678 822 728 910 2),
756 827 807 888 ubi
837 827 961 907 legimus
985 821 1147 888 ‘adorate
1171 827 1351 888 domiuum
1374 830 1409 889 in
1433 828 1513 888 aula

207 945 328 999 sancta
357 931 461 1017 eius',
489 953 548 995 nou
575 933 714 1014 palatium
744 933 827 996 aulae
856 936 988 1015 nomine,
1017 934 1069 995 sed
1097 936 1207 996 atrium
1234 952 1341 1014 graeco
1370 933 1541 996 vocabuloa

126 1026 131 1031 ’
208 1044 295 1106 debet
317 1042 458 1121 intellegi.
1557 1020 1575 1029 “

296 1150 438 1211 Ausculto
466 1151 582 1210 suasori
609 1158 639 1210 et
667 1148 803 1211 ausculto
829 1157 987 1230 praecepta
1016 1152 1157 1230 magistri.
1202 1149 1337 1211 ausculto
1360 1158 1460 1211 autem
1483 1159 1515 1211 et

209 1259 296 1321 audio
316 1253 322 1342 Ι
342 1277 378 1318 ex
406 1275 466 1317 uno
495 1274 601 1336 graeco
630 1254 796 1333 [sermone]
825 1262 998 1338 vertuntur,
1022 1255 1100 1336 quod
1124 1264 1171 1317 est
1193 1247 1316 1318 ἀκούω.
1354 1257 1514 1335 [ruceium

211 1365 347 1439 similiter
371 1372 401 1425 et
424 1381 492 1424 cera
515 1360 626 1442 liquida
649 1359 802 1440 pretioso]

297 1474 371 1532 Arra
394 1470 483 1531 latine
503 1470 621 1550 dicitur,
644 1468 770 1529 arrabon
794 1487 899 1549 graece
925 1460 1122 1550 [ἀρραβών]
1155 1487 1230 1549 agon
1251 1488 1356 1550 graece
1382 1461 1515 1553 [dyoiv],
1532 1488 1559 1526 ro

210 1580 299 1641 latine
324 1587 483 1639 certamen.
520 1595 608 1638 arura
631 1595 736 1656 graece
761 1567 934 1658 [o'r'povpo],
961 1574 1051 1637 latine
1078 1593 1190 1637 arvum.
1227 1575 1376 1656 asphaltos
1399 1596 1515 1661 graece,

210 1688 300 1748 latine
324 1686 467 1746 bitumen.

300 1794 376 1853 Acer
396 1792 573 1873 acerrimus,
596 1809 655 1852 non
674 1792 877 1872 acerissimus,
901 1790 984 1871 agilis
1008 1791 1167 1872 agillimus,
1191 1810 1250 1852 uon
1268 1790 1461 1903 agilissimus,
1485 1801 1517 1853 ot

212 1904 241 1962 in
265 1898 412 1961 adverbiis
435 1901 579 1959 acerrime
603 1907 633 1958 et
656 1898 791 1977 agillime.
891 1935 897 1942 -

298 2006 400 2066 Audeo
423 1998 515 2065 audes
537 2004 704 2085 perlectum
728 2005 797 2065 iacit
820 2022 873 2065 aus
876 2021 911 2065 us
935 2021 1009 2064 sum.
1532 2022 1559 2061 rs

299 2113 413 2175 Adiuro
436 2112 586 2191 perlectae
610 2111 721 2172 formae
745 2120 805 2192 est,
828 2111 929 2172 adiuto
953 2111 1195 2190 frequentativam

299 2222 412 2282 Acervo
435 2237 543 2298 aggero
567 2218 686 2279 cumulo
710 2237 746 2279 ox
769 2236 830 2279 uno
853 2235 960 2297 graec-o
984 2216 1074 2278 verbo
1099 2209 1245 2299 σωρεύω.

301 2330 396 2408 Aeger
419 2328 530 2407 animo,
556 2315 695 2405 aegrotus
719 2343 857 2406 corpore,
887 2332 1048 2404 utrumque
1076 2343 1188 2404 perae
1212 2325 1414 2406 diphthongon
1442 2331 1516 2388 scri·
1557 2372 1561 2378 -

211 2435 351 2497 bendum.

300 2540 411 2603 Aboleo
435 2540 562 2621 abolevi,
585 2556 672 2600 arceo
696 2540 787 2599 arcui.
1532 2557 1559 2594 20

206 2628 222 2651 x
301 2647 377 2709 Alibi
401 2647 457 2708 alio
480 2647 559 2728 loco,
583 2645 654 2707 alias
677 2643 736 2705 alio
760 2653 893 2725 tempore
918 2646 1071 2724 siguificat.
1108 2654 1237 2708 attamen
1261 2649 1428 2709 invenimus
1448 2648 1518 2709 allos

214 2777 274 2819 non
298 2773 460 2836 numquam
482 2773 537 2835 pro
561 2753 647 2814 aliter
669 2754 730 2812 sive
754 2770 809 2832 pro
833 2750 889 2811 alio
912 2751 978 2812 loco
1001 2754 1140 2832 positum.

302 2862 443 2923 Abstineo
462 2879 509 2921 me
528 2860 605 2940 cibo,
628 2858 741 2919 alienus
760 2876 826 2919 sum
850 2859 983 2919 crimine.
1020 2853 1199 2921 ‘anteibat
1222 2862 1400 2940 sapientia
1421 2862 1518 2922 Salo·

215 2990 293 3032 mon
322 2971 465 3055 cunctis
495 2960 724 3028 mortalibus’
754 2964 885 3025 lulianus
912 2966 961 3054 ait.
998 2964 1141 3027 admoneo
1169 2968 1393 3028 interfectorem
1421 2969 1519 3030 caedis

215 3088 245 3139 ct
269 3077 398 3139 caedem.
1533 3091 1559 3131 rs

305 3182 442 3263 Aequalis
465 3181 587 3242 alterius
610 3187 741 3241 staturae
764 3198 819 3260 par
842 3188 887 3241 est
892 3180 1075 3260 ,aequabile
1100 3181 1178 3261 quod
1203 3184 1323 3261 aequari
1347 3193 1453 3262 potest.

304 3292 453 3370 Appetens
478 3288 577 3349 cibum
601 3297 630 3348 et
653 3296 796 3368 appetens
819 3287 890 3349 eibi:
917 3283 1124 3349 Ambrosios
1131 3307 1263 3350 cancer
1286 3297 1324 3350 ut
1347 3298 1521 3370 appetens

216 3398 287 3461 cibi
311 3401 358 3460 ita
383 3397 613 3477 prospiciens
636 3404 691 3456 est
714 3390 895 3475 perieuli'.

306 3507 420 3565 Accuso
435 3503 612 3582 sacrilegum
628 3511 659 3564 et
676 3503 815 3564 insimulo
830 3521 866 3563 ex
885 3519 945 3563 uuo
964 3520 1071 3582 graeco
1086 3505 1167 3565 veuit
1184 3502 1367 3586 κατηγορῶ,
1392 3507 1520 3567 animad-

216 3622 300 3674 verto
323 3614 355 3672 in
378 3619 408 3671 te
432 3619 462 3671 et
486 3611 600 3671 vindico
624 3613 654 3670 in
679 3619 708 3670 te
732 3628 768 3670 cx
792 3627 851 3669 uno
874 3626 981 3689 graeco
1003 3601 1140 3684 κολάζω.
1537 3626 1564 3665 oo

217 3752 223 3760 -
307 3720 363 3779 Aes
385 3716 526 3796 singulari
550 3726 665 3779 tantum
684 3735 808 3779 numero
827 3715 949 3797 gaudet,
972 3726 1002 3777 et
1020 3719 1153 3797 quamvis
1172 3735 1240 3778 aera
1260 3718 1400 3799 dicamus,
1424 3728 1521 3779 tamen

218 3828 328 3888 ceteris
343 3824 460 3886 casibus
476 3843 534 3885 non
550 3827 671 3886 utimur.
699 3834 860 3886 autumnus
874 3841 983 3903 genere
998 3823 1161 3885 masculino
1176 3833 1207 3886 et
1223 3833 1398 3886 uutumnum
1413 3825 1522 3885 dicitur

309 4002 325 4051 2
344 3998 409 4051 onte
428 3996 519 4051 iectus
538 3998 581 4051 est
600 3997 627 4050 P
685 4002 701 4050 3
721 3995 785 4051 aule
803 4010 904 4065 graece
921 3994 1023 4049 atrium
1042 3981 1146 4050 dicitur
1167 3994 1204 4049 Μ
1220 3993 1286 4049 aulo
1303 4013 1403 4067 greeae
1422 3995 1524 4050 dieitur

220 4076 323 4131 atrium
344 4075 371 4130 P
388 4093 487 4146 graece
506 4076 609 4131 atrium
628 4075 654 4128 L
726 4075 790 4129 tin
808 4075 912 4145 aula]
904 4093 933 4130 m
951 4074 1024 4131 atrio
1043 4075 1072 4128 P
1142 4078 1159 4128 8
1177 4091 1304 4131 sermono
1322 4083 1347 4132 et
1365 4080 1408 4133 est
1427 4093 1477 4132 oct.
1499 4079 1526 4131 P

273 4159 438 4212 acetum—
457 4156 616 4236 ttprctiosa
633 4174 683 4212 om.
700 4157 779 4223 ML,
798 4157 861 4211 odd.
878 4156 912 4212 P.
931 4157 1027 4211 relicto
1044 4171 1098 4212 ecoe
1116 4156 1244 4212 videntur
1261 4158 1343 4212 verbo
1362 4174 1395 4212 ex
1409 4157 1524 4211 adnota-

107 4234 110 4238 ’
220 4237 294 4292 tione
316 4237 349 4291 de
373 4237 481 4305 duplico
503 4238 750 4306 significationen.
774 4239 885 4292 acetum
963 4241 997 4290 10
1019 4230 1161 4308 ἀρραβών,
1182 4238 1246 4292 item
1268 4230 1345 4305 ἀγών
1368 4232 1436 4290 et
1417 4256 1525 4304 αρουρα

221 4335 271 4374 om.
290 4318 317 4371 L
391 4324 421 4371 11
442 4316 569 4370 oruroL
587 4333 668 4372 crure
689 4318 717 4370 P
733 4317 809 4371 Rure
828 4317 866 4371 M
935 4315 1078 4385 asphaltos
1096 4318 1123 4371 L
1139 4318 1262 4389 ospaltoe
1282 4316 1351 4369 MP
1419 4322 1452 4369 13
1471 4334 1526 4370 non

223 4399 413 4455 acerrissimus
430 4397 466 4450 M
472 4396 500 4448 P
510 4412 564 4449 nou
579 4397 738 4452 norissimus
752 4397 779 4449 L
828 4395 910 4466 egilis
925 4395 1067 4466 agillimus
1081 4413 1137 4452 non
1151 4395 1332 4467 ogilliooimuo
1346 4395 1379 4463 P,
1394 4411 1444 4449 orn.
1461 4397 1527 4448 ML

278 4487 310 4534 14
329 4475 467 4548 agillime]
488 4474 619 4544 egellime
638 4476 665 4529 P
736 4484 768 4532 15
787 4476 935 4532 Audeo-
955 4492 1039 4529 eurus
1058 4493 1119 4530 sum
1137 4492 1187 4531 ont.
1210 4476 1248 4529 M
1320 4482 1353 4529 16
1372 4478 1414 4528 est
1433 4490 1482 4528 orn.
1501 4474 1529 4527 P

278 4564 310 4613 17
337 4575 370 4612 ex
395 4574 450 4611 uuo
477 4571 577 4626 graeco
602 4556 689 4610 uerbo
715 4557 752 4610 Μ
774 4573 807 4611 ex
832 4574 887 4610 uno
913 4558 978 4611 sunt
1000 4573 1101 4626 graeco
1125 4548 1211 4610 uerbo
1236 4555 1264 4607 P
1285 4571 1318 4609 ex
1342 4571 1398 4609 uuo
1425 4571 1527 4624 graeco

223 4638 340 4693 ueniunt
357 4638 383 4691 L
455 4644 489 4692 23
507 4654 553 4692 me
572 4650 589 4691 a
607 4637 669 4691 cibo
691 4637 728 4690 Μ
789 4653 850 4690 sum
870 4653 887 4690 o
905 4635 1021 4690 crimine
1040 4635 1068 4690 P
1126 4633 1294 4703 sapientiam
1315 4634 1342 4687 P
1409 4641 1443 4689 26
1462 4637 1526 4706 par]

224 4734 289 4788 pars
309 4716 337 4771 P
414 4717 488 4786 quod
507 4719 551 4772 eet
568 4716 682 4786 aequori
700 4717 793 4786 potest
810 4715 839 4768 P
919 4721 953 4770 29
971 4715 1114 4771 instimulo
1132 4713 1159 4767 L
1241 4711 1413 4777 ΚὰΤΕΤΟΡὸ
1431 4717 1457 4768 L

225 4805 258 4853 31
279 4797 345 4869 Aes]
365 4814 413 4852 aer
433 4798 470 4851 M
474 4797 541 4851 PL:
560 4798 595 4866 cf.
615 4797 721 4852 Oborio.
739 4813 770 4866 p.
790 4799 839 4858 34.
857 4800 897 4851 20
982 4809 1097 4849 numero
1115 4795 1226 4848 tentum
1246 4795 1284 4848 M
1367 4794 1485 4850 dicimus
1504 4795 1531 4846 P
