3316 5474
720 1128 980 1227 AVDAOIS

199 1311 261 1384 DE
308 1312 476 1424 SOAVRI
517 1313 581 1384 ET
623 1313 854 1385 PALLADII
891 1312 1054 1386 LIBRIS
1096 1313 1360 1386 EXOERPTA
1403 1315 1504 1387 PER

357 1437 826 1534 INTERROGATIONEM
866 1438 929 1509 ET
975 1438 1343 1511 RESPONSIONEM

646 1595 705 1659 DE
729 1593 901 1661 NOMINE
926 1593 1054 1660 ARTIS

198 1721 219 1758 p.
238 1710 364 1749 leitilai.

121 1811 179 1861 tete
290 1798 345 1857 Ars
361 1797 439 1876 ¹quid
464 1793 531 1856 est?
568 1795 621 1856 Rei
646 1799 791 1875 uniusque
817 1799 938 1857 selentia
962 1797 997 1857 ad
1030 1795 1185 1857 utilitatem
1217 1796 1503 1875 delectationemque
1533 1813 1546 1851 s

201 1902 349 1964 tendentis
374 1921 429 1963 usu
453 1902 497 1962 rel
522 1905 635 1963 ratione
659 1902 873 1982 comprehensa
893 1949 899 1962 .
918 1912 1012 1964 artem
1032 1910 1130 1963 autem
1150 1903 1251 1963 dixere
1271 1913 1399 1976 veteres,
1422 1884 1503 1982 qnod

200 2019 263 2070 arte
297 2013 482 2090 strictimque
515 2012 612 2070 omnis
648 2013 692 2069 rei
729 2019 901 2089 argumenta
939 2011 1090 2069 contineat
1122 2056 1127 2069 .
1162 2008 1235 2069 hano
1269 2008 1387 2090 Graeci,
1424 2008 1504 2087 qnod

199 2117 366 2177 industriae
389 2119 498 2177 vietnte
522 2116 597 2176 botta
620 2116 804 2197 possideret,
826 2125 927 2177 areton
952 2116 1099 2178 dixerunt.

121 2240 181 2290 ure
291 2224 405 2284 Artium
429 2241 538 2302 genera
562 2233 634 2302 quot
654 2221 748 2284 snut?
771 2224 848 2284 Tria,
887 2220 991 2295 Quae?
1015 2224 1091 2284 Sunt
1110 2223 1253 2303 quaedam
1273 2225 1361 2283 enlmi
1381 2229 1505 2304 tantum,

201 2329 344 2408 quaedam
369 2332 516 2409 eorporis,
540 2329 683 2409 quaedam
708 2332 797 2390 animi
821 2340 851 2391 et
874 2333 1023 2414 corporIs:
1050 2333 1140 2391 animi
1168 2339 1296 2410 tanturm
1325 2340 1358 2390 nt
1380 2331 1505 2409 poetica,
1521 2348 1547 2386 ιο

203 2439 327 2516 rtrrtsioa,
364 2436 535 2517 astrologia,
571 2439 778 2518 grammatica,
815 2437 977 2518 rhetorica,
1019 2439 1093 2498 iuris
1131 2439 1267 2518 scientle,
1303 2435 1504 2516 philosoplrla3

202 2545 351 2623 coqroris,
384 2541 533 2623 mediatio,
565 2543 671 2624 saltuS,
705 2542 857 2625 velocitas,
890 2545 991 2604 onerIs
1023 2552 1188 2626 gestamen,
1222 2546 1311 2604 animi
1343 2553 1441 2603 antem
1475 2551 1506 2603 et

202 2652 350 2731 eorporis,
380 2653 459 2711 ruris
489 2649 600 2730 cultus,
630 2649 788 2731 palaestra,
820 2650 976 2731 medIcina,
1007 2649 1190 2731 mechanica,
1221 2653 1367 2712 tectonica
1392 2696 1398 2709 .
1423 2649 1505 2720 Ouae

202 2766 272 2817 snnt
302 2776 337 2817 ex
370 2757 434 2838 his,
467 2775 540 2836 quas
572 2764 687 2817 veteres
720 2756 785 2817 aliis
814 2755 983 2817 nominibus
1011 2754 1238 2818 discreverunt?
1288 2756 1506 2837 Κακοτεχνία,

203 2860 438 2944 ψευὸοτεχνία,
466 2863 698 2944 ματαιοτεχνία
723 2910 729 2924 .
754 2862 963 2943 Κακοτεχνία
986 2882 1065 2939 quoe
1088 2867 1152 2924 est?
1198 2865 1343 2924 Oratorio
1372 2911 1378 2923 .
1407 2863 1505 2935 Quare
1522 2880 1547 2919 15

202 2967 420 3050 κακοτεχνίαῖ
459 2969 610 3049 Siquidem
635 2970 779 3030 malitiosa
803 2987 852 3029 ors
876 2979 922 3030 est
944 2980 975 3031 et
993 2973 1023 3030 in
1043 2970 1071 3030 id
1091 2971 1170 3050 quod
1189 2970 1370 3050 persuadere
1390 2972 1507 3049 quaerit

203 3080 315 3137 intenta
339 3076 514 3156 plerumque
538 3077 573 3136 ad
597 3077 823 3156 pervertendam
848 3078 953 3137 nititur
973 3078 1126 3137 veritatem
1150 3125 1156 3136 .
1186 3074 1411 3156 Ψευδοτεχνία
1434 3080 1504 3138 item

274 3286 301 3339 Β
320 3287 403 3340 codex
420 3287 569 3340 Benenate
587 3290 642 3340 336

276 3365 313 3418 Μ
330 3367 413 3420 codex
432 3367 610 3421 Monacensis
628 3370 714 3430 6434,
732 3363 797 3418 olim
816 3362 1006 3434 Frioinqensie
1024 3369 1081 3420 234

281 3444 306 3498 V
328 3445 464 3499 Victorini
482 3446 549 3499 libri
566 3445 599 3499 dc
617 3450 676 3498 orte
693 3445 874 3514 qrommotico
892 3448 917 3497 et
934 3443 967 3497 de
984 3445 1077 3498 metris
1095 3449 1119 3498 et
1136 3444 1291 3498 hccometro
1309 3446 1376 3499 editi
1393 3462 1506 3516 quornm.

204 3527 251 3580 lot.
270 3542 295 3579 o.
320 3525 367 3577 VI
378 3543 408 3594 p.
428 3530 484 3580 187
508 3541 577 3594 sqq,
601 3540 615 3578 e
636 3525 736 3592 quitus
753 3524 785 3576 in
803 3523 898 3591 priore
917 3528 999 3591 porte
1021 3523 1087 3578 tiore·
1109 3540 1141 3577 eo
1163 3541 1233 3592 quoe
1255 3524 1293 3578 od
1311 3526 1507 3580 emcrutondone

203 3606 369 3674 scripturam
388 3605 509 3659 codicum
527 3604 594 3658 BM
606 3606 747 3673 pertinent
766 3603 898 3655 adnotato
916 3608 988 3656 eunt.
1025 3604 1133 3657 numeri
1150 3604 1322 3672 poqe'nornm
1340 3610 1364 3658 et
1383 3621 1508 3659 aerenum

204 3688 236 3740 in
253 3685 425 3753 nrorqinibns
443 3684 580 3752 adscripti
597 3689 669 3738 sunt.

277 3773 290 3818 1
303 3763 440 3818 INCIPIT
455 3762 611 3819 AUDAOIS
631 3763 678 3817 DE
698 3762 830 3818 SCAURI
844 3762 891 3816 ET
904 3761 1076 3817 PALLADII
1090 3762 1208 3816 LIBRIS
1223 3762 1416 3818 EXOERPTA
1437 3764 1508 3818 PER

205 3841 563 3901 INTERROGATIONEM
590 3844 637 3898 ET
665 3841 949 3898 RESPONSIONEM
982 3836 1110 3897 SORIPT
1141 3841 1189 3895 DE
1222 3841 1367 3897 NOMINE
1401 3843 1508 3898 ARTIS

206 3923 503 3982 INTERPRETATIO
537 3926 589 3977 Ars
616 3925 644 3977 Β
672 3924 811 3979 INCIPIT
839 3921 996 3979 AUDACIS
1025 3922 1072 3977 DE
1101 3921 1233 3978 SOAURI
1260 3922 1309 3976 ET
1337 3924 1507 3977 PALLADII

205 4006 322 4062 LIBRIS
347 4003 539 4060 EXOERPTA
563 4005 610 4058 ET
634 4005 706 4059 PER
725 4003 1081 4060 INTERROGATIONEM
1096 4001 1286 4058 RESPONSA
1301 4003 1348 4056 DE
1362 4002 1508 4059 NOMINE

205 4087 313 4143 ARTIS
332 4079 449 4157 INTgat
476 4087 529 4140 Ars
559 4086 596 4139 Μ
667 4092 682 4139 5
707 4085 771 4156 Ars]
803 4087 901 4140 similla
934 4085 1003 4140 artic
1030 4085 1153 4151 definitio
1182 4083 1290 4137 Scauro
1316 4085 1452 4138 tribuitur
1477 4086 1509 4138 in

205 4169 296 4239 Scrqii
319 4167 560 4237 explanationibus
583 4167 614 4219 in
638 4166 711 4220 Don.
731 4184 761 4236 p.
786 4172 855 4233 486,
879 4173 911 4234 9,
935 4165 1054 4220 Scaurus
1072 4182 1139 4221 nero
1158 4165 1223 4221 hinc
1246 4165 1351 4235 coepit,
1382 4165 1438 4218 ‘ers
1466 4165 1509 4218 est

205 4249 338 4319 cuiusque
362 4246 404 4302 rei
428 4246 546 4301 scientio
569 4263 618 4300 usn
642 4245 688 4299 vel
710 4246 860 4301 traditione
883 4245 1038 4314 snscepta':
1066 4246 1101 4312 cs.
1125 4246 1217 4302 Diem.
1241 4264 1271 4315 p.
1296 4251 1365 4310 421,
1388 4250 1405 4297 9
1430 4244 1507 4298 Mor.

211 4329 310 4384 Victor.
336 4347 365 4398 p.
395 4333 426 4393 3,
455 4331 472 4380 7
499 4325 618 4394 Pompei.
639 4343 669 4393 p.
689 4330 775 4391 95,4
849 4325 1115 4396 dilectationemque
1135 4327 1171 4380 M
1189 4324 1462 4392 declinationemque
1481 4325 1508 4376 Β

206 4415 220 4463 'I
245 4409 428 4477 strictumque
447 4407 474 4459 Β
547 4406 737 4475 Sponsideret
762 4407 839 4461 arete
861 4405 889 4457 Β
913 4405 1055 4474 possidere
1078 4409 1174 4461 erclen
1198 4407 1236 4460 Μ
1307 4413 1322 4460 9
1347 4409 1411 4461 sunt
1433 4404 1506 4460 enim

206 4488 345 4557 quendem
365 4488 402 4541 M
472 4493 505 4541 10
525 4485 613 4541 animi
630 4490 741 4542 tantum
760 4487 791 4539 ut
809 4485 922 4554 poetica
939 4517 973 4524 —
994 4492 1026 4539 12
1051 4487 1121 4542 ruris
1144 4487 1235 4542 cultus
1259 4505 1308 4544 om.
1330 4488 1378 4553 M,
1398 4487 1461 4540 odd.
1480 4485 1508 4538 Β

207 4575 239 4622 13
254 4567 423 4622 moccanitia
437 4566 577 4622 tectonica
590 4568 618 4620 Β
633 4566 783 4621 mecenitio
796 4564 963 4619 tectonicam
979 4565 1017 4619 M
1063 4572 1096 4620 14
1109 4566 1302 4621 disereueruut
1316 4568 1509 4634 (decreuerunt

205 4647 243 4713 Β)
257 4646 290 4700 R.
306 4646 477 4716 anotegnIa
490 4649 542 4703 Int.
576 4647 637 4712 Qua
652 4663 679 4700 rc
695 4645 857 4715 cacotegnia
870 4643 903 4700 R.
919 4644 1062 4714 Siquidem
1076 4646 1144 4700 ΒΜ
1156 4666 1164 4698 .·
1178 4647 1364 4714 snpplunento
1378 4648 1508 4715 praebuit

211 4727 235 4779 V
310 4732 340 4780 tr
365 4726 476 4798 nltitur]
496 4726 621 4781 nidiatur
640 4727 677 4780 M
747 4724 950 4794 pseudotegma
968 4725 1037 4780 Item
1058 4727 1094 4780 M
1111 4725 1317 4795 pseudotegnie
1335 4724 1391 4778 ium
1409 4726 1437 4777 B
