<?xml version="1.0" encoding="UTF-8"?>
<!DOCTYPE html PUBLIC "-//W3C//DTD XHTML 1.0 Transitional//EN"
    "http://www.w3.org/TR/xhtml1/DTD/xhtml1-transitional.dtd">
<html xmlns="http://www.w3.org/1999/xhtml" xml:lang="en" lang="en">
 <head>
  <title>
</title>
<meta http-equiv="Content-Type" content="text/html;charset=utf-8" />
  <meta name='ocr-system' content='tesseract 3.04.00' />
  <meta name='ocr-capabilities' content='ocr_page ocr_carea ocr_par ocr_line ocrx_word'/>
</head>
<body>
  <div class='ocr_page' id='page_1' title='image "./grammaticilatin00keilgoog/grammaticilatin00keilgoog_0107.png"; bbox 0 0 3316 5474; ppageno 0'>
   <div class='ocr_carea' id='block_1_1' title="bbox 206 312 1041 386">
    <p class='ocr_par' dir='ltr' id='par_1_1' title="bbox 206 312 1041 386">
     <span class='ocr_line' id='line_1_1' title="bbox 206 312 1041 386; baseline -0.006 -12"><span class='ocrx_word' id='word_1_1' title='bbox 206 322 248 386; x_wconf 86' lang='lat'>88</span> <span class='ocrx_word' id='word_1_2' title='bbox 677 317 783 374; x_wconf 80' lang='lat' dir='ltr'>carm</span> <span class='ocrx_word' id='word_1_3' title='bbox 803 316 849 371; x_wconf 84' lang='lat' dir='ltr'>nr</span> <span class='ocrx_word' id='word_1_4' title='bbox 867 312 1041 370; x_wconf 78' lang='lat' dir='ltr'>canoncn</span> 
     </span>
    </p>
   </div>
   <div class='ocr_carea' id='block_1_2' title="bbox 181 499 1588 4426">
    <p class='ocr_par' dir='ltr' id='par_1_2' title="bbox 207 499 1515 694">
     <span class='ocr_line' id='line_1_2' title="bbox 207 499 1515 584; baseline -0.009 -15"><span class='ocrx_word' id='word_1_5' title='bbox 207 508 277 570; x_wconf 92' lang='lat' dir='ltr'>olim</span> <span class='ocrx_word' id='word_1_6' title='bbox 301 507 413 568; x_wconf 89' lang='lat' dir='ltr'>editum</span> <span class='ocrx_word' id='word_1_7' title='bbox 438 515 525 568; x_wconf 83' lang='lat' dir='ltr'>esset</span> <span class='ocrx_word' id='word_1_8' title='bbox 567 508 597 566; x_wconf 92' lang='lat' dir='ltr'>in</span> <span class='ocrx_word' id='word_1_9' title='bbox 626 506 673 565; x_wconf 83' lang='lat' dir='ltr'>liis</span> <span class='ocrx_word' id='word_1_10' title='bbox 697 505 788 584; x_wconf 86' lang='lat' dir='ltr'>igitur</span> <span class='ocrx_word' id='word_1_11' title='bbox 810 501 945 563; x_wconf 88' lang='lat' dir='ltr'>Pntschii</span> <span class='ocrx_word' id='word_1_12' title='bbox 965 500 1131 568; x_wconf 74' lang='lat' dir='ltr'><strong>,editionem</strong></span> <span class='ocrx_word' id='word_1_13' title='bbox 1153 500 1251 561; x_wconf 89' lang='lat' dir='ltr'>littera</span> <span class='ocrx_word' id='word_1_14' title='bbox 1271 518 1307 579; x_wconf 88' lang='lat' dir='ltr'>p,</span> <span class='ocrx_word' id='word_1_15' title='bbox 1330 499 1515 579; x_wconf 78' lang='lat' dir='ltr'><strong>antiquiores</strong></span> 
     </span>
     <span class='ocr_line' id='line_1_3' title="bbox 207 614 534 694; baseline -0.006 -18"><span class='ocrx_word' id='word_1_16' title='bbox 207 617 304 678; x_wconf 88' lang='lat' dir='ltr'>littera</span> <span class='ocrx_word' id='word_1_17' title='bbox 326 627 345 679; x_wconf 77' lang='grc' dir='ltr'><strong><em>ς</em></strong></span> <span class='ocrx_word' id='word_1_18' title='bbox 363 614 534 694; x_wconf 83' lang='lat' dir='ltr'>significavi.</span> 
     </span>
    </p>

    <p class='ocr_par' dir='ltr' id='par_1_3' title="bbox 181 713 1588 4426">
     <span class='ocr_line' id='line_1_4' title="bbox 295 713 1515 801; baseline -0.01 -19"><span class='ocrx_word' id='word_1_19' title='bbox 295 721 386 782; x_wconf 86' lang='lat' dir='ltr'>Flavii</span> <span class='ocrx_word' id='word_1_20' title='bbox 405 721 493 801; x_wconf 88' lang='lat' dir='ltr'>Capri</span> <span class='ocrx_word' id='word_1_21' title='bbox 511 718 570 780; x_wconf 92' lang='lat' dir='ltr'>duo</span> <span class='ocrx_word' id='word_1_22' title='bbox 590 719 700 779; x_wconf 88' lang='lat' dir='ltr'>seimus</span> <span class='ocrx_word' id='word_1_23' title='bbox 719 736 809 798; x_wconf 90' lang='lat' dir='ltr'>opera</span> <span class='ocrx_word' id='word_1_24' title='bbox 828 718 936 794; x_wconf 81' lang='lat' dir='ltr'>luisse,</span> <span class='ocrx_word' id='word_1_25' title='bbox 959 717 995 777; x_wconf 93' lang='lat' dir='ltr'>de</span> <span class='ocrx_word' id='word_1_26' title='bbox 1015 716 1157 777; x_wconf 79' lang='lat' dir='ltr'>latinitate</span> <span class='ocrx_word' id='word_1_27' title='bbox 1177 715 1262 776; x_wconf 89' lang='lat' dir='ltr'>etde</span> <span class='ocrx_word' id='word_1_28' title='bbox 1282 713 1381 774; x_wconf 90' lang='lat' dir='ltr'>dubiis</span> <span class='ocrx_word' id='word_1_29' title='bbox 1399 713 1515 793; x_wconf 89' lang='lat' dir='ltr'>generi·</span> 
     </span>
     <span class='ocr_line' id='line_1_5' title="bbox 207 823 1515 907; baseline -0.008 -16"><span class='ocrx_word' id='word_1_30' title='bbox 207 830 264 891; x_wconf 91' lang='lat' dir='ltr'>bus</span> <span class='ocrx_word' id='word_1_31' title='bbox 284 829 326 889; x_wconf 88' lang='lat' dir='ltr'>vel</span> <span class='ocrx_word' id='word_1_32' title='bbox 347 827 429 890; x_wconf 87' lang='lat' dir='ltr'>dubii</span> <span class='ocrx_word' id='word_1_33' title='bbox 449 827 604 907; x_wconf 82' lang='lat' dir='ltr'>sermonis,</span> <span class='ocrx_word' id='word_1_34' title='bbox 628 824 790 904; x_wconf 83' lang='lat' dir='ltr'>exquibus</span> <span class='ocrx_word' id='word_1_35' title='bbox 810 827 831 885; x_wconf 91' lang='lat' dir='ltr'>ii</span> <span class='ocrx_word' id='word_1_36' title='bbox 849 826 901 903; x_wconf 91' lang='lat' dir='ltr'>qui</span> <span class='ocrx_word' id='word_1_37' title='bbox 919 833 1022 905; x_wconf 90' lang='lat' dir='ltr'>postea</span> <span class='ocrx_word' id='word_1_38' title='bbox 1041 824 1078 884; x_wconf 88' lang='lat' dir='ltr'>de</span> <span class='ocrx_word' id='word_1_39' title='bbox 1096 824 1286 902; x_wconf 87' lang='lat' dir='ltr'>grammatica</span> <span class='ocrx_word' id='word_1_40' title='bbox 1304 831 1368 884; x_wconf 84' lang='lat' dir='ltr'>arte</span> <span class='ocrx_word' id='word_1_41' title='bbox 1388 823 1515 901; x_wconf 87' lang='lat' dir='ltr'>scripse-</span> 
     </span>
     <span class='ocr_line' id='line_1_6' title="bbox 209 929 1515 1016; baseline -0.007 -19"><span class='ocrx_word' id='word_1_42' title='bbox 209 944 287 1016; x_wconf 86' lang='lat' dir='ltr'>runt,</span> <span class='ocrx_word' id='word_1_43' title='bbox 306 938 336 996; x_wconf 93' lang='lat' dir='ltr'>in</span> <span class='ocrx_word' id='word_1_44' title='bbox 355 936 459 1015; x_wconf 90' lang='lat' dir='ltr'>primis</span> <span class='ocrx_word' id='word_1_45' title='bbox 475 932 566 993; x_wconf 91' lang='lat' dir='ltr'>lulius</span> <span class='ocrx_word' id='word_1_46' title='bbox 581 931 741 1013; x_wconf 86' lang='lat' dir='ltr'>Romanus,</span> <span class='ocrx_word' id='word_1_47' title='bbox 759 934 845 993; x_wconf 91' lang='lat' dir='ltr'>cuius</span> <span class='ocrx_word' id='word_1_48' title='bbox 860 939 998 1012; x_wconf 83' lang='lat' dir='ltr'>excerpta</span> <span class='ocrx_word' id='word_1_49' title='bbox 1014 930 1165 993; x_wconf 82' lang='lat' dir='ltr'>Charisius</span> <span class='ocrx_word' id='word_1_50' title='bbox 1180 930 1271 1012; x_wconf 82' lang='lat' dir='ltr'>dedit,</span> <span class='ocrx_word' id='word_1_51' title='bbox 1289 939 1319 992; x_wconf 88' lang='lat' dir='ltr'>et</span> <span class='ocrx_word' id='word_1_52' title='bbox 1333 929 1515 1009; x_wconf 79' lang='lat' dir='ltr'>Priscianus,</span> 
     </span>
     <span class='ocr_line' id='line_1_7' title="bbox 208 1035 1516 1123; baseline -0.007 -20"><span class='ocrx_word' id='word_1_53' title='bbox 208 1043 334 1123; x_wconf 84' lang='lat' dir='ltr'>plurima</span> <span class='ocrx_word' id='word_1_54' title='bbox 363 1047 550 1121; x_wconf 87' lang='lat' dir='ltr'>receperunt.</span> <span class='ocrx_word' id='word_1_55' title='bbox 596 1045 757 1117; x_wconf 91' lang='lat' dir='ltr'>utrumque</span> <span class='ocrx_word' id='word_1_56' title='bbox 786 1057 861 1118; x_wconf 92' lang='lat' dir='ltr'>opus</span> <span class='ocrx_word' id='word_1_57' title='bbox 888 1038 1048 1119; x_wconf 91' lang='lat' dir='ltr'>Pompeius</span> <span class='ocrx_word' id='word_1_58' title='bbox 1075 1038 1112 1099; x_wconf 92' lang='lat' dir='ltr'>de</span> <span class='ocrx_word' id='word_1_59' title='bbox 1140 1037 1337 1099; x_wconf 79' lang='lat' dir='ltr'>declinatione</span> <span class='ocrx_word' id='word_1_60' title='bbox 1366 1055 1392 1097; x_wconf 95' lang='lat' dir='ltr'>v.</span> <span class='ocrx_word' id='word_1_61' title='bbox 1417 1035 1516 1112; x_wconf 80' lang='lat' dir='ltr'>sames</span> 
     </span>
     <span class='ocr_line' id='line_1_8' title="bbox 209 1140 1516 1229; baseline -0.005 -20"><span class='ocrx_word' id='word_1_62' title='bbox 209 1149 363 1229; x_wconf 89' lang='lat' dir='ltr'>disputans</span> <span class='ocrx_word' id='word_1_63' title='bbox 387 1147 628 1209; x_wconf 91' lang='lat' dir='ltr'>commemoravit</span> <span class='ocrx_word' id='word_1_64' title='bbox 646 1163 673 1223; x_wconf 91' lang='lat' dir='ltr'>p.</span> <span class='ocrx_word' id='word_1_65' title='bbox 696 1140 767 1217; x_wconf 88' lang='grc'><strong>175,</strong></span> <span class='ocrx_word' id='word_1_66' title='bbox 787 1141 830 1206; x_wconf 88' lang='grc'>30</span> <span class='ocrx_word' id='word_1_67' title='bbox 854 1147 946 1207; x_wconf 78' lang='lat' dir='ltr'>habes</span> <span class='ocrx_word' id='word_1_68' title='bbox 969 1148 1027 1207; x_wconf 81' lang='lat' dir='ltr'>ltoe</span> <span class='ocrx_word' id='word_1_69' title='bbox 1050 1149 1081 1206; x_wconf 84' lang='lat' dir='ltr'>in</span> <span class='ocrx_word' id='word_1_70' title='bbox 1104 1146 1205 1222; x_wconf 89' lang='lat' dir='ltr'>Capro</span> <span class='ocrx_word' id='word_1_71' title='bbox 1228 1147 1266 1206; x_wconf 85' lang='lat' dir='ltr'>de</span> <span class='ocrx_word' id='word_1_72' title='bbox 1284 1146 1391 1220; x_wconf 75' lang='lat' dir='ltr'>lingna</span> <span class='ocrx_word' id='word_1_73' title='bbox 1409 1146 1516 1217; x_wconf 88' lang='lat' dir='ltr'>latina,</span> 
     </span>
     <span class='ocr_line' id='line_1_9' title="bbox 209 1250 1517 1333; baseline -0.007 -15"><span class='ocrx_word' id='word_1_74' title='bbox 209 1275 269 1318; x_wconf 91' lang='lat' dir='ltr'>non</span> <span class='ocrx_word' id='word_1_75' title='bbox 293 1259 331 1317; x_wconf 84' lang='lat' dir='ltr'>de</span> <span class='ocrx_word' id='word_1_76' title='bbox 354 1257 454 1316; x_wconf 80' lang='lat' dir='ltr'>dubiis</span> <span class='ocrx_word' id='word_1_77' title='bbox 474 1254 648 1329; x_wconf 74' lang='lat' dir='ltr'>penerilrns.</span> <span class='ocrx_word' id='word_1_78' title='bbox 686 1251 778 1312; x_wconf 87' lang='lat' dir='ltr'>libros</span> <span class='ocrx_word' id='word_1_79' title='bbox 798 1252 834 1312; x_wconf 91' lang='lat' dir='ltr'>de</span> <span class='ocrx_word' id='word_1_80' title='bbox 852 1251 997 1313; x_wconf 88' lang='lat' dir='ltr'>latinitate</span> <span class='ocrx_word' id='word_1_81' title='bbox 1016 1252 1062 1312; x_wconf 91' lang='lat' dir='ltr'>bis</span> <span class='ocrx_word' id='word_1_82' title='bbox 1081 1252 1237 1333; x_wconf 89' lang='lat' dir='ltr'>appellavit</span> <span class='ocrx_word' id='word_1_83' title='bbox 1255 1251 1348 1312; x_wconf 92' lang='lat' dir='ltr'>lulius</span> <span class='ocrx_word' id='word_1_84' title='bbox 1365 1250 1517 1311; x_wconf 83' lang='lat' dir='ltr'>Romanus</span> 
     </span>
     <span class='ocr_line' id='line_1_10' title="bbox 211 1353 1518 1442; baseline -0.003 -20"><span class='ocrx_word' id='word_1_85' title='bbox 211 1362 288 1442; x_wconf 90' lang='lat' dir='ltr'>apud</span> <span class='ocrx_word' id='word_1_86' title='bbox 319 1361 485 1422; x_wconf 87' lang='lat' dir='ltr'>Charisium</span> <span class='ocrx_word' id='word_1_87' title='bbox 514 1380 542 1439; x_wconf 91' lang='lat' dir='ltr'>p.</span> <span class='ocrx_word' id='word_1_88' title='bbox 568 1356 647 1440; x_wconf 83' lang='lat'>194,</span> <span class='ocrx_word' id='word_1_89' title='bbox 671 1356 710 1420; x_wconf 88' lang='lat'>31</span> <span class='ocrx_word' id='word_1_90' title='bbox 742 1363 821 1420; x_wconf 84' lang='lat' dir='ltr'>alias</span> <span class='ocrx_word' id='word_1_91' title='bbox 846 1392 884 1402; x_wconf 96' lang='lat'>-</span> <span class='ocrx_word' id='word_1_92' title='bbox 912 1362 966 1420; x_wconf 84' lang='lat' dir='ltr'>ubi</span> <span class='ocrx_word' id='word_1_93' title='bbox 992 1361 1035 1421; x_wconf 84' lang='lat' dir='ltr'>Fi.</span> <span class='ocrx_word' id='word_1_94' title='bbox 1067 1361 1167 1437; x_wconf 80' lang='lat' dir='ltr'>Caper</span> <span class='ocrx_word' id='word_1_95' title='bbox 1195 1362 1233 1420; x_wconf 85' lang='lat' dir='ltr'>de</span> <span class='ocrx_word' id='word_1_96' title='bbox 1260 1362 1413 1420; x_wconf 79' lang='lat' dir='ltr'>latinitate</span> <span class='ocrx_word' id='word_1_97' title='bbox 1440 1353 1518 1419; x_wconf 78' lang='lat' dir='ltr'>‘non</span> 
     </span>
     <span class='ocr_line' id='line_1_11' title="bbox 209 1459 1518 1548; baseline -0.005 -18"><span class='ocrx_word' id='word_1_98' title='bbox 209 1474 307 1531; x_wconf 73' lang='lat' dir='ltr'>acesim</span> <span class='ocrx_word' id='word_1_99' title='bbox 330 1471 500 1542; x_wconf 79' lang='lat' dir='ltr'>adfirmare</span> <span class='ocrx_word' id='word_1_100' title='bbox 519 1485 578 1543; x_wconf 90' lang='lat' dir='ltr'>pro</span> <span class='ocrx_word' id='word_1_101' title='bbox 602 1469 693 1527; x_wconf 86' lang='lat' dir='ltr'>aliter</span> <span class='ocrx_word' id='word_1_102' title='bbox 716 1459 794 1526; x_wconf 84' lang='lat' dir='ltr'>diei’</span> <span class='ocrx_word' id='word_1_103' title='bbox 819 1474 849 1526; x_wconf 92' lang='lat' dir='ltr'>et</span> <span class='ocrx_word' id='word_1_104' title='bbox 871 1486 899 1546; x_wconf 88' lang='lat' dir='ltr'>p.</span> <span class='ocrx_word' id='word_1_105' title='bbox 914 1464 988 1548; x_wconf 93' lang='grc'>207,</span> <span class='ocrx_word' id='word_1_106' title='bbox 1003 1463 1043 1527; x_wconf 89' lang='lat'>31</span> <span class='ocrx_word' id='word_1_107' title='bbox 1061 1470 1272 1529; x_wconf 72' lang='grc' dir='ltr'><strong>1111111εεὶ1111-</strong></span> <span class='ocrx_word' id='word_1_108' title='bbox 1289 1467 1344 1526; x_wconf 83' lang='lat' dir='ltr'>abi</span> <span class='ocrx_word' id='word_1_109' title='bbox 1356 1466 1400 1526; x_wconf 85' lang='lat' dir='ltr'>Fi.</span> <span class='ocrx_word' id='word_1_110' title='bbox 1418 1466 1518 1541; x_wconf 81' lang='lat' dir='ltr'>Caper</span> 
     </span>
     <span class='ocr_line' id='line_1_12' title="bbox 207 1567 1517 1650; baseline -0.006 -12"><span class='ocrx_word' id='word_1_111' title='bbox 207 1581 246 1638; x_wconf 84' lang='lat' dir='ltr'>de</span> <span class='ocrx_word' id='word_1_112' title='bbox 267 1579 419 1638; x_wconf 80' lang='lat' dir='ltr'>latinitate</span> <span class='ocrx_word' id='word_1_113' title='bbox 442 1567 571 1634; x_wconf 77' lang='lat' dir='ltr'>‘miror&#39;</span> <span class='ocrx_word' id='word_1_114' title='bbox 595 1576 692 1648; x_wconf 83' lang='lat' dir='ltr'>inquit</span> <span class='ocrx_word' id='word_1_115' title='bbox 716 1567 766 1633; x_wconf 80' lang='lat' dir='ltr'>‘id</span> <span class='ocrx_word' id='word_1_116' title='bbox 787 1575 902 1634; x_wconf 65' lang='lat' dir='ltr'>amisse</span> <span class='ocrx_word' id='word_1_117' title='bbox 929 1568 1101 1645; x_wconf 86' lang='lat' dir='ltr'>Tironem&#39;;</span> <span class='ocrx_word' id='word_1_118' title='bbox 1131 1572 1224 1634; x_wconf 87' lang='lat' dir='ltr'>libros</span> <span class='ocrx_word' id='word_1_119' title='bbox 1247 1572 1283 1632; x_wconf 91' lang='lat' dir='ltr'>de</span> <span class='ocrx_word' id='word_1_120' title='bbox 1307 1570 1406 1633; x_wconf 85' lang='lat' dir='ltr'>dubiis</span> <span class='ocrx_word' id='word_1_121' title='bbox 1429 1589 1517 1650; x_wconf 88' lang='lat' dir='ltr'>gene·</span> 
     </span>
     <span class='ocr_line' id='line_1_13' title="bbox 210 1676 1516 1760; baseline -0.005 -16"><span class='ocrx_word' id='word_1_122' title='bbox 210 1683 292 1744; x_wconf 91' lang='lat' dir='ltr'>ribus</span> <span class='ocrx_word' id='word_1_123' title='bbox 316 1681 557 1743; x_wconf 89' lang='lat' dir='ltr'>commemoravit</span> <span class='ocrx_word' id='word_1_124' title='bbox 580 1679 751 1740; x_wconf 86' lang='lat' dir='ltr'>Priscianus</span> <span class='ocrx_word' id='word_1_125' title='bbox 774 1678 792 1739; x_wconf 98' lang='lat' dir='ltr'>l.</span> <span class='ocrx_word' id='word_1_126' title='bbox 816 1678 853 1738; x_wconf 91' lang='lat' dir='ltr'>Vl</span> <span class='ocrx_word' id='word_1_127' title='bbox 876 1699 904 1759; x_wconf 88' lang='lat' dir='ltr'>p.</span> <span class='ocrx_word' id='word_1_128' title='bbox 929 1677 1008 1760; x_wconf 88' lang='lat'><strong>212,</strong></span> <span class='ocrx_word' id='word_1_129' title='bbox 1034 1676 1075 1740; x_wconf 84' lang='lat'>14</span> <span class='ocrx_word' id='word_1_130' title='bbox 1104 1683 1300 1741; x_wconf 81' lang='lat' dir='ltr'>inveniuntur</span> <span class='ocrx_word' id='word_1_131' title='bbox 1328 1688 1428 1740; x_wconf 84' lang='lat' dir='ltr'>tamen</span> <span class='ocrx_word' id='word_1_132' title='bbox 1451 1681 1516 1754; x_wconf 84' lang='lat' dir='ltr'>qai·</span> 
     </span>
     <span class='ocr_line' id='line_1_14' title="bbox 208 1785 1518 1864; baseline -0.004 -12"><span class='ocrx_word' id='word_1_133' title='bbox 208 1794 278 1852; x_wconf 83' lang='lat' dir='ltr'>dam</span> <span class='ocrx_word' id='word_1_134' title='bbox 305 1798 439 1851; x_wconf 86' lang='lat' dir='ltr'>aeteram</span> <span class='ocrx_word' id='word_1_135' title='bbox 470 1791 560 1848; x_wconf 84' lang='lat' dir='ltr'>etiam</span> <span class='ocrx_word' id='word_1_136' title='bbox 587 1789 665 1847; x_wconf 81' lang='lat' dir='ltr'>haee</span> <span class='ocrx_word' id='word_1_137' title='bbox 694 1789 776 1847; x_wconf 81' lang='lat' dir='ltr'>allex</span> <span class='ocrx_word' id='word_1_138' title='bbox 800 1785 948 1862; x_wconf 76' lang='lat' dir='ltr'>feminino</span> <span class='ocrx_word' id='word_1_139' title='bbox 973 1804 1088 1861; x_wconf 83' lang='lat' dir='ltr'>penere</span> <span class='ocrx_word' id='word_1_140' title='bbox 1109 1791 1287 1864; x_wconf 78' lang='lat' dir='ltr'>protulisse,</span> <span class='ocrx_word' id='word_1_141' title='bbox 1311 1789 1393 1862; x_wconf 84' lang='lat' dir='ltr'>quod</span> <span class='ocrx_word' id='word_1_142' title='bbox 1418 1787 1518 1862; x_wconf 85' lang='lat' dir='ltr'>Caper</span> 
     </span>
     <span class='ocr_line' id='line_1_15' title="bbox 208 1889 1517 1972; baseline -0.005 -14"><span class='ocrx_word' id='word_1_143' title='bbox 208 1899 337 1958; x_wconf 82' lang='lat' dir='ltr'>ostendit</span> <span class='ocrx_word' id='word_1_144' title='bbox 365 1898 403 1956; x_wconf 81' lang='lat' dir='ltr'>de</span> <span class='ocrx_word' id='word_1_145' title='bbox 433 1896 533 1955; x_wconf 70' lang='lat' dir='ltr'>dubiis</span> <span class='ocrx_word' id='word_1_146' title='bbox 560 1895 725 1969; x_wconf 72' lang='lat' dir='ltr'>generibus</span> <span class='ocrx_word' id='word_1_147' title='bbox 753 1902 784 1953; x_wconf 88' lang='lat' dir='ltr'>ct</span> <span class='ocrx_word' id='word_1_148' title='bbox 813 1911 871 1953; x_wconf 92' lang='lat' dir='ltr'>una</span> <span class='ocrx_word' id='word_1_149' title='bbox 900 1911 968 1952; x_wconf 88' lang='lat' dir='ltr'>cum</span> <span class='ocrx_word' id='word_1_150' title='bbox 997 1891 1094 1952; x_wconf 87' lang='lat' dir='ltr'>Probo</span> <span class='ocrx_word' id='word_1_151' title='bbox 1118 1891 1136 1951; x_wconf 93' lang='lat' dir='ltr'>l.</span> <span class='ocrx_word' id='word_1_152' title='bbox 1159 1891 1183 1948; x_wconf 92' lang='lat' dir='ltr'>V</span> <span class='ocrx_word' id='word_1_153' title='bbox 1206 1912 1233 1972; x_wconf 87' lang='lat' dir='ltr'>p.</span> <span class='ocrx_word' id='word_1_154' title='bbox 1260 1890 1332 1972; x_wconf 82' lang='lat'><strong>171,</strong></span> <span class='ocrx_word' id='word_1_155' title='bbox 1359 1889 1399 1952; x_wconf 89' lang='grc'>14</span> <span class='ocrx_word' id='word_1_156' title='bbox 1421 1911 1517 1968; x_wconf 86' lang='lat' dir='ltr'>supra</span> 
     </span>
     <span class='ocr_line' id='line_1_16' title="bbox 210 2001 1519 2077; baseline -0.004 -12"><span class='ocrx_word' id='word_1_157' title='bbox 210 2008 361 2065; x_wconf 83' lang='lat' dir='ltr'>diciorum</span> <span class='ocrx_word' id='word_1_158' title='bbox 392 2011 491 2062; x_wconf 81' lang='lat' dir='ltr'>tamen</span> <span class='ocrx_word' id='word_1_159' title='bbox 522 2004 674 2063; x_wconf 84' lang='lat' dir='ltr'>nominum</span> <span class='ocrx_word' id='word_1_160' title='bbox 707 2019 779 2061; x_wconf 83' lang='lat' dir='ltr'>usas</span> <span class='ocrx_word' id='word_1_161' title='bbox 810 2009 839 2061; x_wconf 87' lang='lat' dir='ltr'>et</span> <span class='ocrx_word' id='word_1_162' title='bbox 869 2003 954 2077; x_wconf 83' lang='lat' dir='ltr'>apud</span> <span class='ocrx_word' id='word_1_163' title='bbox 985 2001 1117 2077; x_wconf 82' lang='lat' dir='ltr'>Capram</span> <span class='ocrx_word' id='word_1_164' title='bbox 1149 2008 1178 2061; x_wconf 89' lang='lat' dir='ltr'>et</span> <span class='ocrx_word' id='word_1_165' title='bbox 1205 2002 1290 2076; x_wconf 85' lang='lat' dir='ltr'>apud</span> <span class='ocrx_word' id='word_1_166' title='bbox 1317 2001 1449 2060; x_wconf 80' lang='lat' dir='ltr'>Probum</span> <span class='ocrx_word' id='word_1_167' title='bbox 1479 2002 1519 2060; x_wconf 85' lang='lat' dir='ltr'>de</span> 
     </span>
     <span class='ocr_line' id='line_1_17' title="bbox 209 2103 1517 2185; baseline -0.002 -15"><span class='ocrx_word' id='word_1_168' title='bbox 209 2110 309 2171; x_wconf 80' lang='lat' dir='ltr'>daabiis</span> <span class='ocrx_word' id='word_1_169' title='bbox 330 2109 496 2183; x_wconf 72' lang='lat' dir='ltr'>generibus</span> <span class='ocrx_word' id='word_1_170' title='bbox 520 2109 644 2181; x_wconf 85' lang='lat' dir='ltr'>invenis,</span> <span class='ocrx_word' id='word_1_171' title='bbox 667 2105 774 2167; x_wconf 89' lang='lat' dir='ltr'>deinde</span> <span class='ocrx_word' id='word_1_172' title='bbox 799 2105 920 2166; x_wconf 88' lang='lat' dir='ltr'>Servius</span> <span class='ocrx_word' id='word_1_173' title='bbox 944 2105 1074 2185; x_wconf 88' lang='lat' dir='ltr'>inVerg.</span> <span class='ocrx_word' id='word_1_174' title='bbox 1089 2107 1160 2166; x_wconf 81' lang='lat' dir='ltr'>Aen.</span> <span class='ocrx_word' id='word_1_175' title='bbox 1175 2103 1279 2167; x_wconf 78' lang='grc'><strong>11377</strong></span> <span class='ocrx_word' id='word_1_176' title='bbox 1300 2107 1399 2183; x_wconf 85' lang='lat' dir='ltr'>Caper</span> <span class='ocrx_word' id='word_1_177' title='bbox 1417 2115 1517 2168; x_wconf 83' lang='lat' dir='ltr'>tamen</span> 
     </span>
     <span class='ocr_line' id='line_1_18' title="bbox 210 2211 1519 2289; baseline -0.004 -13"><span class='ocrx_word' id='word_1_178' title='bbox 210 2221 241 2277; x_wconf 86' lang='lat' dir='ltr'>in</span> <span class='ocrx_word' id='word_1_179' title='bbox 265 2217 352 2276; x_wconf 83' lang='lat' dir='ltr'>libris</span> <span class='ocrx_word' id='word_1_180' title='bbox 375 2214 462 2275; x_wconf 81' lang='lat' dir='ltr'>dubii</span> <span class='ocrx_word' id='word_1_181' title='bbox 485 2214 611 2289; x_wconf 74' lang='lat' dir='ltr'>generis</span> <span class='ocrx_word' id='word_1_182' title='bbox 634 2215 748 2289; x_wconf 81' lang='lat' dir='ltr'>probat</span> <span class='ocrx_word' id='word_1_183' title='bbox 771 2215 835 2274; x_wconf 83' lang='lat' dir='ltr'>dici</span> <span class='ocrx_word' id='word_1_184' title='bbox 861 2221 890 2274; x_wconf 87' lang='lat' dir='ltr'>et</span> <span class='ocrx_word' id='word_1_185' title='bbox 913 2215 1065 2274; x_wconf 76' lang='lat' dir='ltr'>aicoaea</span> <span class='ocrx_word' id='word_1_186' title='bbox 1088 2216 1217 2275; x_wconf 81' lang='lat' dir='ltr'>ethaeo</span> <span class='ocrx_word' id='word_1_187' title='bbox 1240 2215 1326 2274; x_wconf 75' lang='lat' dir='ltr'>obex.</span> <span class='ocrx_word' id='word_1_188' title='bbox 1367 2211 1402 2272; x_wconf 87' lang='lat' dir='ltr'>ad</span> <span class='ocrx_word' id='word_1_189' title='bbox 1427 2211 1519 2272; x_wconf 88' lang='lat' dir='ltr'>libros</span> 
     </span>
     <span class='ocr_line' id='line_1_19' title="bbox 213 2315 1519 2399; baseline -0.002 -16"><span class='ocrx_word' id='word_1_190' title='bbox 213 2323 250 2384; x_wconf 91' lang='lat' dir='ltr'>de</span> <span class='ocrx_word' id='word_1_191' title='bbox 273 2322 417 2382; x_wconf 87' lang='lat' dir='ltr'>latinitate</span> <span class='ocrx_word' id='word_1_192' title='bbox 441 2318 579 2379; x_wconf 89' lang='lat' dir='ltr'>videntur</span> <span class='ocrx_word' id='word_1_193' title='bbox 603 2320 754 2397; x_wconf 88' lang='lat' dir='ltr'>pertinere</span> <span class='ocrx_word' id='word_1_194' title='bbox 777 2317 850 2380; x_wconf 87' lang='lat' dir='ltr'>haee</span> <span class='ocrx_word' id='word_1_195' title='bbox 873 2319 951 2399; x_wconf 88' lang='lat' dir='ltr'>apud</span> <span class='ocrx_word' id='word_1_196' title='bbox 976 2320 1111 2382; x_wconf 87' lang='lat' dir='ltr'>Servium</span> <span class='ocrx_word' id='word_1_197' title='bbox 1135 2323 1165 2381; x_wconf 90' lang='lat' dir='ltr'>io</span> <span class='ocrx_word' id='word_1_198' title='bbox 1189 2318 1274 2398; x_wconf 88' lang='lat' dir='ltr'>Verg.</span> <span class='ocrx_word' id='word_1_199' title='bbox 1298 2321 1369 2380; x_wconf 80' lang='lat' dir='ltr'>Aen.</span> <span class='ocrx_word' id='word_1_200' title='bbox 1392 2318 1429 2379; x_wconf 91' lang='lat' dir='ltr'>Vl</span> <span class='ocrx_word' id='word_1_201' title='bbox 1453 2315 1519 2380; x_wconf 91' lang='grc'><strong>545</strong></span> 
     </span>
     <span class='ocr_line' id='line_1_20' title="bbox 212 2424 1518 2507; baseline -0.001 -18"><span class='ocrx_word' id='word_1_202' title='bbox 212 2429 248 2489; x_wconf 87' lang='lat' dir='ltr'>de</span> <span class='ocrx_word' id='word_1_203' title='bbox 272 2448 297 2488; x_wconf 90' lang='lat' dir='ltr'>v.</span> <span class='ocrx_word' id='word_1_204' title='bbox 322 2431 446 2504; x_wconf 78' lang='lat' dir='ltr'>explere</span> <span class='ocrx_word' id='word_1_205' title='bbox 468 2436 536 2506; x_wconf 91' lang='lat' dir='ltr'>post</span> <span class='ocrx_word' id='word_1_206' title='bbox 560 2444 679 2486; x_wconf 87' lang='lat' dir='ltr'>versum</span> <span class='ocrx_word' id='word_1_207' title='bbox 701 2424 805 2507; x_wconf 84' lang='lat' dir='ltr'>Ennii,</span> <span class='ocrx_word' id='word_1_208' title='bbox 833 2443 920 2501; x_wconf 82' lang='lat' dir='ltr'>quern</span> <span class='ocrx_word' id='word_1_209' title='bbox 948 2427 1046 2504; x_wconf 86' lang='lat' dir='ltr'>Caper</span> <span class='ocrx_word' id='word_1_210' title='bbox 1076 2435 1210 2501; x_wconf 82' lang='lat' dir='ltr'>secatus,</span> <span class='ocrx_word' id='word_1_211' title='bbox 1238 2443 1307 2486; x_wconf 87' lang='lat' dir='ltr'>enm</span> <span class='ocrx_word' id='word_1_212' title='bbox 1330 2429 1368 2487; x_wconf 84' lang='lat' dir='ltr'>de</span> <span class='ocrx_word' id='word_1_213' title='bbox 1386 2445 1518 2505; x_wconf 88' lang='lat' dir='ltr'>praepa·</span> 
     </span>
     <span class='ocr_line' id='line_1_21' title="bbox 209 2530 1521 2613; baseline 0 -18"><span class='ocrx_word' id='word_1_214' title='bbox 209 2539 318 2597; x_wconf 84' lang='lat' dir='ltr'>sitione</span> <span class='ocrx_word' id='word_1_215' title='bbox 341 2552 381 2595; x_wconf 83' lang='lat' dir='ltr'>ex</span> <span class='ocrx_word' id='word_1_216' title='bbox 409 2539 572 2607; x_wconf 84' lang='lat' dir='ltr'>tractaret,</span> <span class='ocrx_word' id='word_1_217' title='bbox 596 2534 654 2595; x_wconf 81' lang='lat' dir='ltr'>hoc</span> <span class='ocrx_word' id='word_1_218' title='bbox 677 2536 845 2611; x_wconf 83' lang='lat' dir='ltr'>exemplum</span> <span class='ocrx_word' id='word_1_219' title='bbox 865 2537 976 2610; x_wconf 79' lang='lat' dir='ltr'>posuit,</span> <span class='ocrx_word' id='word_1_220' title='bbox 1001 2542 1032 2595; x_wconf 89' lang='lat' dir='ltr'>ct</span> <span class='ocrx_word' id='word_1_221' title='bbox 1054 2536 1084 2594; x_wconf 92' lang='lat' dir='ltr'>in</span> <span class='ocrx_word' id='word_1_222' title='bbox 1108 2533 1193 2613; x_wconf 85' lang='lat' dir='ltr'>Verg.</span> <span class='ocrx_word' id='word_1_223' title='bbox 1217 2534 1288 2594; x_wconf 81' lang='lat' dir='ltr'>Aen.</span> <span class='ocrx_word' id='word_1_224' title='bbox 1312 2532 1337 2592; x_wconf 88' lang='lat' dir='ltr'>X</span> <span class='ocrx_word' id='word_1_225' title='bbox 1361 2530 1426 2594; x_wconf 83' lang='lat'>344</span> <span class='ocrx_word' id='word_1_226' title='bbox 1449 2536 1521 2595; x_wconf 85' lang='lat' dir='ltr'>lieet</span> 
     </span>
     <span class='ocr_line' id='line_1_22' title="bbox 217 2638 1520 2720; baseline -0.003 -16"><span class='ocrx_word' id='word_1_227' title='bbox 217 2645 317 2720; x_wconf 87' lang='lat' dir='ltr'>Caper</span> <span class='ocrx_word' id='word_1_228' title='bbox 336 2645 366 2701; x_wconf 82' lang='lat' dir='ltr'>in</span> <span class='ocrx_word' id='word_1_229' title='bbox 391 2642 477 2700; x_wconf 82' lang='lat' dir='ltr'>libris</span> <span class='ocrx_word' id='word_1_230' title='bbox 501 2641 655 2701; x_wconf 84' lang='lat' dir='ltr'>enucleati</span> <span class='ocrx_word' id='word_1_231' title='bbox 675 2641 822 2700; x_wconf 85' lang='lat' dir='ltr'>sermonis</span> <span class='ocrx_word' id='word_1_232' title='bbox 845 2641 931 2701; x_wconf 87' lang='lat' dir='ltr'>dicat</span> <span class='ocrx_word' id='word_1_233' title='bbox 949 2638 1064 2716; x_wconf 78' lang='lat' dir='ltr'>semen,</span> <span class='ocrx_word' id='word_1_234' title='bbox 1087 2644 1143 2702; x_wconf 85' lang='lat' dir='ltr'>sed</span> <span class='ocrx_word' id='word_1_235' title='bbox 1159 2658 1218 2702; x_wconf 88' lang='lat' dir='ltr'>aon</span> <span class='ocrx_word' id='word_1_236' title='bbox 1239 2643 1326 2718; x_wconf 88' lang='lat' dir='ltr'>ponit</span> <span class='ocrx_word' id='word_1_237' title='bbox 1343 2644 1520 2717; x_wconf 75' lang='lat' dir='ltr'>exemplam.</span> 
     </span>
     <span class='ocr_line' id='line_1_23' title="bbox 212 2744 1520 2827; baseline -0.002 -18"><span class='ocrx_word' id='word_1_238' title='bbox 212 2749 247 2810; x_wconf 94' lang='lat' dir='ltr'>ad</span> <span class='ocrx_word' id='word_1_239' title='bbox 272 2748 365 2808; x_wconf 82' lang='lat' dir='ltr'>libros</span> <span class='ocrx_word' id='word_1_240' title='bbox 387 2754 486 2806; x_wconf 91' lang='lat' dir='ltr'>autem</span> <span class='ocrx_word' id='word_1_241' title='bbox 511 2744 547 2804; x_wconf 91' lang='lat' dir='ltr'>de</span> <span class='ocrx_word' id='word_1_242' title='bbox 571 2746 669 2807; x_wconf 88' lang='lat' dir='ltr'>dubiis</span> <span class='ocrx_word' id='word_1_243' title='bbox 692 2745 853 2824; x_wconf 87' lang='lat' dir='ltr'>generibus</span> <span class='ocrx_word' id='word_1_244' title='bbox 876 2745 954 2824; x_wconf 88' lang='lat' dir='ltr'>apud</span> <span class='ocrx_word' id='word_1_245' title='bbox 978 2744 1144 2807; x_wconf 85' lang='lat' dir='ltr'>Charisium</span> <span class='ocrx_word' id='word_1_246' title='bbox 1168 2767 1195 2827; x_wconf 95' lang='lat' dir='ltr'>p.</span> <span class='ocrx_word' id='word_1_247' title='bbox 1221 2744 1272 2827; x_wconf 88' lang='grc'>77,</span> <span class='ocrx_word' id='word_1_248' title='bbox 1296 2744 1340 2808; x_wconf 97' lang='grc'>20</span> <span class='ocrx_word' id='word_1_249' title='bbox 1364 2747 1520 2807; x_wconf 79' lang='lat' dir='ltr'>reserenda</span> 
     </span>
     <span class='ocr_line' id='line_1_24' title="bbox 212 2853 1521 2936; baseline -0.001 -21"><span class='ocrx_word' id='word_1_250' title='bbox 212 2873 278 2915; x_wconf 89' lang='lat' dir='ltr'>esse</span> <span class='ocrx_word' id='word_1_251' title='bbox 307 2854 422 2913; x_wconf 86' lang='lat' dir='ltr'>conieci</span> <span class='ocrx_word' id='word_1_252' title='bbox 450 2870 526 2930; x_wconf 87' lang='lat' dir='ltr'>quae</span> <span class='ocrx_word' id='word_1_253' title='bbox 555 2853 590 2912; x_wconf 90' lang='lat' dir='ltr'>de</span> <span class='ocrx_word' id='word_1_254' title='bbox 614 2873 639 2913; x_wconf 96' lang='lat' dir='ltr'>v.</span> <span class='ocrx_word' id='word_1_255' title='bbox 663 2855 778 2929; x_wconf 78' lang='lat' dir='ltr'>alipene</span> <span class='ocrx_word' id='word_1_256' title='bbox 807 2853 916 2912; x_wconf 92' lang='lat' dir='ltr'>omisso</span> <span class='ocrx_word' id='word_1_257' title='bbox 945 2855 1064 2913; x_wconf 88' lang='lat' dir='ltr'>nomine</span> <span class='ocrx_word' id='word_1_258' title='bbox 1088 2856 1219 2914; x_wconf 87' lang='lat' dir='ltr'>auctoris</span> <span class='ocrx_word' id='word_1_259' title='bbox 1242 2853 1283 2914; x_wconf 88' lang='lat' dir='ltr'>ibi</span> <span class='ocrx_word' id='word_1_260' title='bbox 1307 2855 1417 2933; x_wconf 88' lang='lat' dir='ltr'>scripta</span> <span class='ocrx_word' id='word_1_261' title='bbox 1441 2863 1521 2936; x_wconf 81' lang='lat' dir='ltr'>sunt,</span> 
     </span>
     <span class='ocr_line' id='line_1_25' title="bbox 181 2961 1521 3038; baseline 0 -16"><span class='ocrx_word' id='word_1_262' title='bbox 181 3028 184 3035; x_wconf 25' lang='lat'><strong>⁴</strong></span> <span class='ocrx_word' id='word_1_263' title='bbox 215 2979 313 3038; x_wconf 81' lang='lat' dir='ltr'>qnare</span> <span class='ocrx_word' id='word_1_264' title='bbox 336 2961 423 3020; x_wconf 82' lang='lat' dir='ltr'>dubii</span> <span class='ocrx_word' id='word_1_265' title='bbox 443 2963 590 3020; x_wconf 83' lang='lat' dir='ltr'>sermonis</span> <span class='ocrx_word' id='word_1_266' title='bbox 615 2961 651 3020; x_wconf 85' lang='lat' dir='ltr'>II</span> <span class='ocrx_word' id='word_1_267' title='bbox 673 2962 847 3021; x_wconf 84' lang='lat' dir='ltr'>indistincta</span> <span class='ocrx_word' id='word_1_268' title='bbox 872 2977 988 3034; x_wconf 81' lang='lat' dir='ltr'>pervere</span> <span class='ocrx_word' id='word_1_269' title='bbox 1010 2963 1075 3021; x_wconf 87' lang='lat' dir='ltr'>dici</span> <span class='ocrx_word' id='word_1_270' title='bbox 1097 2964 1156 3034; x_wconf 88' lang='lat' dir='ltr'>ait,</span> <span class='ocrx_word' id='word_1_271' title='bbox 1179 2964 1234 3022; x_wconf 81' lang='lat' dir='ltr'>sed</span> <span class='ocrx_word' id='word_1_272' title='bbox 1255 2965 1359 3022; x_wconf 84' lang='lat' dir='ltr'>littera</span> <span class='ocrx_word' id='word_1_273' title='bbox 1383 2961 1521 3035; x_wconf 70' lang='lat' dir='ltr'>differre.</span> 
     </span>
     <span class='ocr_line' id='line_1_26' title="bbox 213 3064 1519 3145; baseline 0 -16"><span class='ocrx_word' id='word_1_274' title='bbox 213 3088 248 3129; x_wconf 87' lang='lat' dir='ltr'>ex</span> <span class='ocrx_word' id='word_1_275' title='bbox 277 3067 421 3126; x_wconf 90' lang='lat' dir='ltr'>alterutro</span> <span class='ocrx_word' id='word_1_276' title='bbox 449 3066 540 3143; x_wconf 90' lang='lat' dir='ltr'>igitur</span> <span class='ocrx_word' id='word_1_277' title='bbox 568 3065 675 3126; x_wconf 91' lang='lat' dir='ltr'>horum</span> <span class='ocrx_word' id='word_1_278' title='bbox 704 3064 848 3126; x_wconf 88' lang='lat' dir='ltr'>librorum</span> <span class='ocrx_word' id='word_1_279' title='bbox 877 3065 990 3145; x_wconf 88' lang='lat' dir='ltr'>reliqua</span> <span class='ocrx_word' id='word_1_280' title='bbox 1015 3085 1090 3145; x_wconf 88' lang='lat' dir='ltr'>quac</span> <span class='ocrx_word' id='word_1_281' title='bbox 1113 3086 1173 3128; x_wconf 92' lang='lat' dir='ltr'>non</span> <span class='ocrx_word' id='word_1_282' title='bbox 1196 3067 1325 3127; x_wconf 88' lang='lat' dir='ltr'>indicato</span> <span class='ocrx_word' id='word_1_283' title='bbox 1349 3066 1425 3127; x_wconf 90' lang='lat' dir='ltr'>libro</span> <span class='ocrx_word' id='word_1_284' title='bbox 1449 3068 1519 3129; x_wconf 87' lang='lat' dir='ltr'>huic</span> 
     </span>
     <span class='ocr_line' id='line_1_27' title="bbox 213 3163 1588 3256; baseline 0 -21"><span class='ocrx_word' id='word_1_285' title='bbox 213 3173 405 3256; x_wconf 87' lang='lat' dir='ltr'>grammatico</span> <span class='ocrx_word' id='word_1_286' title='bbox 433 3170 608 3233; x_wconf 89' lang='lat' dir='ltr'>tribuuntur</span> <span class='ocrx_word' id='word_1_287' title='bbox 635 3174 728 3252; x_wconf 92' lang='lat' dir='ltr'>petita</span> <span class='ocrx_word' id='word_1_288' title='bbox 755 3180 839 3254; x_wconf 85' lang='lat' dir='ltr'>sunt,</span> <span class='ocrx_word' id='word_1_289' title='bbox 870 3191 944 3251; x_wconf 91' lang='lat' dir='ltr'>quae</span> <span class='ocrx_word' id='word_1_290' title='bbox 976 3163 1114 3234; x_wconf 71' lang='lat' dir='ltr'>Osannu&#39;s</span> <span class='ocrx_word' id='word_1_291' title='bbox 1145 3176 1176 3234; x_wconf 88' lang='lat' dir='ltr'>iu</span> <span class='ocrx_word' id='word_1_292' title='bbox 1206 3176 1454 3235; x_wconf 84' lang='lat' dir='ltr'>commentatione</span> <span class='ocrx_word' id='word_1_293' title='bbox 1484 3174 1521 3235; x_wconf 89' lang='lat' dir='ltr'>de</span> <span class='ocrx_word' id='word_1_294' title='bbox 1579 3195 1588 3203; x_wconf 92' lang='lat'><strong>·</strong></span> 
     </span>
     <span class='ocr_line' id='line_1_28' title="bbox 212 3272 1522 3362; baseline 0 -20"><span class='ocrx_word' id='word_1_295' title='bbox 212 3281 255 3342; x_wconf 86' lang='lat' dir='ltr'>Fl.</span> <span class='ocrx_word' id='word_1_296' title='bbox 279 3279 374 3360; x_wconf 84' lang='lat' dir='ltr'>Capro</span> <span class='ocrx_word' id='word_1_297' title='bbox 404 3288 435 3339; x_wconf 92' lang='lat' dir='ltr'>et</span> <span class='ocrx_word' id='word_1_298' title='bbox 462 3280 605 3358; x_wconf 81' lang='lat' dir='ltr'>Agroecio</span> <span class='ocrx_word' id='word_1_299' title='bbox 636 3281 836 3358; x_wconf 84' lang='lat' dir='ltr'>grammaticis</span> <span class='ocrx_word' id='word_1_300' title='bbox 859 3272 976 3360; x_wconf 88' lang='lat' dir='ltr'>(Gissae</span> <span class='ocrx_word' id='word_1_301' title='bbox 1000 3298 1023 3339; x_wconf 91' lang='lat' dir='ltr'>a.</span> <span class='ocrx_word' id='word_1_302' title='bbox 1051 3275 1150 3362; x_wconf 87' lang='grc'><strong>1849)</strong></span> <span class='ocrx_word' id='word_1_303' title='bbox 1174 3282 1350 3359; x_wconf 89' lang='lat' dir='ltr'>composuit.</span> <span class='ocrx_word' id='word_1_304' title='bbox 1394 3299 1461 3341; x_wconf 92' lang='lat' dir='ltr'>nam</span> <span class='ocrx_word' id='word_1_305' title='bbox 1485 3301 1522 3342; x_wconf 83' lang='lat' dir='ltr'>ex</span> 
     </span>
     <span class='ocr_line' id='line_1_29' title="bbox 213 3385 1522 3470; baseline 0.001 -21"><span class='ocrx_word' id='word_1_306' title='bbox 213 3388 260 3449; x_wconf 92' lang='lat' dir='ltr'>his</span> <span class='ocrx_word' id='word_1_307' title='bbox 284 3404 403 3466; x_wconf 89' lang='lat' dir='ltr'>quoque</span> <span class='ocrx_word' id='word_1_308' title='bbox 427 3403 531 3465; x_wconf 89' lang='lat' dir='ltr'>magna</span> <span class='ocrx_word' id='word_1_309' title='bbox 555 3405 623 3464; x_wconf 87' lang='lat' dir='ltr'>pars</span> <span class='ocrx_word' id='word_1_310' title='bbox 647 3386 683 3447; x_wconf 96' lang='lat' dir='ltr'>ad</span> <span class='ocrx_word' id='word_1_311' title='bbox 707 3385 872 3445; x_wconf 86' lang='lat' dir='ltr'>delinienda</span> <span class='ocrx_word' id='word_1_312' title='bbox 895 3403 1004 3464; x_wconf 88' lang='lat' dir='ltr'>genera</span> <span class='ocrx_word' id='word_1_313' title='bbox 1027 3393 1058 3445; x_wconf 93' lang='lat' dir='ltr'>et</span> <span class='ocrx_word' id='word_1_314' title='bbox 1081 3387 1190 3446; x_wconf 77' lang='lat' dir='ltr'>sor-mas</span> <span class='ocrx_word' id='word_1_315' title='bbox 1210 3388 1364 3448; x_wconf 90' lang='lat' dir='ltr'>nominum</span> <span class='ocrx_word' id='word_1_316' title='bbox 1382 3392 1522 3470; x_wconf 84' lang='lat' dir='ltr'>pertinet,</span> 
     </span>
     <span class='ocr_line' id='line_1_30' title="bbox 214 3489 1522 3574; baseline 0 -19"><span class='ocrx_word' id='word_1_317' title='bbox 214 3494 269 3555; x_wconf 90' lang='lat' dir='ltr'>alia</span> <span class='ocrx_word' id='word_1_318' title='bbox 292 3493 327 3554; x_wconf 95' lang='lat' dir='ltr'>ad</span> <span class='ocrx_word' id='word_1_319' title='bbox 351 3491 577 3553; x_wconf 88' lang='lat' dir='ltr'>declinationem</span> <span class='ocrx_word' id='word_1_320' title='bbox 601 3490 760 3551; x_wconf 85' lang='lat' dir='ltr'>verborum</span> <span class='ocrx_word' id='word_1_321' title='bbox 784 3489 872 3550; x_wconf 90' lang='lat' dir='ltr'>etad</span> <span class='ocrx_word' id='word_1_322' title='bbox 897 3493 991 3550; x_wconf 91' lang='lat' dir='ltr'>varias</span> <span class='ocrx_word' id='word_1_323' title='bbox 1021 3492 1132 3552; x_wconf 82' lang='lat' dir='ltr'>formas</span> <span class='ocrx_word' id='word_1_324' title='bbox 1160 3496 1303 3573; x_wconf 87' lang='lat' dir='ltr'>temporis</span> <span class='ocrx_word' id='word_1_325' title='bbox 1326 3495 1452 3574; x_wconf 85' lang='lat' dir='ltr'>perlecti</span> <span class='ocrx_word' id='word_1_326' title='bbox 1477 3495 1522 3556; x_wconf 86' lang='lat' dir='ltr'>vel</span> 
     </span>
     <span class='ocr_line' id='line_1_31' title="bbox 214 3597 1523 3681; baseline 0.002 -19"><span class='ocrx_word' id='word_1_327' title='bbox 214 3601 250 3662; x_wconf 91' lang='lat' dir='ltr'>ad</span> <span class='ocrx_word' id='word_1_328' title='bbox 274 3617 362 3661; x_wconf 89' lang='lat' dir='ltr'>usum</span> <span class='ocrx_word' id='word_1_329' title='bbox 386 3607 417 3658; x_wconf 89' lang='lat' dir='ltr'>et</span> <span class='ocrx_word' id='word_1_330' title='bbox 435 3597 647 3658; x_wconf 89' lang='lat' dir='ltr'>derivationem</span> <span class='ocrx_word' id='word_1_331' title='bbox 666 3597 873 3658; x_wconf 86' lang='lat' dir='ltr'>adverbiorum</span> <span class='ocrx_word' id='word_1_332' title='bbox 892 3605 1035 3677; x_wconf 90' lang='lat' dir='ltr'>spectant.</span> <span class='ocrx_word' id='word_1_333' title='bbox 1073 3599 1109 3659; x_wconf 91' lang='lat' dir='ltr'>de</span> <span class='ocrx_word' id='word_1_334' title='bbox 1134 3600 1243 3679; x_wconf 91' lang='lat' dir='ltr'>quibus</span> <span class='ocrx_word' id='word_1_335' title='bbox 1262 3603 1303 3663; x_wconf 90' lang='lat' dir='ltr'>ita</span> <span class='ocrx_word' id='word_1_336' title='bbox 1321 3601 1523 3681; x_wconf 87' lang='lat' dir='ltr'>disputaverat</span> 
     </span>
     <span class='ocr_line' id='line_1_32' title="bbox 215 3703 1521 3786; baseline 0.002 -18"><span class='ocrx_word' id='word_1_337' title='bbox 215 3707 323 3786; x_wconf 85' lang='lat' dir='ltr'>Caper,</span> <span class='ocrx_word' id='word_1_338' title='bbox 353 3714 386 3766; x_wconf 93' lang='lat' dir='ltr'>ut</span> <span class='ocrx_word' id='word_1_339' title='bbox 414 3723 502 3765; x_wconf 92' lang='lat' dir='ltr'>usum</span> <span class='ocrx_word' id='word_1_340' title='bbox 526 3704 608 3765; x_wconf 92' lang='lat' dir='ltr'>latini</span> <span class='ocrx_word' id='word_1_341' title='bbox 632 3706 778 3764; x_wconf 89' lang='lat' dir='ltr'>sermonis</span> <span class='ocrx_word' id='word_1_342' title='bbox 801 3703 870 3763; x_wconf 91' lang='lat' dir='ltr'>inde</span> <span class='ocrx_word' id='word_1_343' title='bbox 893 3703 930 3764; x_wconf 89' lang='lat' dir='ltr'>ab</span> <span class='ocrx_word' id='word_1_344' title='bbox 953 3707 1168 3784; x_wconf 89' lang='lat' dir='ltr'>antiquissimis</span> <span class='ocrx_word' id='word_1_345' title='bbox 1191 3706 1376 3786; x_wconf 88' lang='lat' dir='ltr'>temporibus</span> <span class='ocrx_word' id='word_1_346' title='bbox 1400 3708 1521 3770; x_wconf 91' lang='lat' dir='ltr'>demon·</span> 
     </span>
     <span class='ocr_line' id='line_1_33' title="bbox 215 3810 1523 3894; baseline 0.002 -21"><span class='ocrx_word' id='word_1_347' title='bbox 215 3820 325 3874; x_wconf 89' lang='lat' dir='ltr'>straret</span> <span class='ocrx_word' id='word_1_348' title='bbox 352 3821 381 3873; x_wconf 90' lang='lat' dir='ltr'>et</span> <span class='ocrx_word' id='word_1_349' title='bbox 410 3810 545 3890; x_wconf 92' lang='lat' dir='ltr'>plurimis</span> <span class='ocrx_word' id='word_1_350' title='bbox 573 3811 755 3890; x_wconf 85' lang='lat' dir='ltr'>scriptorum</span> <span class='ocrx_word' id='word_1_351' title='bbox 782 3810 924 3890; x_wconf 84' lang='lat' dir='ltr'>exemplis</span> <span class='ocrx_word' id='word_1_352' title='bbox 952 3814 1094 3891; x_wconf 91' lang='lat' dir='ltr'>appositis</span> <span class='ocrx_word' id='word_1_353' title='bbox 1122 3814 1319 3874; x_wconf 82' lang='lat' dir='ltr'>confirmaret.</span> <span class='ocrx_word' id='word_1_354' title='bbox 1356 3816 1387 3874; x_wconf 94' lang='lat' dir='ltr'>in</span> <span class='ocrx_word' id='word_1_355' title='bbox 1417 3817 1523 3894; x_wconf 92' lang='lat' dir='ltr'>primis</span> 
     </span>
     <span class='ocr_line' id='line_1_34' title="bbox 217 3919 1522 4000; baseline 0.002 -19"><span class='ocrx_word' id='word_1_356' title='bbox 217 3928 316 3981; x_wconf 88' lang='lat' dir='ltr'>autem</span> <span class='ocrx_word' id='word_1_357' title='bbox 344 3919 379 3979; x_wconf 92' lang='lat' dir='ltr'>ad</span> <span class='ocrx_word' id='word_1_358' title='bbox 407 3919 676 3978; x_wconf 91' lang='lat' dir='ltr'>vetustissimorum</span> <span class='ocrx_word' id='word_1_359' title='bbox 710 3919 888 3996; x_wconf 90' lang='lat' dir='ltr'>scriptorum</span> <span class='ocrx_word' id='word_1_360' title='bbox 922 3936 1090 3979; x_wconf 90' lang='lat' dir='ltr'>sermonem</span> <span class='ocrx_word' id='word_1_361' title='bbox 1118 3922 1182 3980; x_wconf 89' lang='lat' dir='ltr'>eius</span> <span class='ocrx_word' id='word_1_362' title='bbox 1213 3919 1309 3981; x_wconf 91' lang='lat' dir='ltr'>studia</span> <span class='ocrx_word' id='word_1_363' title='bbox 1339 3923 1522 4000; x_wconf 89' lang='lat' dir='ltr'>pertinuisse</span> 
     </span>
     <span class='ocr_line' id='line_1_35' title="bbox 216 4023 1522 4108; baseline 0.001 -21"><span class='ocrx_word' id='word_1_364' title='bbox 216 4035 247 4087; x_wconf 92' lang='lat' dir='ltr'>et</span> <span class='ocrx_word' id='word_1_365' title='bbox 271 4046 307 4087; x_wconf 82' lang='lat' dir='ltr'>ex</span> <span class='ocrx_word' id='word_1_366' title='bbox 331 4023 487 4103; x_wconf 84' lang='lat' dir='ltr'>exemplis,</span> <span class='ocrx_word' id='word_1_367' title='bbox 517 4042 591 4102; x_wconf 90' lang='lat' dir='ltr'>quae</span> <span class='ocrx_word' id='word_1_368' title='bbox 620 4023 655 4083; x_wconf 92' lang='lat' dir='ltr'>ab</span> <span class='ocrx_word' id='word_1_369' title='bbox 679 4025 725 4084; x_wconf 82' lang='lat' dir='ltr'>liis</span> <span class='ocrx_word' id='word_1_370' title='bbox 748 4027 935 4104; x_wconf 92' lang='lat' dir='ltr'>potissimum</span> <span class='ocrx_word' id='word_1_371' title='bbox 959 4027 1116 4106; x_wconf 86' lang='lat' dir='ltr'>petiverat,</span> <span class='ocrx_word' id='word_1_372' title='bbox 1140 4027 1335 4108; x_wconf 82' lang='lat' dir='ltr'>intellegitur,</span> <span class='ocrx_word' id='word_1_373' title='bbox 1358 4027 1522 4098; x_wconf 78' lang='lat' dir='ltr'>etjudicio</span> 
     </span>
     <span class='ocr_line' id='line_1_36' title="bbox 217 4130 1522 4214; baseline 0.001 -20"><span class='ocrx_word' id='word_1_374' title='bbox 217 4131 428 4212; x_wconf 88' lang='lat' dir='ltr'>comprobatur</span> <span class='ocrx_word' id='word_1_375' title='bbox 455 4133 728 4211; x_wconf 84' lang='lat' dir='ltr'>grammaticorum,</span> <span class='ocrx_word' id='word_1_376' title='bbox 756 4150 772 4191; x_wconf 88' lang='lat' dir='ltr'>e</span> <span class='ocrx_word' id='word_1_377' title='bbox 801 4130 909 4210; x_wconf 89' lang='lat' dir='ltr'>quibus</span> <span class='ocrx_word' id='word_1_378' title='bbox 936 4131 1108 4195; x_wconf 83' lang='lat' dir='ltr'>Priscianus</span> <span class='ocrx_word' id='word_1_379' title='bbox 1137 4134 1155 4194; x_wconf 91' lang='lat' dir='ltr'>l.</span> <span class='ocrx_word' id='word_1_380' title='bbox 1178 4132 1202 4189; x_wconf 92' lang='lat' dir='ltr'>V</span> <span class='ocrx_word' id='word_1_381' title='bbox 1225 4153 1253 4213; x_wconf 90' lang='lat' dir='ltr'>p.</span> <span class='ocrx_word' id='word_1_382' title='bbox 1279 4130 1358 4214; x_wconf 90' lang='lat'><strong>188,</strong></span> <span class='ocrx_word' id='word_1_383' title='bbox 1381 4131 1425 4194; x_wconf 90' lang='lat'>22</span> <span class='ocrx_word' id='word_1_384' title='bbox 1453 4134 1522 4196; x_wconf 91' lang='lat' dir='ltr'>doc-</span> 
     </span>
     <span class='ocr_line' id='line_1_37' title="bbox 218 4239 1521 4317; baseline 0.002 -16"><span class='ocrx_word' id='word_1_385' title='bbox 218 4241 367 4301; x_wconf 88' lang='lat' dir='ltr'>tissimum</span> <span class='ocrx_word' id='word_1_386' title='bbox 394 4239 578 4316; x_wconf 90' lang='lat' dir='ltr'>antiquitatis</span> <span class='ocrx_word' id='word_1_387' title='bbox 601 4245 855 4317; x_wconf 87' lang='lat' dir='ltr'>perscrutatorem</span> <span class='ocrx_word' id='word_1_388' title='bbox 879 4256 947 4299; x_wconf 89' lang='lat' dir='ltr'>cum</span> <span class='ocrx_word' id='word_1_389' title='bbox 970 4239 1050 4300; x_wconf 87' lang='lat' dir='ltr'>dicit.</span> <span class='ocrx_word' id='word_1_390' title='bbox 1089 4242 1357 4302; x_wconf 88' lang='lat' dir='ltr'>vetustissimorum</span> <span class='ocrx_word' id='word_1_391' title='bbox 1380 4240 1425 4301; x_wconf 88' lang='lat' dir='ltr'>vel</span> <span class='ocrx_word' id='word_1_392' title='bbox 1448 4244 1521 4303; x_wconf 88' lang='lat' dir='ltr'>anti·</span> 
     </span>
     <span class='ocr_line' id='line_1_38' title="bbox 217 4343 1521 4426; baseline 0 -19"><span class='ocrx_word' id='word_1_393' title='bbox 217 4349 430 4426; x_wconf 89' lang='lat' dir='ltr'>quissimorum</span> <span class='ocrx_word' id='word_1_394' title='bbox 454 4363 542 4404; x_wconf 88' lang='lat' dir='ltr'>usum</span> <span class='ocrx_word' id='word_1_395' title='bbox 567 4343 709 4424; x_wconf 82' lang='lat' dir='ltr'>exemplis</span> <span class='ocrx_word' id='word_1_396' title='bbox 733 4343 768 4404; x_wconf 93' lang='lat' dir='ltr'>ab</span> <span class='ocrx_word' id='word_1_397' title='bbox 792 4363 827 4404; x_wconf 93' lang='lat' dir='ltr'>eo</span> <span class='ocrx_word' id='word_1_398' title='bbox 847 4345 1004 4425; x_wconf 91' lang='lat' dir='ltr'>probatum</span> <span class='ocrx_word' id='word_1_399' title='bbox 1023 4357 1235 4408; x_wconf 88' lang='lat' dir='ltr'>commemorat</span> <span class='ocrx_word' id='word_1_400' title='bbox 1253 4347 1332 4407; x_wconf 90' lang='lat' dir='ltr'>idem</span> <span class='ocrx_word' id='word_1_401' title='bbox 1350 4347 1521 4409; x_wconf 85' lang='lat' dir='ltr'>Priscianus</span> 
     </span>
    </p>
   </div>
   <div class='ocr_carea' id='block_1_3' title="bbox 216 4447 1523 4853">
    <p class='ocr_par' dir='ltr' id='par_1_4' title="bbox 216 4447 1521 4535">
     <span class='ocr_line' id='line_1_39' title="bbox 216 4447 1521 4535; baseline 0.001 -22"><span class='ocrx_word' id='word_1_402' title='bbox 216 4472 244 4532; x_wconf 88' lang='lat' dir='ltr'>p.</span> <span class='ocrx_word' id='word_1_403' title='bbox 270 4449 350 4532; x_wconf 86' lang='lat'><strong>212,</strong></span> <span class='ocrx_word' id='word_1_404' title='bbox 372 4449 403 4512; x_wconf 92' lang='grc'><strong>4.</strong></span> <span class='ocrx_word' id='word_1_405' title='bbox 432 4447 511 4531; x_wconf 87' lang='grc'><strong>390,</strong></span> <span class='ocrx_word' id='word_1_406' title='bbox 535 4447 585 4511; x_wconf 90' lang='grc'>26.</span> <span class='ocrx_word' id='word_1_407' title='bbox 614 4448 693 4534; x_wconf 91' lang='grc'><strong>392,</strong></span> <span class='ocrx_word' id='word_1_408' title='bbox 717 4449 746 4513; x_wconf 87' lang='grc'>6.</span> <span class='ocrx_word' id='word_1_409' title='bbox 775 4448 853 4534; x_wconf 88' lang='grc'><strong>393,</strong></span> <span class='ocrx_word' id='word_1_410' title='bbox 879 4451 928 4513; x_wconf 93' lang='lat' dir='ltr'>ll.</span> <span class='ocrx_word' id='word_1_411' title='bbox 956 4449 1036 4535; x_wconf 88' lang='grc'><strong>508,</strong></span> <span class='ocrx_word' id='word_1_412' title='bbox 1059 4451 1115 4515; x_wconf 76' lang='grc'>271</span> <span class='ocrx_word' id='word_1_413' title='bbox 1148 4463 1263 4515; x_wconf 89' lang='lat' dir='ltr'>veteres</span> <span class='ocrx_word' id='word_1_414' title='bbox 1291 4453 1417 4533; x_wconf 91' lang='lat' dir='ltr'>appellat</span> <span class='ocrx_word' id='word_1_415' title='bbox 1442 4453 1521 4514; x_wconf 88' lang='lat' dir='ltr'>idem</span> 
     </span>
    </p>

    <p class='ocr_par' dir='ltr' id='par_1_5' title="bbox 217 4554 1522 4641">
     <span class='ocr_line' id='line_1_40' title="bbox 217 4554 1522 4641; baseline 0.002 -22"><span class='ocrx_word' id='word_1_416' title='bbox 217 4579 244 4639; x_wconf 92' lang='lat' dir='ltr'>p.</span> <span class='ocrx_word' id='word_1_417' title='bbox 260 4555 335 4637; x_wconf 89' lang='grc'><strong>204,</strong></span> <span class='ocrx_word' id='word_1_418' title='bbox 354 4555 383 4618; x_wconf 88' lang='grc'>6.</span> <span class='ocrx_word' id='word_1_419' title='bbox 403 4554 479 4638; x_wconf 91' lang='grc'><strong>212,</strong></span> <span class='ocrx_word' id='word_1_420' title='bbox 499 4557 549 4618; x_wconf 89' lang='grc'><strong>14.</strong></span> <span class='ocrx_word' id='word_1_421' title='bbox 565 4555 640 4640; x_wconf 87' lang='grc'><strong>561,</strong></span> <span class='ocrx_word' id='word_1_422' title='bbox 659 4555 700 4620; x_wconf 94' lang='grc'><strong>10</strong></span> <span class='ocrx_word' id='word_1_423' title='bbox 717 4567 747 4619; x_wconf 93' lang='lat' dir='ltr'>et</span> <span class='ocrx_word' id='word_1_424' title='bbox 765 4558 916 4620; x_wconf 87' lang='lat' dir='ltr'>Charisius</span> <span class='ocrx_word' id='word_1_425' title='bbox 933 4579 960 4639; x_wconf 87' lang='lat' dir='ltr'>p.</span> <span class='ocrx_word' id='word_1_426' title='bbox 980 4557 1052 4640; x_wconf 92' lang='grc'><strong>145,</strong></span> <span class='ocrx_word' id='word_1_427' title='bbox 1069 4558 1127 4641; x_wconf 84' lang='grc'>20;</span> <span class='ocrx_word' id='word_1_428' title='bbox 1142 4558 1193 4622; x_wconf 88' lang='grc'>23.</span> <span class='ocrx_word' id='word_1_429' title='bbox 1224 4569 1378 4640; x_wconf 85' lang='lat' dir='ltr'>praeterea</span> <span class='ocrx_word' id='word_1_430' title='bbox 1396 4563 1522 4622; x_wconf 83' lang='lat' dir='ltr'>maxime</span> 
     </span>
    </p>

    <p class='ocr_par' dir='ltr' id='par_1_6' title="bbox 217 4664 1523 4853">
     <span class='ocr_line' id='line_1_41' title="bbox 217 4664 1449 4744; baseline 0.005 -23"><span class='ocrx_word' id='word_1_431' title='bbox 217 4664 337 4743; x_wconf 82' lang='lat' dir='ltr'>Vergilii</span> <span class='ocrx_word' id='word_1_432' title='bbox 360 4681 428 4724; x_wconf 91' lang='lat' dir='ltr'>eum</span> <span class='ocrx_word' id='word_1_433' title='bbox 452 4667 596 4726; x_wconf 90' lang='lat' dir='ltr'>rationem</span> <span class='ocrx_word' id='word_1_434' title='bbox 620 4664 759 4725; x_wconf 89' lang='lat' dir='ltr'>habuisse</span> <span class='ocrx_word' id='word_1_435' title='bbox 783 4665 878 4726; x_wconf 88' lang='lat' dir='ltr'>Servii</span> <span class='ocrx_word' id='word_1_436' title='bbox 900 4666 1044 4744; x_wconf 88' lang='lat' dir='ltr'>quaedam</span> <span class='ocrx_word' id='word_1_437' title='bbox 1065 4667 1269 4728; x_wconf 92' lang='lat' dir='ltr'>adnotationes</span> <span class='ocrx_word' id='word_1_438' title='bbox 1293 4676 1449 4729; x_wconf 85' lang='lat' dir='ltr'>testantur.</span> 
     </span>
     <span class='ocr_line' id='line_1_42' title="bbox 310 4769 1523 4853; baseline 0.006 -24"><span class='ocrx_word' id='word_1_439' title='bbox 310 4769 366 4829; x_wconf 89' lang='lat' dir='ltr'>Sed</span> <span class='ocrx_word' id='word_1_440' title='bbox 392 4786 479 4847; x_wconf 91' lang='lat' dir='ltr'>quam</span> <span class='ocrx_word' id='word_1_441' title='bbox 502 4769 559 4829; x_wconf 90' lang='lat' dir='ltr'>late</span> <span class='ocrx_word' id='word_1_442' title='bbox 583 4789 656 4831; x_wconf 89' lang='lat' dir='ltr'>usus</span> <span class='ocrx_word' id='word_1_443' title='bbox 679 4778 709 4830; x_wconf 89' lang='lat' dir='ltr'>et</span> <span class='ocrx_word' id='word_1_444' title='bbox 733 4773 893 4832; x_wconf 85' lang='lat' dir='ltr'>auctoritas</span> <span class='ocrx_word' id='word_1_445' title='bbox 916 4772 1005 4833; x_wconf 80' lang='lat' dir='ltr'>liuius</span> <span class='ocrx_word' id='word_1_446' title='bbox 1028 4775 1211 4853; x_wconf 85' lang='lat' dir='ltr'>grammatici</span> <span class='ocrx_word' id='word_1_447' title='bbox 1238 4774 1317 4852; x_wconf 87' lang='lat' dir='ltr'>apud</span> <span class='ocrx_word' id='word_1_448' title='bbox 1339 4777 1523 4853; x_wconf 89' lang='lat' dir='ltr'>posteriores</span> 
     </span>
    </p>
   </div>
   <div class='ocr_carea' id='block_1_4' title="bbox 0 0 1673 5474">
    <p class='ocr_par' dir='ltr' id='par_1_7' title="bbox 0 0 1673 5474">
     <span class='ocr_line' id='line_1_43' title="bbox 0 0 1673 5474; baseline 0 0"><span class='ocrx_word' id='word_1_449' title='bbox 0 0 1673 5474; x_wconf 95' lang='lat' dir='ltr'> </span> 
     </span>
    </p>
   </div>
  </div>
 </body>
</html>
