3316 5474
610 334 658 389 DE
678 334 965 390 ORTHOGRAPHIA
1376 344 1438 408 181

126 452 143 488 p
165 440 227 480 aser.
242 440 255 478 s
268 439 294 478 r.

59 531 66 540 '
129 532 165 585 ut
185 522 312 584 verbena
333 522 437 582 rubeta
456 520 609 581 ambesum
628 520 749 580 habena.
787 523 934 601 excipitur
953 541 1059 605 avena,
1079 543 1154 603 qrrae
1174 527 1319 605 significat
1339 528 1439 590 tibiam

128 630 178 691 vel
193 630 341 711 stipulam,
355 629 544 689 discretionis
559 629 660 706 gratia.
689 645 756 687 nam
771 646 893 689 severus
914 627 1018 708 [qnae]
1038 649 1054 690 a
1068 650 1155 692 saevo
1174 635 1295 694 veniens
1314 639 1439 714 posteri-

130 740 203 800 tatis
228 736 343 814 [causa]
368 755 421 796 vus
445 734 571 815 syllabae
596 737 789 813 consequitur
812 735 952 815 regulam.

223 844 255 904 Vi
283 844 381 905 brevis
407 862 462 923 per
489 861 507 900 v
535 841 665 902 vocalem
693 840 850 903 habentem
878 845 936 903 vim
965 847 1156 906 consonantis
1180 840 1185 924 Ι
1211 846 1373 924 scribetur,
1406 860 1439 911 ut

98 953 239 1014 sFarius
266 952 384 1012 Flavius
412 949 514 1011 avidus
545 950 653 1010 tluvius
683 951 785 1009 civitas
820 949 915 1009 favilla
948 952 1098 1029 provincia
1131 955 1252 1014 exuviae
1285 959 1438 1017 manuviae

131 1060 273 1121 oblivium
301 1058 444 1119 diluvium
468 1058 580 1117 savium
609 1055 744 1130 lividum,
772 1058 950 1135 simpuvium
978 1047 1068 1130 εἶδος
1091 1052 1232 1133 σκεύους
1256 1057 1448 1142 ίερατικοῦ.·,

131 1176 252 1269 prepter
279 1165 391 1226 obitum
421 1182 529 1225 nomen
558 1171 588 1223 et
616 1162 714 1223 subito
743 1171 831 1242 atque
859 1162 956 1224 obiter
983 1164 1134 1239 adverbia,
1163 1169 1231 1245 quia
1259 1167 1297 1227 ob
1328 1178 1357 1230 et
1385 1170 1441 1230 snb

133 1281 236 1352 utpote
261 1273 496 1352 praepositiones
520 1272 657 1349 antiquos
685 1276 757 1348 puto
781 1271 812 1329 in
836 1272 984 1349 scriptura
1008 1289 1156 1353 servasse,
1187 1273 1205 1333 b
1229 1273 1358 1335 litteram
1382 1296 1440 1337 non

104 1439 112 1450 ,
133 1379 246 1440 mediae
266 1379 318 1440 sed
341 1381 454 1459 primae
474 1377 668 1457 adiungentes
688 1375 824 1455 syllabae.
861 1375 980 1438 Virbius
1000 1381 1088 1439 etiam
1107 1379 1273 1441 abstractus
1297 1400 1312 1440 a
1332 1383 1442 1464 regula,

90 1509 118 1548 ro
136 1489 273 1566 quoniam
297 1489 392 1547 virum
416 1486 462 1546 bis
486 1486 595 1544 laetum
620 1500 685 1543 esse
710 1491 888 1564 memorant,
911 1502 1000 1562 qrrem
1025 1503 1182 1547 numerum
1210 1507 1264 1567 per
1287 1488 1305 1548 b
1329 1501 1440 1552 mutam

134 1593 224 1653 scribi
249 1593 413 1653 antedicta
437 1591 601 1651 declarant:
624 1589 742 1668 quidam
762 1591 858 1649 virum
879 1590 1004 1672 bonum,
1027 1592 1074 1653 alii
1099 1593 1268 1677 herobinm‚
1292 1604 1440 1676 tamquam

134 1702 172 1760 sit
194 1692 283 1779 ἥρως
305 1691 557 1778 ἆναβεβιωκώς,
581 1698 630 1758 alii
654 1695 741 1756 deum
761 1713 826 1755 esse
847 1699 899 1774 qui
917 1696 1035 1759 Viribus
1058 1703 1440 1781 praeestinterpretantur.
1489 1724 1495 1735 ·

135 1806 181 1866 bis
203 1815 356 1886 praeterea
380 1815 499 1866 notatur
522 1803 686 1884 ambiguus.
721 1821 847 1881 namque
880 1822 908 1863 m
936 1806 1104 1867 semivocali
1132 1810 1300 1888 praeposita
1328 1812 1358 1870 in
1382 1830 1439 1872 una

223 1984 236 2031 1
256 1979 379 2033 berbena
393 1978 452 2031 AB
470 1978 594 2032 berbena
614 1975 637 2030 C
703 1981 718 2028 2
738 1991 817 2029 seuer
832 1992 904 2043 quae
923 1992 1021 2031 aseuo
1036 1977 1151 2033 ueniens
1169 1980 1228 2035 Be
1244 1998 1323 2036 seuer
1337 1999 1384 2036 ase
1403 2000 1438 2037 uo

132 2057 246 2112 ueniens
271 2061 299 2112 A
323 2076 447 2125 seuerus,
471 2056 539 2127 quis
561 2073 578 2110 u
601 2071 684 2109 saeuo
707 2053 825 2112 uenite
862 2072 879 2102 υ
906 2064 921 2112 5
945 2058 1069 2129 Flavius]
1094 2059 1194 2113 fluuius
1218 2062 1245 2115 A
1326 2062 1438 2132 fluvius]

132 2137 231 2192 fluuius
256 2140 283 2191 A
381 2144 397 2191 6
423 2137 593 2206 simpuuium
619 2127 786 2190 ΕΙΔΟὰΚΥ(
813 2135 984 2192 ΙΕΡΑΤΙΚΟΥ
1010 2135 1173 2198 ΕΙΔΕὸΚΕΥ
1174 2140 1242 2194 ΟΥ(
1268 2134 1439 2197 ΙΕΡὰΤΙΚΟΥ

131 2220 244 2287 propter
258 2218 286 2270 B
298 2216 468 2271 subsiciuum
483 2211 729 2274 ΕὰΔΟΕΕΚΥΟΥ(
749 2210 920 2272 imbutor
935 2218 1121 2272 emoctter
1121 2219 1189 2273 ΟΥ(
1204 2220 1342 2275 {erutor
1361 2239 1440 2292 prae-

131 2301 175 2352 ter
194 2300 220 2351 A
240 2295 410 2366 simpuuium
430 2311 542 2364 grecum
561 2296 672 2363 praeter
693 2296 716 2350 G
796 2302 810 2349 'l
830 2295 909 2366 quis]
929 2314 1000 2365 quae
1019 2298 1077 2352 Bc
1089 2299 1196 2431 {uibus
1215 2301 1242 2353 A
1324 2305 1341 2353 8
1359 2317 1438 2370 prae·

131 2378 282 2447 positiones
302 2376 347 2434 su
363 2374 598 2444 praepositionem
617 2376 678 2428 AB
751 2382 782 2429 11
803 2374 947 2430 declarent
966 2392 1034 2431 corr.
1055 2394 1102 2431 -nn
1134 2377 1161 2430 Β
1238 2379 1386 2434 herebium
1409 2380 1436 2433 Β

131 2457 274 2511 uerobium
293 2455 356 2520 AG,
377 2470 446 2507 corr.
465 2454 590 2509 erobium
605 2456 632 2509 A
706 2462 738 2508 12
758 2454 863 2510 sitem.
882 2455 909 2508 Β
982 2456 1066 2510 ΕΡΟ(
1084 2451 1295 2514 dudsseettmt
1313 2459 1405 2514 ABG

132 2535 236 2590 uiribus
255 2536 313 2589 AC
330 2535 464 2589 uiridibus
482 2536 509 2589 Β
581 2535 769 2605 interpretant
789 2536 812 2590 G
884 2542 915 2590 13
935 2536 1111 2605 semiuoealis
1132 2537 1155 2591 0

583 2784 768 2839 Msnrrnn
783 2784 831 2838 DE
851 2784 873 2838 Β
892 2784 939 2838 ΕΤ
958 2784 983 2839 V

132 2953 174 3013 vel
199 2953 352 3034 stipulam,
375 2951 562 3013 discretionis
586 2970 682 3012 eausa,
720 2970 787 3012 nam
811 2970 933 3012 severus
957 2971 973 3012 a
997 2970 1082 3012 saevo
1107 2954 1228 3012 veniens
1251 2957 1434 3034 posteritatis

132 3080 184 3121 vus
212 3061 339 3140 syllabae
367 3063 561 3140 consequitur
591 3058 736 3139 regulam,
765 3061 850 3119 euius
875 3061 1019 3119 rationem
1043 3077 1115 3119 suus
1145 3059 1227 3120 loeus
1252 3062 1435 3124 monstrabit.

219 3168 251 3228 Vi
283 3168 381 3228 brevis
416 3186 470 3246 per
500 3186 516 3224 v
548 3165 677 3226 vocalem
707 3165 865 3226 habentem
895 3168 954 3226 rim
985 3169 1175 3226 consonantis
1207 3167 1370 3250 scribetur,
1402 3179 1436 3230 ut

130 3275 235 3335 Favius
264 3274 366 3335 avidus
389 3273 505 3334 Flavius
534 3272 628 3332 favilla
659 3274 809 3352 provincia
838 3275 959 3332 exuviae
987 3272 1128 3333 oblivium
1156 3273 1298 3334 diluvium
1323 3277 1434 3335 savium

105 3381 265 3462 sliridum,
293 3377 471 3460 simpuvim
499 3370 588 3452 εἶδος
611 3372 752 3452 σκεύους
780 3376 962 3460 [ερατικοῦε
989 3387 1108 3458 praeter
1136 3379 1250 3441 obitum
1274 3400 1381 3442 nomen
1405 3391 1436 3443 et

130 3488 227 3549 subito
252 3497 339 3567 atque
364 3488 460 3547 obiter
482 3479 565 3546 κατὰ
589 3476 714 3546 ταύτόν
738 3484 890 3566 adverbia,
918 3489 986 3566 qnia
1010 3485 1048 3545 ob
1077 3495 1107 3546 et
1134 3485 1190 3546 sub
1218 3495 1321 3567 utpote
1349 3508 1433 3568 prae-

130 3598 292 3675 positiones
315 3598 452 3674 antiquos
474 3603 547 3674 puto
571 3596 601 3653 in
626 3595 773 3673 scriptura
798 3611 944 3667 servasse,
968 3592 986 3653 b
1010 3592 1138 3654 litteram
1163 3612 1221 3654 non
1244 3595 1356 3656 mediae
1382 3597 1433 3657 sed

129 3705 241 3781 primae
265 3703 458 3780 adiungentes
486 3698 621 3779 syllabae.
659 3699 777 3762 Virbius
800 3703 888 3761 etiam
918 3700 1083 3761 abstractus
1111 3720 1126 3760 a
1150 3702 1265 3783 regula,
1294 3707 1432 3783 quoniam

130 3810 224 3869 virum
253 3808 298 3868 bis
327 3809 436 3869 lactum
465 3827 530 3868 esse
560 3816 738 3889 memorant,
766 3826 855 3886 quem
884 3826 1041 3868 numerum
1072 3826 1128 3929 pop
1154 3808 1173 3867 b
1202 3818 1312 3869 mutam
1342 3812 1432 3872 scribi

90 3924 196 3975 suante
228 3916 283 3975 lata
314 3915 477 3976 declarant:
507 3914 625 3993 quidam
656 3915 751 3974 virum
782 3913 907 3995 bonum,
937 3913 985 3973 alii
1015 3913 1184 4000 berobrnm,
1215 3923 1363 3994 tamquam
1395 3922 1434 3979 sit

129 4012 217 4101 ἥρως
247 4013 496 4100 ἄναβεβιωκώς,
526 4021 575 4081 alii
605 4021 693 4082 deum
724 4039 790 4081 esse
820 4022 870 4098 qui
901 4019 1020 4081 Viribus
1050 4028 1167 4100 praeest
1196 4024 1433 4101 interpretantur

130 4127 241 4207 [ipsum
272 4128 408 4205 nomen]:
439 4138 468 4189 et
498 4126 683 4208 adverbium,
713 4126 791 4206 quod
821 4126 943 4188 verbum
971 4126 1059 4188 babet
1086 4119 1316 4209 πρωτότυπον,
1346 4132 1432 4191 euius

129 4235 260 4314 regulam
284 4236 492 4312 monstrabunt
520 4255 593 4315 quae
619 4236 730 4296 luerint
753 4235 885 4312 exposita
913 4244 1023 4313 postea.
1061 4234 1107 4294 his
1134 4242 1287 4314 praeterea
1311 4244 1432 4297 notatur

219 4416 232 4460 1
259 4408 434 4463 discretionis
453 4409 545 4478 gratia
562 4411 594 4462 ut
612 4407 756 4476 separetur
773 4404 810 4459 ab
827 4404 939 4458 habene
956 4421 1040 4473 quam
1059 4406 1150 4460 lorum
1167 4405 1385 4475 interpretantur
1405 4410 1433 4463 P

182 4495 198 4541 3
224 4491 256 4542 ut
273 4489 364 4543 iuvius
383 4489 501 4542 fluvidus
519 4487 617 4543 avidus
636 4486 735 4541 fluvius
754 4484 853 4540 civitas
871 4484 970 4540 favilla
987 4485 1132 4555 provincia
1150 4485 1265 4540 exuviae
1284 4487 1431 4543 manuviae

130 4567 264 4622 oblivium
284 4569 419 4623 diluvium
439 4569 467 4621 P
526 4567 703 4622 tdeluvium
722 4567 754 4619 N
815 4562 992 4632 ὓῖερατικόν
1010 4565 1044 4619 N
1104 4560 1210 4620 6κατὰ
1231 4561 1265 4620 τὰ
1285 4561 1373 4622 αὐτόν
1392 4570 1430 4637 Ν,

129 4664 178 4700 em.
197 4647 224 4700 P
283 4649 437 4703 8Verbius
454 4649 487 4701 N
547 4647 666 4703 9seribi
680 4650 745 4703 ante
758 4648 818 4702 latu
831 4647 977 4702 declarant
992 4647 1020 4699 P
1036 4645 1162 4701 scribunt
1175 4645 1251 4701 elata
1264 4647 1389 4704 declarat
1402 4650 1436 4704 N

184 4734 213 4780 11
236 4730 418 4798 αναβεβηκως
439 4728 467 4780 Ρ
536 4727 672 4783 viridibus
693 4727 721 4779 P
792 4726 1011 4795 interpretantur
1029 4728 1058 4781 et
1076 4726 1240 4781 adverbium
1258 4725 1350 4797 ipsum
1369 4745 1429 4784 ver·
1540 4784 1557 4803 l

128 4808 195 4861 bum
216 4807 244 4860 P
315 4812 347 4860 13
367 4807 493 4878 regulam
512 4808 541 4860 P
556 4807 668 4877 regulus
685 4806 719 4860 N
786 4808 920 4862 notantur
939 4805 1060 4862 ambitus
1079 4810 1109 4862 et
1127 4805 1273 4875 ambiguus
1293 4808 1322 4862 P
