3316 5474
657 357 705 411 Du
724 357 822 413 Auru
841 356 1004 414 tiermes
1416 353 1482 417 243

178 467 200 503 p.
214 457 322 497 asso-ot
336 456 361 495 Ρ.

178 540 238 621 lus,
262 541 357 619 liquae
381 539 545 620 spondeus,
574 542 663 600 ritere
687 552 877 623 anapaestus,
904 541 1021 622 gnapoli
1049 549 1232 619 anapaestus.
1270 539 1349 620 quod
1373 540 1481 600 rationi

178 647 312 708 eiusdem
340 650 441 728 metri,
475 649 505 708 ni
534 646 627 728 fallor,
656 650 753 708 minus
781 648 898 709 ridetur
925 666 991 708 esse
1023 648 1216 726 conveniens,
1251 665 1318 708 cum
1350 647 1480 707 universi

179 756 230 832 qui
258 753 314 814 hoc
344 760 438 814 metro
468 754 515 813 usi
543 761 612 813 sunt
641 771 760 814 versum
787 771 906 814 omnem
933 754 964 813 in
993 752 1089 813 medio
1114 752 1269 814 diviserint
1288 753 1294 830 Ι
1313 762 1344 813 et
1366 750 1481 812 duabus

177 859 429 939 penthememeris
452 865 588 920 constare
614 857 772 940 voluerint,
796 877 923 939 quarum
946 861 1029 939 prior
1052 859 1199 939 dactylum
1227 861 1288 919 sive
1316 859 1481 938 spondeum

151 966 303 1027 alicenter
326 976 452 1047 utraque
476 969 506 1028 in
530 968 650 1046 regione
674 967 835 1047 reciperet,
858 968 1006 1046 posterior
1030 965 1108 1027 solos
1132 965 1262 1044 dactylos
1292 967 1481 1045 inutraque.

92 1110 98 1117 -
178 1072 235 1132 lroc
249 1083 349 1134 autem
364 1083 394 1134 et
412 1075 551 1154 superius
570 1081 698 1133 metrum
713 1071 764 1133 uhi
783 1074 882 1133 iuncta
902 1073 1022 1153 fuerint,
1036 1072 1198 1152 elegiacum
1217 1090 1337 1133 carmen
1352 1080 1481 1133 vocatur.

178 1180 289 1260 elegios
317 1199 445 1260 namque
469 1183 594 1242 miseros
616 1179 763 1261 appellant
789 1178 970 1261 philosophi,
992 1189 1023 1242 et
1045 1180 1134 1241 huius
1158 1179 1318 1240 modulatio
1341 1181 1481 1240 carminis

179 1290 356 1349 miserorum
375 1291 577 1367 querimoniae
592 1289 738 1368 congruit,
757 1286 808 1348 uhi
826 1289 910 1367 prior
923 1306 1028 1348 versus
1042 1287 1222 1368 hexameter,
1236 1304 1365 1366 sequens
1378 1295 1481 1366 penta·

179 1402 282 1454 meter.
320 1413 379 1474 quo
408 1414 517 1474 genere
551 1395 639 1455 metri
667 1394 769 1455 lerunt
796 1395 945 1456 canticum
974 1391 1197 1456 Deuteronomii
1220 1395 1297 1477 apud
1322 1392 1482 1475 Hebraeos,

140 1519 165 1558 ro
179 1500 230 1560 sed
255 1509 285 1562 et
307 1500 435 1581 psalmos
459 1500 575 1562 CXVlll
598 1510 629 1562 et
652 1499 782 1562 CXLllll
811 1519 877 1562 esse
901 1501 1074 1581 descriptos.
1112 1519 1238 1581 namque
1267 1501 1375 1564 lihrum
1404 1501 1482 1563 beati

178 1605 229 1667 loh
252 1608 379 1688 simplici
403 1609 574 1670 hexametro
598 1611 742 1688 scriptum
766 1625 832 1669 esse
855 1608 1037 1669 adseverant.
1075 1606 1290 1668 observandum
1313 1617 1359 1669 est
1382 1615 1481 1669 autern

178 1715 207 1774 iu
232 1717 362 1775 carmine
386 1715 516 1795 elegiaco
540 1714 650 1796 nequid
674 1734 815 1796 umquam
838 1714 874 1776 de
894 1734 984 1777 sensu
1003 1733 1107 1777 versus
1131 1718 1308 1795 pentametri
1331 1725 1481 1777 remaneat

177 1820 402 1903 inexplicatum,
425 1821 504 1901 quod
531 1824 708 1901 insequente
732 1840 820 1883 versu
844 1821 1014 1883 hexametro
1039 1821 1189 1904 reddatur,
1214 1821 1330 1882 sedvel
1353 1832 1481 1901 uterque

178 1925 316 1987 sensibus
340 1930 403 1988 suis
428 1930 605 1989 terminetur
629 1946 746 2003 uersus,
771 1938 804 1991 ut
827 1928 966 1990 Sedulius

139 2051 164 2089 rs
337 2042 522 2095 cantemus
545 2037 636 2096 socii
659 2035 814 2112 domino,
838 2043 1022 2097 cantemus
1046 2036 1228 2116 honorem,

390 2140 508 2202 dulcis
531 2159 627 2202 amor
651 2141 787 2203 Christi
811 2150 984 2222 personet
1006 2160 1066 2203 ore
1089 2143 1162 2223 pio,

178 2247 223 2308 rel
246 2247 302 2308 sihi
331 2255 433 2308 mutuo
460 2250 543 2329 prior
571 2249 741 2310 hexameter
764 2267 799 2309 ae
825 2257 1011 2329 pentameter
1035 2247 1234 2328 subsequens,
1260 2256 1349 2328 prout
1375 2254 1479 2328 poetae

177 2355 335 2436 placuerit,
358 2364 555 2416 conserantur
578 2357 660 2417 iuxta
682 2355 755 2416 illud
778 2353 932 2436 Prosperi,

337 2462 436 2524 solus
459 2471 630 2543 peccator
654 2465 769 2524 servit
792 2462 896 2545 male,
919 2465 979 2543 qui
1002 2462 1090 2524 licet
1113 2462 1227 2543 amplo

137 2583 163 2624 so
390 2577 513 2630 utatur
536 2588 660 2650 regno,
683 2579 737 2631 sat
760 2571 869 2631 miser
893 2578 950 2631 est
973 2569 1138 2631 famulus.

177 2693 245 2735 nam
273 2685 433 2755 sequentes
461 2675 612 2757 versiculi,
639 2677 696 2738 etsi
723 2676 770 2736 his
797 2683 868 2737 suut
891 2674 1055 2757 subiuncti,
1078 2675 1197 2736 sibimet
1220 2683 1291 2736 sunt
1314 2683 1411 2736 tamen
1435 2674 1478 2733 in·

178 2782 272 2841 ricem
295 2783 446 2843 coniuncti
470 2792 500 2844 et
523 2781 674 2843 secundus
696 2784 792 2862 primo
816 2781 867 2844 dat
889 2781 1140 2862 supplementum
1166 2783 1301 2862 sequitur
1324 2783 1404 2841 enim

338 2907 415 2949 cum
438 2908 536 2950 mens
559 2890 695 2952 carnali
719 2891 866 2952 nimium
889 2890 1093 2951 dominante
1117 2898 1298 2976 tyranno,

350 3070 353 3076 Α
390 3004 444 3056 tot
467 2999 583 3058 servit
605 2998 777 3077 sceptris,
800 2996 924 3057 dedita
946 3006 1033 3077 quot
1055 2999 1164 3059 vitiis.

136 3153 162 3192 us
492 3139 591 3206 vat
610 3140 668 3196 SIT
688 3140 828 3195 ΟΡΤΙΜΔ
848 3141 1024 3198 CARMINIS
1042 3140 1169 3196 FORMA

264 3246 302 3304 At
321 3262 391 3304 vero
410 3245 440 3304 in
465 3244 636 3305 hexametro
655 3247 786 3306 carmine
805 3247 1009 3307 conectenatio
1028 3262 1169 3306 versuum
1188 3243 1384 3324 plurimorum
1403 3244 1479 3316 solet

175 3368 242 3410 esse
265 3353 445 3432 gratissima,
468 3351 546 3430 quod
571 3353 601 3412 iu
621 3353 744 3414 Aratore
768 3360 799 3414 et
823 3351 942 3414 Sedulio
966 3352 1107 3431 frequens
1129 3353 1277 3433 invenies,
1301 3351 1387 3412 modo
1406 3349 1478 3411 duo-

175 3456 245 3539 bus,
275 3457 360 3519 modo
389 3456 499 3540 trihus,
526 3458 613 3540 modo
642 3467 782 3539 quattuor
809 3467 862 3520 aut
891 3460 1022 3538 quinque
1050 3456 1199 3538 versibus,
1229 3475 1288 3518 non
1319 3476 1479 3537 numquam

176 3583 227 3624 sex
251 3565 296 3623 rel
321 3573 434 3644 septem
459 3565 504 3626 vel
527 3569 615 3628 etiam
638 3565 774 3648 pluribus
798 3565 832 3626 ad
856 3566 983 3626 invicem
1007 3567 1141 3646 conexis,
1164 3563 1249 3644 quale
1273 3573 1320 3624 est
1341 3563 1428 3646 illud,

135 3686 162 3725 ³0
335 3670 424 3733 Loth
448 3671 621 3734 Sodomae
645 3674 809 3753 fugiente
832 3671 954 3753 chaos,
976 3671 1057 3734 dum
1080 3673 1236 3752 respicit
1259 3690 1360 3754 uxor,

334 3781 370 3839 in
393 3786 545 3840 statuam
570 3787 703 3869 mutata
726 3778 814 3840 salis
837 3779 1046 3858 stupefacta
1070 3780 1256 3860 remansit,

334 3886 374 3946 ad
398 3905 545 3966 poenam
569 3902 743 3946 conversa
767 3902 878 3965 suam,
901 3885 984 3964 quia
1007 3902 1107 3946 nemo
1130 3894 1332 3947 retrorsum

334 3995 438 4053 noxia
462 3995 658 4073 contempti
683 3995 801 4054 vitans
824 3991 1033 4053 discrimina
1056 3989 1202 4070 mundil

335 4102 518 4179 aspiciens
541 4099 733 4160 salvandus
756 4100 839 4180 erit,
861 4116 925 4159 nec
949 4097 1057 4159 dehet
1079 4109 1201 4162 arator

335 4205 477 4284 dignum
501 4225 589 4286 opus
613 4225 785 4268 exercens
810 4203 948 4265 vultum
971 4207 1007 4266 in
1031 4223 1094 4267 sua
1117 4215 1217 4286 terga
1240 4207 1396 4266 referre:

263 4346 409 4395 3omnem
430 4342 489 4407 ΡΠ
506 4348 567 4396 οῖιε
586 4342 626 4408 L,
645 4357 696 4396 om.
716 4339 747 4393 F
832 4337 938 4394 diuisei
959 4340 988 4394 P
1074 4340 1318 4412 lpentimemeris
1336 4340 1368 4395 F
1383 4341 1477 4411 pente-

175 4420 304 4475 memeris
322 4421 348 4475 L
368 4419 569 4491 peutimemiris
589 4420 618 4474 P
677 4425 693 4474 6
713 4418 753 4489 et]
773 4422 805 4475 ut
822 4420 851 4474 P
911 4419 1031 4476 eliseum
1052 4421 1079 4473 P
1144 4421 1284 4492 telegios
1303 4419 1365 4474 FL
1383 4421 1477 4477 eleos

174 4514 243 4554 corr.
263 4499 357 4571 elegos
377 4500 405 4553 P
420 4500 538 4557 eleioss
614 4496 787 4568 philosophi]
805 4497 937 4567 graecis
1012 4501 1029 4554 8
1049 4498 1241 4568 quaerimonia
1259 4500 1292 4555 F
1359 4517 1477 4572 aequem

174 4580 470 4652 eetpentemetersP
522 4578 701 4635 lonsmL·
731 4576 1028 4633 ltamorLPhonor
1043 4578 1074 4632 F
1126 4586 1158 4637 18
1168 4581 1477 4638 conseranturiuxtsL

174 4664 355 4716 conserentur
369 4664 401 4716 ut
413 4661 491 4715 iuxta
506 4659 731 4716 Fconseruntur
744 4657 823 4713 iuxta
836 4659 887 4717 ςΡ
944 4660 1088 4714 toutator
1103 4659 1133 4714 F
1198 4667 1230 4715 21
1247 4663 1367 4719 subiecti
1381 4663 1433 4722 ςΡ

174 4747 208 4798 to
227 4742 388 4798 contemtio
409 4757 522 4796 uersum
542 4740 573 4794 F
640 4743 675 4793 et
693 4737 823 4808 frequens
838 4738 898 4794 FL
916 4740 1076 4811 frequenter
1090 4740 1140 4798 ςΡ
1207 4748 1242 4795 30
1261 4741 1383 4798 sodomis
1400 4742 1428 4796 L

174 4829 208 4877 32
223 4837 442 4891 consessumque
455 4837 525 4877 corr.
540 4837 675 4878 conuersa
689 4836 770 4876 susm
783 4819 850 4890 quie
863 4820 896 4875 F
941 4827 975 4876 88
990 4818 1116 4876 contexui
1130 4818 1161 4873 F
1207 4824 1241 4874 tt
1250 4821 1343 4893 terga]
1357 4823 1434 4876 terra
1448 4820 1481 4875 F

1207 4913 1292 4977 ror,
