3316 5474
299 381 342 447 26
788 378 964 432 renuunt
983 378 1114 433 scavut

300 492 321 527 p.
337 480 390 520 2260
404 481 427 518 P.

299 573 369 626 sunt
392 574 545 644 quattuor,
568 564 577 624 l
600 584 630 624 ru
654 558 740 644 nr),
768 567 874 624 amissa
905 564 1062 629 novissima
1086 566 1133 624 sni
1157 574 1240 643 parte
1265 567 1417 643 sequentis
1441 565 1523 626 verbi
1547 569 1607 646 pri·

300 690 377 732 mam
409 672 536 733 litteram
567 673 730 751 genrinant,
762 681 795 731 nt
826 672 907 749 rapio
938 672 1048 749 arripio
1079 680 1109 731 et
1138 672 1268 750 corripio
1298 679 1329 730 et
1357 673 1496 752 surripio.
1534 675 1606 735 item

300 798 430 862 accerso,
453 781 586 858 quamvis
609 778 657 837 alii
681 796 800 837 arcesso
824 777 923 837 dicant
947 796 1005 836 non
1029 780 1093 837 sino
1117 780 1241 858 ratione,
1264 777 1343 857 quod
1368 781 1458 841 ctiam
1480 782 1512 841 in
1537 800 1552 841 r
1573 783 1605 842 iu

299 889 363 947 eius
389 886 466 947 morli
491 885 755 967 compositionibus
778 885 797 944 d
821 884 919 944 littera
944 887 1059 965 transit,
1082 904 1140 964 qna
1164 884 1198 944 ad
1223 888 1403 964 praepositio
1427 888 1544 969 linitur,
1571 897 1605 949 ut

298 997 416 1073 arripio.
453 994 504 1054 sed
529 992 647 1073 qnidam
671 994 866 1054 dillerentianr
891 1010 956 1052 esse
982 992 1147 1073 uoluerunt,
1172 1001 1204 1053 nt
1228 988 1346 1052 arcesso
1366 993 1486 1071 quidem
1510 994 1546 1055 ab
1568 1008 1635 1056 eut

299 1101 389 1160 verbo
414 1111 502 1181 esset,
525 1101 603 1179 quod
627 1111 674 1161 est
697 1119 793 1171 ιιι-ιιι,
816 1117 936 1159 accerso
957 1117 1026 1158 rero
1046 1097 1081 1158 ab
1102 1117 1136 1157 eo
1157 1099 1235 1176 qnod
1255 1109 1301 1160 est
1319 1104 1409 1162 accit).
1438 1101 1491 1162 sed
1511 1102 1604 1183 nobis,

300 1218 462 1286 utrumque
487 1207 687 1282 scribendum,
711 1210 745 1267 ad
770 1206 893 1268 curulem
914 1207 1157 1284 significationem
1179 1206 1317 1268 vitientur
1337 1210 1498 1287 pertinere.
1527 1210 1604 1270 simi·

301 1315 370 1375 liter
392 1313 473 1393 lego,
497 1314 582 1393 alligo
607 1314 852 1394 colligopelligo,
878 1322 909 1373 nt
933 1331 1035 1372 omnes
1060 1315 1172 1392 antiqui
1197 1315 1349 1375 eliserunt:
1373 1314 1452 1376 unde
1476 1325 1506 1377 et
1529 1317 1604 1397 apud

299 1420 459 1500 Vergiliani
479 1420 635 1499 legendum
655 1417 892 1502 ‘pelligercnt
912 1415 1060 1501 oculis‚’
1085 1440 1142 1481 non
1162 1417 1392 1501 ‘perlegerent'
1424 1425 1496 1484 item
1516 1433 1606 1506 muto,

299 1538 448 1589 commuto
478 1547 532 1607 per
558 1529 619 1588 diro
651 1548 679 1589 ιιι
708 1538 738 1589 et
766 1530 889 1588 innunto
918 1536 948 1588 et
978 1529 1110 1587 imminet
1140 1528 1184 1604 [et
1206 1529 1338 1608 impiusl.
1377 1530 1406 1589 in
1435 1529 1484 1589 bis
1506 1540 1647 1592 ιιιιιιιιι11

300 1644 397 1695 servat
420 1638 598 1715 praepositio
618 1635 746 1697 litteram
773 1653 865 1714 snam,
890 1633 950 1710 {ull
972 1633 1194 1694 innumerabilis
1213 1644 1243 1695 et
1262 1638 1385 1714 innupta
1404 1638 1605 1720 ulimmerus,

299 1745 439 1821 quoniam
462 1746 616 1822 sequentia
641 1744 727 1804 sorba
752 1743 787 1803 ab
808 1744 909 1802 tradem
931 1741 1025 1802 littera
1046 1744 1200 1821 incipiunt.
1237 1745 1267 1803 in
1287 1744 1513 1806 semivocalibus
1532 1765 1602 1825 quo·

300 1869 358 1929 qne
382 1852 532 1927 geminant
555 1852 790 1929 praepositiones
813 1852 937 1927 primani
967 1851 1119 1926 sequentis
1148 1849 1229 1908 terlri
1257 1848 1398 1932 litteram,
1430 1860 1463 1913 ut
1491 1854 1605 1936 enatus,

301 1975 359 2015 non
379 1957 494 2016 casatus
514 1975 568 2016 nec
587 1958 710 2034 celatus,
734 1965 768 2015 nt
786 1954 904 2034 qnidam
924 1961 1112 2036 putaverunt,
1136 1966 1165 2014 et
1183 1958 1342 2018 ellorvcns:
1365 1961 1436 2019 item
1456 1962 1487 2020 ln
1507 1962 1604 2041 mutis

302 2074 333 2122 ut
362 2062 460 2124 attulit
487 2082 541 2142 per
565 2074 576 2124 t
600 2072 629 2124 et
657 2066 753 2141 attigit
780 2071 810 2124 et
838 2063 965 2122 attinuit.
1003 2063 1031 2122 iu
1063 2063 1188 2123 eontulit
1219 2073 1315 2124 tamen
1345 2085 1403 2126 nou
1434 2075 1528 2129 mutat
1552 2076 1647 2129 nec¹⁵

392 2243 425 2289 14
444 2236 511 2290 ilem
531 2237 559 2290 in
579 2236 664 2290 mutis
677 2254 708 2304 p.
729 2240 772 2299 13,
791 2240 825 2288 11

394 2406 403 2450 1
426 2396 541 2468 amissa]
567 2398 652 2451 missa
669 2397 753 2450 BPe
845 2402 860 2447 2
884 2393 1080 2463 geminandam
1105 2398 1136 2447 ut
1159 2396 1238 2465 rapio
1261 2400 1344 2452 ΒΡω
1435 2400 1557 2470 corripio
1579 2404 1607 2455 et

301 2476 420 2546 surripio
440 2498 461 2530 ω
481 2477 600 2547 corripio
620 2480 648 2531 et
667 2476 792 2545 subripio
811 2476 838 2528 B
857 2473 976 2542 corripio
996 2473 1114 2542 surripio
1135 2475 1162 2525 P
1264 2484 1279 2529 ³
1304 2479 1378 2546 quod
1402 2478 1488 2534 etiam
1513 2480 1606 2536 iuer.

302 2557 370 2625 (etia
388 2577 416 2612 m
435 2577 449 2611 r
467 2559 495 2610 P
509 2558 595 2612 etiam
614 2578 628 2611 r
647 2562 680 2613 ul
704 2557 732 2610 in
757 2556 893 2610 eiusmodi
916 2554 1164 2624 compositionibus
1188 2555 1217 2609 in
1242 2557 1276 2610 de
1300 2558 1338 2625 (in
1357 2558 1376 2612 d
1395 2559 1458 2627 Por)
1476 2558 1608 2613 retransit

304 2638 379 2705 quod
398 2641 427 2692 et
445 2639 598 2708 propositio
618 2638 713 2692 finitur
731 2639 831 2691 BPor
853 2639 887 2705 ef.
909 2638 963 2691 Vel.
984 2637 1067 2705 Lorrp.
1083 2652 1113 2702 p.
1133 2640 1214 2689 2232
1233 2636 1250 2689 d
1270 2637 1344 2690 eninr
1363 2656 1419 2694 non
1437 2637 1530 2694 minus
1548 2638 1607 2693 inr

302 2718 425 2772 litteram
445 2718 545 2772 transit
564 2736 647 2788 quam
668 2719 696 2773 in
715 2737 738 2783 e,
757 2738 819 2773 cum
839 2719 901 2773 dieo
916 2722 944 2772 et
963 2717 1064 2771 accedo
1084 2718 1112 2768 et
1131 2719 1319 2786 accommodo,
1338 2736 1429 2790 quam·
1441 2718 1517 2789 apud
1536 2718 1606 2773 anti-

301 2815 371 2865 quos
390 2797 419 2851 iu
439 2816 565 2865 arvoree,
586 2799 614 2852 in
633 2800 787 2854 a1·rorsa1·io
859 2801 926 2852 tut
944 2798 971 2851 iu
992 2795 1095 2865 arripio
1116 2794 1168 2846 Pro
1251 2800 1335 2853 used
1355 2799 1469 2869 quidam
1488 2799 1541 2852 Por
1560 2798 1607 2853 sed

301 2877 349 2946 qui
365 2919 371 2931 .
387 2919 393 2931 .
407 2880 515 2933 (lacubus
529 2881 627 2933 litteris
641 2881 733 2934 deletis
747 2882 774 2932 Β
856 2883 887 2932 ut
901 2895 1009 2933 ¹‘teresse
1025 2895 1093 2931 corr.
1109 2879 1140 2930 nt
1154 2894 1264 2932 areesso
1278 2881 1305 2932 Β
1369 2887 1385 2935 6
1400 2880 1486 2950 esset]
1503 2897 1565 2935 esse
1581 2879 1608 2933 Β

370 2974 451 3012 arceo
471 2959 546 3012 Pbo
566 2959 640 3013 arcio
659 2960 687 3011 B
780 2976 891 3013 accerso
916 2976 980 3011 nero
1003 2959 1039 3012 ab
1067 2974 1099 3011 eo
1119 2957 1195 3024 quod
1214 2960 1257 3011 est
1275 2959 1351 3014 aceio
1371 2981 1392 3013 ω
1411 2977 1522 3016 accerso
1541 2978 1607 3016 uero

301 3038 376 3106 quod
395 3041 439 3092 est
457 3037 500 3092 cio
513 3039 540 3091 B
560 3056 671 3094 accerso
692 3056 757 3093 uero
776 3039 812 3093 ab
830 3038 951 3106 eoquod
970 3040 1014 3092 est
1031 3037 1097 3106 pigo
1114 3036 1143 3090 P.
1164 3037 1241 3091 aceio
1261 3043 1371 3092 tru‘ntur
1389 3040 1480 3094 l'elins
1494 3038 1607 3108 Loupns

301 3119 317 3171 l.
338 3135 359 3173 c.
379 3121 409 3173 et
426 3118 455 3171 in
474 3136 506 3173 eo
526 3120 600 3188 quod
620 3122 662 3174 est
680 3137 789 3175 arcesso
808 3123 837 3174 et
858 3135 970 3172 accerso
995 3117 1164 3186 putaverunt
1188 3118 1303 3185 quidam
1329 3119 1511 3175 differentiam
1535 3135 1603 3184 esse,

301 3202 333 3251 ut
356 3215 465 3253 accerso
485 3199 523 3253 sit
546 3216 627 3267 voco,
651 3203 772 3255 tractum
791 3202 826 3255 ab
852 3198 997 3264 cociendo,
1021 3213 1130 3251 arcesso
1151 3214 1215 3252 rere
1234 3216 1409 3267 summoveo,
1431 3199 1466 3254 ab
1484 3198 1604 3253 arcendo

301 3280 433 3345 tractum,
452 3285 476 3332 et
497 3279 661 3334 Priscianus
680 3281 697 3334 l.
718 3282 740 3333 I
752 3298 783 3349 p.
803 3287 848 3348 35,
867 3287 883 3336 5
903 3281 976 3335 unde
996 3278 1153 3334 ostenditur
1172 3283 1246 3334 reete
1265 3297 1375 3335 arcesso
1395 3280 1452 3335 dici
1474 3275 1604 3335 ebarcio

301 3358 398 3422 verbo,
417 3359 491 3427 quod
511 3377 584 3414 nune
602 3360 680 3414 aceio
699 3361 832 3426 dicimus,
851 3362 926 3430 qnod
945 3364 987 3416 est
1006 3377 1038 3414 ex
1057 3357 1094 3412 ad
1114 3360 1141 3410 et
1161 3356 1204 3411 oio
1224 3359 1409 3427 eonrpositum
1492 3366 1508 3413 t
1527 3358 1606 3414 simi-

300 3437 364 3492 liter
382 3440 441 3508 ligo
459 3440 546 3507 alligo
561 3439 614 3491 Βω
635 3440 764 3494 similiter
782 3441 840 3508 ligo
859 3440 953 3508 adligo
969 3439 1000 3491 P.
1020 3437 1107 3505 alligo
1126 3454 1143 3489 a
1162 3437 1271 3504 lependo
1289 3439 1392 3493 (lictant
1403 3445 1499 3499 ‚tutetur
1514 3439 1607 3493 Velina

299 3518 412 3586 Laupas
430 3537 460 3586 p.
484 3525 573 3586 2225,
599 3521 646 3573 nbi
664 3521 793 3588 ailigere,
818 3538 870 3572 reon
894 3519 1016 3586 allegere
1035 3517 1223 3582 scriptumest
1246 3519 1276 3571 in
1299 3520 1397 3573 coelice.
1429 3520 1608 3588 ortbopraplti

301 3600 459 3653 Cassiodori
473 3616 503 3666 p.
519 3605 606 3664 ras-3,
625 3607 816 3666 2211123111,
835 3600 883 3667 qni
901 3597 987 3665 alligo
1008 3598 1038 3649 in
1056 3598 1177 3664 evemplo
1192 3605 1316 3665 perstant,
1337 3604 1429 3654 utrrun
1448 3602 1478 3654 ar
1496 3601 1531 3654 nb
1546 3602 1607 3655 alli·
1637 3595 1641 3601 ’

299 3680 386 3747 pendo
410 3695 448 3733 an
471 3679 505 3732 ab
530 3677 671 3745 allipando
694 3696 747 3734 esse
764 3681 899 3733 rolttcrint
918 3695 974 3730 ιιοιι
993 3682 1097 3730 emutat
1206 3683 1221 3730 8
1241 3678 1345 3747 peiligo
1363 3680 1425 3732 BP
1445 3680 1558 3750 pellego
1578 3700 1608 3734 ω.

300 3757 410 3827 pellego
429 3775 480 3826 pro
498 3755 614 3826 perlego
633 3758 795 3814 Priscianus
814 3761 831 3814 l.
852 3760 891 3810 ll
907 3776 937 3825 p.
957 3762 1038 3823 51111
1118 3755 1248 3810 dixertmt
1267 3776 1323 3812 non
1341 3759 1516 3828 perlegerem
1534 3764 1608 3830 (per-

300 3838 393 3905 legere
413 3837 482 3903 roP)
500 3837 573 3892 unde
592 3843 621 3892 et
640 3839 724 3906 (unde
742 3859 761 3908 p
780 3842 820 3906 et,
839 3841 885 3893 sed
903 3839 986 3892 ‹leleto
1005 3856 1023 3906 p
1042 3839 1080 3905 Β)
1099 3837 1174 3905 apud
1190 3838 1340 3905 uer-gilium
1359 3839 1508 3909 legendum
1527 3841 1608 3911 pelli·

300 3919 400 3986 gerent
422 3916 597 3985 (pellicerent
620 3938 641 3970 ω
664 3920 837 3988 pellegerent
856 3919 1011 3987 Pntscbins)
1034 3917 1122 3971 oeulis
1147 3917 1214 3972 item
1234 3920 1327 3975 ΒΡω.
1347 3922 1508 3990 transposui
1525 3922 1608 3975 uerba

300 4000 332 4052 in
349 3999 487 4052 corticibus
506 4004 635 4066 corrupta
655 4004 679 4051 et
698 4000 787 4052 olinae
806 4000 862 4055 loeo
878 4001 984 4069 posita,
1010 4014 1065 4051 non
1083 3997 1267 4067 perlegerent.
1296 4018 1460 4069 qatomquam
1483 4000 1609 4054 ‹trahite-ri

296 4083 386 4147 potest
408 4096 446 4131 (ιιι
470 4078 660 4144 interpolatori
676 4079 769 4145 potius
787 4095 868 4149 quana
886 4081 969 4133 ceteri
985 4078 1163 4148 prarrrnrutico
1182 4081 1329 4135 tribuendo
1345 4083 1402 4133 sirit
1493 4086 1509 4132 9
1528 4080 1608 4149 pelli-

300 4159 412 4228 gerent]
439 4158 514 4225 Verq.
535 4158 603 4209 den.
630 4157 675 4209 VI
693 4163 727 4211 31
805 4160 882 4214 muto
902 4160 1043 4214 commuto
1061 4156 1116 4209 Βω
1136 4157 1218 4214 mitto
1237 4161 1383 4217 committo
1403 4160 1430 4212 P
1506 4166 1539 4213 10
1557 4160 1609 4212 im·

962 4252 984 4279 nt

300 4297 378 4347 muto
402 4295 432 4345 et
453 4289 582 4345 imminet
605 4294 634 4345 et
657 4292 760 4363 impius
783 4294 811 4348 in
830 4295 873 4348 his
894 4315 915 4347 ω
943 4293 1050 4347 inmoto
1070 4296 1108 4361 (m
1127 4310 1258 4362 superam.
1279 4296 1305 4363 b)
1324 4293 1453 4348 imminet
1471 4292 1500 4346 in
1518 4291 1563 4346 bis
1580 4292 1607 4344 B

301 4373 424 4426 immitto
443 4374 472 4425 et
489 4369 620 4425 imminet
638 4375 667 4426 et
685 4372 787 4443 impius
806 4375 834 4428 in
854 4375 908 4430 hiis
926 4376 953 4428 P
1032 4382 1064 4429 11
1085 4376 1117 4427 ut
1135 4373 1307 4430 inmutabilis
1326 4379 1355 4429 et
1372 4374 1464 4429 inuita
1482 4377 1512 4429 et
1528 4374 1607 4429 inno·

301 4469 366 4505 eene
384 4452 411 4503 B
430 4454 462 4504 ut
480 4451 587 4505 innuba
605 4456 634 4508 et
653 4453 743 4509 innita
762 4458 791 4509 et
808 4442 941 4510 innoeeirs
960 4456 1017 4508 uP
1091 4461 1122 4508 12
1142 4454 1183 4525 iu]
1202 4455 1239 4508 lit
1251 4456 1365 4508 BPEx
1379 4477 1400 4509 ω
1476 4463 1509 4509 13
1528 4473 1608 4524 prae·

300 4531 452 4601 positiones
467 4553 488 4585 ω
508 4534 723 4603 praepositionis
739 4535 766 4587 P
781 4535 1032 4605 praepositionibus
1045 4538 1073 4590 Β
1145 4535 1235 4606 verbi]
1251 4535 1344 4590 uerbis
1361 4537 1389 4589 P
1458 4539 1491 4591 ut
1509 4536 1609 4593 effatus

300 4629 355 4666 non
374 4611 483 4667 orlatus
501 4634 522 4667 ω
543 4616 573 4668 ut
592 4616 693 4670 ollactus
713 4632 766 4670 non
786 4619 818 4670 ut
835 4616 944 4672 calatus
962 4618 1024 4671 BP
1118 4624 1151 4672 tt
1170 4634 1221 4671 nec
1240 4615 1356 4671 collatus
1375 4616 1403 4669 P
1496 4619 1526 4671 et
1544 4623 1609 4672 ante

301 4693 435 4748 effervens
453 4710 502 4749 ont.
522 4697 608 4750 ΒΡω
695 4695 764 4750 item
783 4695 811 4749 iu
831 4697 915 4752 mutis
935 4698 961 4750 Β
980 4697 1048 4754 item
1068 4700 1153 4754 mutis
1173 4719 1194 4752 ω
1214 4698 1282 4752 item
1301 4697 1391 4752 mittis
1411 4695 1439 4749 P
1522 4703 1555 4751 15
1574 4700 1608 4752 ut

301 4791 351 4829 our.
370 4774 458 4826 ΒΡω
531 4775 629 4829 attulit
647 4792 697 4843 per
713 4777 727 4828 t
746 4779 775 4829 et
792 4776 889 4830 attulit
907 4782 937 4831 et
954 4779 1051 4847 attigit
1069 4784 1098 4834 et
1116 4777 1230 4833 attinuit
1248 4777 1275 4829 B
1356 4792 1411 4831 non
1430 4778 1524 4830 mutat
1542 4798 1564 4831 ω
1584 4782 1609 4832 ct

301 4856 409 4909 ‹litabrts
427 4855 526 4909 litteris
544 4861 608 4909 ante
626 4856 718 4908 mutat
736 4856 829 4908 deletis
846 4855 882 4920 B,
901 4872 956 4909 non
976 4859 1072 4911 mittat
1091 4858 1118 4909 P
