3316 5474
604 363 652 417 DE
680 363 934 418 DlrFuRENTIIS
1088 379 1091 383 ’
1360 361 1426 426 523

123 475 145 511 p.
159 463 218 503 eret.
234 463 287 503 ersa
302 464 327 504 r.

124 547 200 605 fama
228 547 272 607 rel
300 548 486 608 commendat
513 545 559 607 vel
585 547 726 629 destruit,
757 567 859 608 rumor
888 546 1006 608 indicat.
1051 549 1152 626 opinio
1181 547 1324 628 ostendit,
1352 547 1427 606 fama

124 654 249 727 iudicat,
272 673 375 715 rumor
399 653 605 716 tumultuatur.
631 650 635 737 l

219 764 442 834 Querimoniam
462 769 492 824 et
509 768 673 838 querelam.
719 764 904 842 querimonia
923 772 1021 822 certae
1040 763 1084 821 rei
1103 771 1163 841 est,
1185 760 1305 839 querela
1324 778 1426 840 super·

124 887 214 928 vacua
239 877 293 930 est.
338 872 439 948 itaque
461 872 545 948 prior
568 872 735 950 gravitatis,
757 872 905 950 posterior
929 869 1057 929 levitatis
1080 876 1133 927 est.

97 990 109 1028 s
213 974 408 1053 Transfugam
432 983 462 1035 et
484 977 646 1056 perfugam.
693 975 844 1054 transfuga
876 993 946 1035 suos
973 974 1094 1054 reliquit
1122 983 1152 1034 et
1179 974 1215 1035 ad
1243 975 1315 1035 alios
1339 976 1427 1054 venit,

124 1082 247 1159 perfuga
271 1082 394 1161 supplex
419 1090 472 1142 est.
520 1100 591 1160 ergo
614 1081 766 1160 transfuga
789 1101 807 1138 e
830 1089 864 1141 ut
886 1079 1049 1141 adiuvetur.

213 1187 299 1248 llunc
323 1196 353 1247 et
375 1190 465 1249 istum
490 1196 520 1247 et
543 1187 625 1249 illum
649 1197 679 1248 et
703 1206 778 1248 eum.
824 1187 904 1247 hunc
933 1195 962 1246 et
991 1189 1080 1248 istum
1109 1190 1140 1248 in
1168 1190 1302 1268 proximo
1331 1197 1425 1268 notat3

123 1293 206 1354 illum
235 1295 364 1355 ostendit
394 1295 513 1373 quidem
540 1294 626 1374 longe
655 1302 796 1374 stantem,
828 1293 880 1355 sed
908 1297 940 1355 in
969 1304 1147 1380 conspectum
1179 1314 1246 1356 eum
1275 1295 1426 1357 absentem

124 1401 224 1461 refert.

84 1524 110 1563 ιο
213 1506 345 1568 Gloriam
378 1516 408 1568 et
439 1508 600 1587 gloriosum
633 1518 664 1570 et
693 1509 891 1589 gloriatorem.
946 1509 1058 1588 glorius
1095 1511 1184 1570 rrnius
1221 1520 1267 1570 est
1302 1511 1427 1590 gloriae;

123 1612 263 1692 gloriator
295 1632 355 1673 non
388 1612 476 1673 habet
508 1632 627 1675 cansam
663 1613 821 1695 gloriandi,
860 1614 913 1674 sed
950 1624 1048 1676 tamen
1084 1616 1244 1697 gloriatur3
1280 1618 1427 1697 gloriosus

123 1719 260 1798 pluribus
283 1740 318 1780 er
342 1723 440 1780 causis
464 1739 529 1780 esse
553 1722 677 1799 cogitur.
826 1786 831 1793 ,

212 1826 410 1906 dbrogantem
429 1834 459 1887 et
482 1827 681 1905 adrogantem.
719 1827 841 1907 adrogat
863 1827 972 1905 aliquid
997 1826 1066 1909 stoi,
1090 1831 1204 1889 etiamsi
1224 1849 1283 1890 non
1303 1833 1424 1912 meruit;

123 1933 244 2013 abrogat
267 1937 318 2013 qui
342 1933 390 1994 alii
413 1934 511 1994 aufert
534 1934 580 1995 vel
602 1937 654 2014 qui
677 1935 773 2014 legem
796 1935 880 1996 tollit.

82 2058 108 2098 ra
212 2041 358 2102 Continue
391 2048 421 2101 et
453 2044 634 2104 continuate.
689 2045 831 2105 continue
864 2043 1001 2124 facimus,
1034 2044 1204 2104 continuate
1237 2046 1301 2104 sine
1334 2047 1424 2106 inter-

124 2150 272 2208 missione.
300 2193 301 2198 .
351 2137 354 2144 ¹

210 2253 374 2315 Externum
394 2264 424 2316 et
442 2255 570 2316 alienum
591 2263 621 2317 et
640 2264 814 2318 extraneum
832 2266 863 2319 et
882 2259 1051 2319 extrarium.
1085 2266 1227 2319 externus
1246 2267 1292 2319 est
1307 2266 1424 2320 exterae

121 2363 231 2441 gentis3
263 2361 377 2423 alienus
406 2362 486 2424 nullo
513 2363 595 2444 loeo,
627 2363 681 2424 sed
711 2382 744 2425 re
779 2363 892 2444 differt3
923 2373 1081 2425 extraneus
1109 2367 1160 2443 qui
1189 2374 1272 2426 extra
1301 2367 1425 2427 eandem

121 2470 239 2530 ianuam
263 2473 492 2550 est5e1trarius
516 2472 568 2550 qui
591 2479 673 2532 extra
697 2471 821 2532 eandem
844 2490 942 2532 aream
967 2478 1021 2532 est

81 2593 109 2632 ro
211 2575 355 2637 Lucidum
374 2586 404 2638 et
422 2577 611 2639 luminosum.
648 2577 780 2638 lucidum
804 2578 947 2658 estquod
966 2586 1069 2657 aperto
1089 2578 1170 2638 caelo
1189 2577 1289 2639 lumen
1308 2583 1424 2664 accipit,

121 2681 300 2742 luminosum
325 2683 403 2762 quod
428 2683 530 2745 multis
553 2683 748 2746 foraminibus
771 2683 972 2745 inluminatur.

209 2789 372 2869 Expertum
400 2800 431 2851 et
458 2801 674 2870 experrectum.
720 2798 861 2870 expertus
889 2799 935 2852 est
962 2789 1071 2870 aliquid
1100 2802 1151 2853 aut
1177 2795 1208 2852 in
1236 2792 1312 2854 bona
1340 2804 1423 2874 parte

121 2897 225 2956 autin
250 2896 338 2977 mala,
361 2905 554 2976 experrectus
577 2897 614 2959 de
638 2916 749 2959 somno.

210 3002 371 3063 llelubrum
401 3011 431 3062 et
459 3003 598 3064 sacellum
627 3013 658 3064 et
684 3003 826 3084 templum
855 3013 885 3065 et
912 3005 1012 3065 lucum
1040 3013 1071 3065 et
1098 3006 1197 3067 fanum
1227 3016 1257 3067 et
1285 3008 1422 3071 bidental.

82 3127 110 3167 rs
123 3109 293 3191 delubrum,
317 3113 347 3171 iu
371 3129 430 3188 quo
454 3110 588 3171 homines
611 3111 743 3190 pericula
766 3129 819 3172 sua
843 3111 980 3192 deluunt;
1008 3122 1123 3191 ponunt
1151 3117 1229 3175 enim
1258 3116 1303 3176 vel
1331 3117 1422 3197 pilum

121 3216 166 3276 vel
199 3227 316 3277 scutum
337 3216 394 3302 ¹uel
424 3216 478 3276 alia
507 3217 591 3297 plura
619 3226 758 3298 suscepta
785 3220 874 3279 votis:
908 3218 1047 3279 sacellum
1075 3222 1230 3300 parvulum
1257 3224 1423 3287 aedilicium

120 3324 178 3384 diis
202 3332 423 3384 consecratum:
448 3323 588 3403 templum
613 3326 643 3384 in
667 3323 733 3385 loco
756 3334 912 3405 augurato:
936 3325 1021 3387 lucus
1044 3326 1128 3388 locus
1152 3330 1274 3391 fulmine
1297 3334 1374 3393 ictus
1393 3344 1423 3393 ct

120 3429 261 3491 arborum
284 3432 432 3509 spissitate
457 3440 567 3491 tectus:
591 3430 691 3491 fanum
714 3430 815 3492 Fauno
839 3443 1059 3515 consecratum,
1083 3435 1161 3496 uude
1180 3436 1274 3499 Fauni
1297 3440 1421 3519 appella·

122 3537 229 3597 leantur
252 3539 336 3616 prius
359 3545 389 3596 et
412 3536 453 3596 illi
476 3540 527 3615 qui
555 3536 736 3617 vagabantur
760 3539 892 3601 fanatici:
920 3538 1050 3601 bidental
1073 3540 1156 3603 locus
1180 3543 1302 3605 fulmine
1326 3555 1423 3607 taetus

81 3654 152 3704 net
175 3645 309 3723 expiatus
332 3663 400 3725 ove3
424 3643 559 3706 bidentes
582 3647 661 3705 enim
684 3663 754 3705 oves
777 3646 969 3725 appellantur.

209 3751 352 3812 Occidere
376 3762 406 3813 et
429 3755 598 3813 interlicere
616 3761 647 3813 et
666 3755 812 3832 perimere
830 3748 833 3837 l
851 3763 880 3815 et
899 3755 1033 3833 iugulare
1053 3765 1082 3817 et
1100 3776 1216 3817 necare.
1254 3761 1421 3821 interficere

121 3868 151 3919 et
178 3861 324 3938 perimere
352 3862 449 3939 prisca
482 3869 564 3941 sunt,
596 3859 733 3921 occidere
765 3860 803 3921 ob
836 3861 955 3922 caedem
983 3862 1096 3924 dictum
1128 3873 1187 3946 est,
1220 3866 1352 3944 iugulare
1383 3866 1421 3926 ub

120 3965 266 4046 iugulum,
290 3984 397 4026 necare
420 3986 436 4027 a
463 3986 549 4048 nece,
571 3968 740 4028 interficere
764 3986 780 4026 a
804 3968 890 4029 facto.

210 4163 242 4209 13
261 4143 390 4224 Abrogal
405 4157 453 4224 qui
472 4156 564 4211 aliena
581 4156 674 4211 aufert
691 4156 738 4211 vel
756 4157 804 4224 qui
822 4156 914 4226 legem
932 4157 1021 4224 tollii,
1041 4159 1160 4226 adroget
1178 4159 1226 4227 qui
1245 4158 1299 4213 sibi
1313 4158 1420 4229 aliquid

118 4236 185 4368 pipp
185 4235 285 4370 1Ιιῐιιεοιοιά
287 4236 421 4369 (Ιήἒξξο)
440 4236 563 4290 adsumit
580 4251 631 4290 nec
649 4235 769 4290 eliorum
787 4239 933 4306 exspectnt
950 4237 1054 4292 iudicio
1073 4239 1101 4304 (l.
1120 4237 1278 4306 iudicium),
1303 4239 1350 4292 sed
1370 4255 1420 4292 eno

209 4517 221 4562 1
247 4511 322 4564 fama
350 4511 458 4584 indicat
485 4527 502 4569 ς
528 4511 604 4565 fama
627 4509 734 4566 indicet
764 4516 796 4565 ut
818 4512 962 4567 fidebam
992 4512 1025 4566 N
1112 4518 1128 4566 3
1158 4511 1363 4576 Querimoniam
1391 4517 1421 4568 ei

119 4589 261 4655 querelam
279 4607 329 4645 om.
348 4591 392 4657 N,
411 4593 475 4646 odd.
494 4607 511 4649 ς
597 4598 613 4647 6
632 4591 773 4658 hennam,
791 4609 848 4661 quo
865 4592 989 4659 definitio
1006 4591 1127 4646 neminie
1144 4589 1292 4659 transfuga
1309 4593 1420 4663 eccidit,

118 4671 241 4724 indicavi
260 4714 265 4725 .
287 4689 353 4742 ergo
377 4671 523 4740 transfugo
546 4670 624 4725 venii
646 4673 679 4725 ui
699 4671 827 4737 adiuvet,
850 4671 969 4742 perfuga
991 4673 1024 4724 nt
1041 4670 1190 4725 adiuvetur
1207 4671 1320 4725 coniecit
1338 4671 1419 4725 Butt-

117 4766 237 4804 monnua
313 4756 481 4810 iunianis
565 4751 753 4821 12e1]dec
837 4757 868 4806 18
888 4768 944 4806 non
962 4752 1025 4805 loco
1043 4750 1091 4804 sed
1110 4766 1140 4803 re
1159 4747 1253 4802 differt
1270 4750 1421 4806 Fabricius

154 4831 285 4886 differunt
301 4832 334 4886 N
350 4848 367 4890 ς

1151 4917 1207 4971 34*
