3316 5474
614 362 682 418 ans
702 361 947 419 onauunrroa
1363 362 1430 428 425

130 474 151 510 p.
166 461 198 500 5³.
212 460 239 500 54
252 460 283 500 fl.

128 545 198 603 vitio
223 545 282 604 iuri
309 545 399 626 duco,
426 548 565 626 inprecor
593 546 685 629 bosti,
712 546 847 610 ausculto
875 550 1006 628 suasori,
1034 548 1168 628 supplico
1197 549 1263 632 tibi,
1291 549 1430 611 moderor

129 650 284 731 militibus,
312 651 452 732 obstrepo
480 653 603 735 dicenti,
630 654 734 735 palpor
761 664 792 716 et
818 654 904 735 palpo
933 672 1023 736 equo,
1051 656 1144 716 crisso
1174 655 1241 736 tibi,
1268 675 1429 736 praecurro

127 761 271 839 praetori,
290 777 418 838 procuro
437 759 543 840 pugili,
562 761 716 839 geniculor
734 764 864 843 parenti,
882 779 978 840 genua
997 761 1050 822 tibi
1072 762 1223 845 advolvor,
1242 767 1428 843 praevaricor

128 882 193 945 reo,
217 865 390 944 supersideo
410 864 569 946 discipulo,
592 867 736 929 antecello
759 867 888 944 aemulo,
913 868 1036 929 consilio
1055 868 1110 929 tibi
1133 888 1213 950 snm,
1237 872 1337 933 studet
1349 872 1429 933 *huic

87 986 100 1024 1
128 971 185 1050 rei,
204 972 294 1030 timeo
313 970 368 1033 tibi
386 980 417 1032 et
435 970 471 1031 de
491 981 534 1052 te,
557 971 680 1033 detraho
699 973 767 1055 tibi,
786 974 900 1035 alienus
920 992 986 1034 sum
1005 973 1072 1057 tibi,
1091 986 1173 1037 vacat
1191 976 1277 1058 mibi,
1296 988 1429 1059 tempero

127 1078 208 1158 vino,
231 1078 401 1140 testimonio
426 1088 471 1139 est
494 1079 579 1160 mibi3
609 1079 749 1141 adversor
778 1083 912 1162 inimico,
940 1080 1096 1142 subscribo
1124 1083 1269 1165 epistolis,
1297 1087 1429 1147 intentus

127 1183 245 1266 studiis,
265 1187 402 1248 inimicus
421 1187 601 1270 neglegenti,
620 1189 699 1250 dicto
718 1188 854 1269 audiens,
874 1187 992 1249 invidus
1010 1188 1103 1271 bono,
1122 1189 1274 1252 malivolus
1288 1192 1430 1275 studenti,

129 1290 233 1351 babilis
257 1294 372 1374 virtuti,
395 1295 476 1355 utilis
500 1298 577 1371 seni,
601 1305 689 1375 aptus
712 1296 884 1357 industriae.

215 1398 326 1480 lncipio
346 1400 490 1482 studium,
513 1402 669 1482 aggredior
687 1402 850 1484 bominem,
874 1401 1075 1484 indulgente,
1099 1406 1236 1483 experior
1254 1405 1429 1486 periculum,

87 1521 113 1560 ro
126 1505 278 1583 periclitor
297 1510 437 1590 amicum,
457 1527 557 1570 mereo
576 1518 607 1570 et
626 1527 744 1571 mereor
762 1509 919 1590 bonorem,
938 1509 1070 1589 despicio
1089 1509 1280 1591 laticlavium,
1300 1511 1428 1591 impedio

125 1611 285 1696 legentem,
308 1613 442 1675 ludificor
466 1614 644 1698 vanilocnm;
664 1616 669 1691 Ι
691 1626 805 1679 veteres
829 1626 860 1678 et
887 1616 1048 1677 ludificari:
1076 1618 1156 1676 iuvat
1183 1634 1245 1698 me,
1273 1620 1429 1679 nanciscor

126 1722 325 1803 occasionem,
349 1722 417 1783 ludo
440 1730 602 1804 oratorem,
624 1722 713 1785 iubeo
737 1723 876 1805 iamnlos,
898 1722 1003 1784 invado
1027 1732 1056 1784 te
1081 1732 1111 1784 et
1133 1725 1164 1784 in
1188 1733 1231 1806 te,
1255 1726 1373 1787 intueor
1397 1736 1426 1788 te

126 1835 156 1888 et
178 1829 208 1887 in
232 1836 275 1908 te,
298 1826 417 1889 adorior
435 1828 599 1911 bominem,
621 1829 718 1890 involo
738 1841 767 1891 te
785 1839 817 1891 et
834 1832 864 1890 in
884 1839 928 1912 te,
951 1829 1070 1890 redoleo
1089 1839 1289 1912 unguentum,
1311 1830 1429 1891 invideo

125 1932 260 2015 divitem,
284 1938 427 1996 commeio
451 1935 560 1998 lectum
580 1947 609 1998 et
628 1939 760 2017 permcio
779 1930 933 2021 (committi
957 1946 988 1998 et
1009 1930 1160 2020 permisi),
1178 1938 1317 2016 insimulo
1337 1940 1427 2000 simu·

87 2054 113 2094 11
126 2039 262 2123 latorem,
285 2043 486 2104 animadverto
510 2052 554 2125 te,
577 2045 719 2104 criminor
742 2043 948 2124 directorium,
971 2042 1110 2104 moderor
1133 2052 1170 2105 te.

213 2148 343 2229 lnpertio
375 2150 458 2211 illum
491 2150 545 2211 bac
577 2153 625 2233 re,
657 2151 763 2234 dignor
795 2153 922 2212 amicum
955 2150 1097 2233 bospitio,
1129 2159 1231 2212 saturo
1263 2154 1428 2213 exercitum

126 2265 304 2338 commeatu,
332 2256 425 2319 libero
449 2266 479 2318 te
502 2257 650 2340 periculo,
677 2257 788 2320 liberor
812 2258 960 2340 molestia,
987 2258 1065 2319 dono
1093 2267 1318 2338 praeceptorem
1345 2278 1429 2341 auro,

125 2371 258 2442 tempero
283 2383 329 2424 me
353 2366 433 2446 vino,
458 2364 561 2425 iraudo
585 2364 764 2427 creditorem
787 2367 937 2447 pecuniis,
964 2364 1069 2426 abdico
1099 2383 1146 2425 me
1173 2374 1326 2447 praetura,
1355 2366 1428 2427 cedo

125 2468 179 2530 tibi
202 2470 306 2551 gloria,
331 2471 428 2531 allicio
452 2470 534 2531 illum
557 2471 682 2551 laetitia,
705 2471 816 2533 desisto
840 2480 890 2532 tna
914 2471 1144 2552 cousuetudine,
1172 2471 1255 2532 labor
1278 2489 1330 2552 spe
1354 2490 1428 2553 mea,

83 2575 226 2637 soimbuo
250 2576 358 2637 malnm
383 2577 480 2659 malis,
513 2578 650 2658 egredior
679 2581 810 2660 civitate,
841 2577 999 2657 degredior
1027 2586 1140 2659 monte,
1172 2588 1332 2640 contentus
1361 2598 1428 2641 snm

125 2700 185 2743 uno
218 2702 352 2765 nummo,
386 2684 458 2744 orbo
491 2702 614 2747 uxorem
647 2685 732 2767 dote,
766 2685 912 2747 interdico
951 2686 1179 2764 ignominiosum
1212 2685 1291 2766 ioro,
1327 2684 1427 2746 exulto

125 2790 261 2871 victoria,
290 2809 397 2870 soporo
421 2798 450 2851 tc
473 2793 555 2873 vino,
584 2792 690 2871 dignor
712 2809 729 2851 a
752 2800 782 2852 te
806 2791 933 2872 bonore,
959 2793 1092 2852 sustineo
1121 2810 1168 2852 me
1197 2790 1251 2851 bac
1279 2810 1325 2873 re,
1358 2811 1426 2853 con·

124 2896 231 2976 plaudo
250 2906 362 2978 tecum,
380 2898 493 2976 gaudeo
512 2897 665 2981 felicitate,
683 2916 759 2979 opus
778 2906 824 2959 est
842 2897 914 2959 mibi
928 2906 1064 2980 argento,
1084 2897 1198 2958 alienus
1212 2916 1279 2958 snm
1293 2899 1426 2979 crimine,

125 3006 250 3065 comitor
272 3007 388 3087 amicis,
411 3024 481 3066 vaco
505 3005 623 3087 militia,
644 3007 831 3067 communico
854 3015 968 3087 tecum,
995 3004 1113 3085 postulo
1136 3025 1152 3065 a
1176 3014 1219 3086 te,
1246 3013 1315 3066 ntor
1338 3022 1425 3066 careo

84 3125 110 3165 11
124 3110 244 3170 lruorve
268 3111 391 3185 divitiis,
422 3114 501 3172 nitor
528 3111 582 3173 bac
605 3131 652 3194 re,
680 3114 779 3192 potior
807 3129 944 3193 munere,
971 3110 1062 3172 induo
1090 3120 1119 3172 tc
1148 3112 1252 3192 armis,
1279 3129 1387 3191 precor
1409 3129 1426 3171 a

124 3217 195 3299 diis,
218 3225 287 3297 opto
311 3236 327 3278 a
351 3218 420 3300 diis,
443 3228 590 3298 antepono
614 3229 644 3280 tc
668 3217 739 3298 fide,
762 3217 908 3279 interdico
932 3216 986 3278 tibi
1009 3218 1138 3278 amicitia
1161 3235 1234 3278 mea.

135 3392 138 3396 Δ
213 3324 323 3385 Similis
351 3343 416 3386 sum
445 3327 489 3386 tui
516 3325 649 3387 moribus
676 3335 706 3387 et
734 3323 789 3386 tibi
817 3324 905 3406 iacie,
937 3323 1029 3384 avello
1061 3325 1141 3385 senis
1174 3334 1205 3385 et
1236 3325 1301 3384 seni
1325 3343 1424 3405 canos,

124 3432 226 3510 irango
250 3433 327 3491 servi
351 3441 381 3492 et
405 3451 489 3492 servo
513 3441 615 3514 caput,
638 3451 712 3494 eruo
735 3430 885 3492 mendacis
909 3440 939 3491 et
963 3429 1096 3491 mendaci
1119 3429 1236 3512 oculos,
1259 3430 1357 3491 studio
1381 3435 1425 3492 tni

123 3538 181 3598 leci
200 3541 234 3598 id
251 3547 300 3599 est·
313 3541 384 3599 dum
402 3542 508 3601 studeo
527 3541 596 3615 tibi,
618 3542 719 3600 studio
743 3545 795 3599 tuo
815 3535 882 3613 [eci
903 3536 933 3597 id
957 3545 1003 3598 est
1025 3546 1055 3598 te
1079 3536 1231 3617 studente3
1261 3535 1426 3599 discrucior
1461 3604 1468 3611 ,

83 3657 110 3698 so
124 3646 212 3705 animi
236 3654 267 3706 et
289 3647 401 3727 animo,
425 3654 504 3707 metu
528 3648 572 3707 tui
597 3654 627 3706 et
649 3655 714 3727 tuo,
737 3645 854 3705 vicinus
877 3661 943 3704 snm
961 3642 1040 3704 illius
1059 3650 1090 3705 et
1108 3642 1150 3703 illi
1169 3650 1200 3702 et
1218 3644 1330 3703 amicus
1349 3662 1425 3726 sum,

123 3749 217 3810 iidens
240 3769 306 3811 snm
330 3753 419 3812 animi
442 3761 472 3812 et
495 3755 606 3834 animo,
633 3752 755 3813 memini
778 3760 808 3811 et
836 3766 950 3809 memor
977 3767 1044 3811 sum
1073 3749 1195 3810 honoris
1219 3757 1250 3810 et
1272 3749 1425 3832 bonorem,

123 3875 276 3918 ammoneo
292 3859 514 3921 interfectorem
528 3857 627 3920 caedis
646 3866 675 3919 et
695 3855 830 3937 caedem,
852 3854 1010 3917 obliviscor
1033 3856 1178 3918 amicitiae
1202 3863 1233 3915 et
1255 3857 1424 3938 amicitiam,

213 4117 302 4173 Oodeo
320 4119 516 4187 Sangallemis.
564 4117 680 4189 lvitio]
699 4116 800 4172 uitium
880 4114 1022 4186 moderor]
1042 4115 1155 4170 medeor
1232 4115 1352 4170 211111)

123 4204 285 4267 3procurro
300 4199 408 4269 pugillo
471 4196 619 4267 advolvor]
633 4197 731 4253 adulor
795 4194 1017 4251 dtesbirnonium
1080 4201 1176 4249 8sene
1236 4194 1422 4266 9bominem]

121 4296 224 4335 nomen
302 4285 335 4333 10
353 4278 517 4334 latinianum
594 4283 626 4331 11
646 4277 727 4332 iubet
744 4292 789 4331 mo
868 4281 900 4328 12
919 4275 1067 4329 obintueor
1141 4278 1171 4327 lb
1190 4272 1318 4327 moderor
1389 4276 1423 4325 18

121 4361 260 4430 tempero]
279 4362 362 4414 teneo
438 4366 473 4414 20
491 4359 620 4430 egredior
638 4357 782 4413 ciuitatem
801 4353 942 4424 digredior
960 4354 1055 4407 moute
1136 4359 1169 4406 22
1193 4368 1312 4421 soporeo
1388 4357 1421 4405 23

122 4442 249 4512 argento]
275 4441 382 4495 oriento
468 4439 701 4508 241111]11οοο
786 4440 820 4490 29
843 4435 873 4489 id
898 4435 942 4488 111
959 4462 994 4472 -
1012 4436 1062 4487 tuo
1084 4433 1140 4488 feei
1157 4449 1208 4487 orn.
1289 4429 1423 4485 dimotior

122 4520 605 4576 enimi.mi.metnluiettno

212 4759 244 4807 18
259 4756 385 4823 tempero
398 4769 443 4807 me
457 4751 624 4807 vinoDiom.
631 4766 662 4818 p.
672 4752 776 4815 31524
846 4751 881 4801 28
900 4745 993 4800 studio
1011 4742 1054 4797 tui
1072 4742 1128 4799 feci
1145 4741 1174 4797 id
1189 4740 1311 4797 1111111111
1324 4741 1422 4796 studeo

122 4830 188 4898 tibi,
207 4833 299 4888 studio
319 4835 370 4886 tuo
386 4831 440 4887 ieci
458 4832 488 4884 id
507 4832 550 4885 est
568 4832 597 4884 11
616 4828 746 4884 studente
763 4826 844 4883 Beda
861 4827 894 4881 de
912 4825 1030 4894 ortltopr.
1046 4840 1076 4892 p.
1095 4826 1205 4890 288,27

175 4940 329 4972 umurrcr
343 4941 429 4970 mnu
443 4940 486 4970 rm.
1174 4915 1208 4965 28
