3316 5474
706 338 899 405 EXCERPTA
1386 346 1451 411 341

148 454 304 505 amum

149 541 319 618 conscripta
333 545 416 617 sunt,
439 542 562 616 propter
577 535 655 614 quod
670 535 755 596 multi
770 534 871 595 volunt
889 533 945 594 hoe
964 551 1057 613 genus
1076 532 1299 611 compositionis
1317 529 1453 591 bucolico

149 648 274 709 carmini
297 647 391 725 magis
414 644 581 704 convenire.

239 752 376 832 Pythium
410 752 482 812 item
514 756 643 809 metrum
671 747 749 826 quod
782 743 851 808 est?
891 745 1075 824 idemquod
1110 745 1323 806 hexametrum.
1369 742 1451 804 Vnde
1473 762 1548 812 arura
1612 772 1616 777 ·

149 860 262 921 dictum
286 853 442 939 pythium?
479 856 603 928 Quidam
629 854 730 915 volunt
752 853 790 914 oh
818 853 863 934 id,
890 851 969 932 quod
997 852 1054 913 hoc
1082 870 1191 931 genere
1219 853 1308 912 metri
1335 849 1454 912 oracula

109 982 122 1022 a
151 969 282 1048 primum
306 963 342 1025 ah
366 962 499 1043 Apolline
524 964 583 1024 sint
606 960 698 1042 edita,
721 962 773 1040 qui
796 960 954 1021 interiecto
974 958 1107 1038 Pythone
1127 958 1250 1038 Pythius
1268 957 1366 1019 dictus
1385 965 1454 1020 est.

151 1075 203 1152 qui
233 1090 302 1139 cum
334 1074 364 1132 in
394 1070 524 1131 Parnaso
552 1068 716 1149 Pythonem
750 1076 920 1148 serpentem
952 1068 982 1127 in
1015 1066 1173 1127 vindictam
1206 1067 1309 1126 matris
1341 1066 1455 1144 sagittis

153 1182 381 1259 insequeretur,
404 1177 520 1238 accolae
544 1175 676 1256 Delphici
699 1174 755 1235 hoc
778 1173 861 1236 illum
884 1191 973 1234 versu
995 1173 1105 1234 hortati
1129 1179 1199 1233 sunt
1222 1219 1229 1232 .

673 1382 733 1447 DE
757 1380 932 1448 NOMINE

242 1533 319 1606 Quid
350 1543 396 1595 est
423 1527 553 1593 nomeu?
594 1528 709 1590 Nomen
742 1537 788 1589 est
819 1547 889 1610 pars
917 1529 1059 1589 oratIonis
1087 1505 1154 1588 eum
1183 1545 1254 1588 casn
1287 1530 1456 1608 significans

111 1660 215 1702 rorem
239 1639 438 1721 corporalem,
460 1647 494 1699 ut
516 1638 619 1716 homo,
643 1654 695 1696 seu
719 1633 950 1715 incorporalem,
974 1642 1007 1694 ut
1029 1635 1133 1714 pietas.
1180 1633 1262 1704 Quae
1285 1645 1356 1696 sunt
1380 1653 1456 1715 quae

151 1746 289 1809 accidunt
313 1741 448 1807 nomini?
484 1742 631 1821 Qualitas,
654 1740 768 1803 scilicet
791 1759 849 1820 qua
874 1742 1042 1821 quaeritur,
1069 1749 1171 1801 utrum
1194 1759 1302 1802 nomen
1326 1744 1366 1803 sit
1388 1760 1456 1822 pro·

151 1855 252 1934 prium
275 1872 311 1913 an
335 1852 556 1933 appellativum,
580 1867 687 1930 genus,
711 1866 769 1927 quo
793 1857 928 1930 apparet,
952 1847 1147 1910 masculinum
1167 1849 1260 1908 sitan
1281 1849 1457 1910 femininum

152 1958 198 2020 vel
220 1966 375 2041 neutrum3
398 1976 555 2038 numerus,
578 1974 637 2036 quo
660 1962 796 2035 apparet,
820 1953 969 2033 singulare
994 1955 1093 2015 sitan
1116 1953 1244 2036 plurale;
1267 1954 1376 2038 figura,
1399 1975 1456 2036 qua

153 2074 289 2147 apparet,
305 2045 436 2145 >simplex
460 2066 499 2125 sit
521 2082 558 2125 an
582 2063 759 2142 composita3
782 2079 883 2142 casus,
906 2078 965 2140 quo
988 2059 1162 2122 decHnatnr.

111 2191 138 2232 rs
242 2171 284 2231 De
307 2170 434 2233 casibus.
475 2170 568 2236 Casus
592 2168 662 2249 quid
686 2163 778 2230 sunt?
821 2166 937 2229 Gradus
970 2167 1088 2247 quidam
1121 2166 1334 2230 declinationis.
1376 2168 1551 2241 Vnderso,1r

152 2278 226 2340 dicti
248 2285 320 2338 sunt
342 2274 450 2338 casus?
487 2277 573 2349 Quoel
601 2294 655 2357 per
684 2294 736 2336 eos
762 2273 905 2355 pleraque
933 2277 1051 2336 nomina
1075 2293 1091 2335 a
1113 2278 1208 2355 prima
1232 2278 1279 2337 sui
1311 2278 1458 2357 positione

152 2385 258 2446 inflexa
287 2387 439 2445 varientur
468 2395 497 2446 et
525 2383 638 2445 cadant.
676 2382 775 2454 Quare
802 2383 945 2464 pleraque
973 2391 1003 2443 et
1031 2400 1092 2442 non
1119 2380 1238 2444 omnia?
1275 2383 1352 2445 Sunt
1379 2387 1459 2445 enim

34 2568 41 2579 ο
152 2491 296 2572 quaedam
320 2490 473 2573 vocabula,
506 2509 581 2571 quae
613 2509 667 2572 per
699 2508 786 2552 casus
815 2490 896 2553 ilecti
924 2508 983 2550 non
1003 2485 1009 2570 Ι
1029 2496 1167 2569 possunt,
1200 2496 1234 2549 ut
1265 2498 1336 2569 puta
1368 2491 1459 2551 veluti

153 2617 282 2678 nequam
316 2599 395 2677 frugi
427 2617 520 2678 nugas
551 2597 643 2659 nihili.
686 2597 766 2668 Quot
796 2605 866 2657 sunt
893 2612 980 2655 casus
1013 2591 1240 2655 declinationis?
1287 2595 1353 2657 Sex.
1400 2596 1459 2667 Qui

112 2724 139 2764 ro
153 2702 245 2767 sunt?
280 2703 498 2785 NominativuS,
525 2707 695 2786 genetivus,
724 2703 854 2781 dativus,
883 2703 1084 2783 aecusativus,
1113 2704 1277 2784 vocativus,
1306 2702 1459 2775 ablativus.

154 2811 212 2873 Sed
230 2815 259 2872 si
276 2831 292 2871 a
311 2811 443 2872 cadendo
463 2831 549 2874 casus
568 2811 640 2874 dicti
659 2818 742 2892 sunt,
766 2828 824 2889 quo
843 2808 930 2869 modo
949 2811 1148 2870 nominativus
1167 2828 1253 2870 casus
1272 2809 1331 2871 dici
1352 2819 1460 2893 potest,

153 2920 206 2998 qui
230 2918 326 2979 adhuc
344 2920 375 2978 in
394 2937 448 2980 suo
467 2927 548 2979 statu
572 2926 696 2978 estnec
719 2934 736 2976 a
759 2917 853 2997 prima
876 2917 1024 2997 positione
1048 2917 1095 2977 sui
1118 2916 1238 2998 cecidit,
1261 2921 1321 2997 quo
1339 2918 1372 2979 fit
1390 2927 1424 2980 ut
1443 2936 1460 2978 a

153 3028 288 3106 genetivo
312 3042 399 3085 casus
422 3043 487 3085 esse
510 3026 653 3106 incipiant
671 3041 705 3085 ac
728 3042 783 3104 per
800 3023 857 3085 hoc
876 3026 1008 3104 quinque
1028 3017 1110 3084 sint?
1146 3022 1278 3085 Dicimus
1296 3043 1356 3086 nou
1374 3026 1460 3087 aliter

154 3134 366 3193 nominativum
381 3150 499 3211 quoque
514 3149 615 3193 casum
629 3131 688 3193 dici
701 3149 800 3213 posse,
814 3149 901 3211 quam
915 3133 993 3193 utin
1008 3130 1157 3213 gradihus,
1174 3150 1249 3211 quos
1264 3131 1460 3214 ascendimus,

242 3375 400 3430 ilcarmine
428 3375 497 3429 ΒΜ
569 3381 585 3428 3
608 3371 734 3428 Phiiium
761 3379 875 3442 utroque
902 3374 959 3427 loco
986 3374 1056 3428 ΒΜ
1129 3375 1278 3430 loracula
1304 3373 1395 3444 primo
1422 3374 1458 3430 ab

116 3485 128 3533 0
154 3454 262 3523 polloni
289 3457 355 3510 sunt
381 3455 459 3511 edita
485 3455 513 3507 Β
541 3453 654 3509 oracula
681 3453 770 3523 primo
798 3453 915 3524 apollini
942 3451 999 3508 sint
1025 3454 1118 3509 edicta
1147 3455 1185 3508 M
1263 3461 1280 3509 5
1308 3456 1405 3524 pitens
1432 3453 1460 3507 Β

154 3536 270 3606 phitone
290 3536 327 3589 Μ
396 3535 503 3607 phitius
522 3535 593 3589 ΒΜ
661 3533 842 3603 6phihonem
860 3533 932 3589 ΒΜ
1002 3534 1031 3590 in
1049 3534 1175 3589 uindicta
1196 3534 1268 3589 ΒΜ
1339 3534 1460 3590 ‘lortoti

155 3614 193 3667 Μ
207 3615 280 3669 orati
297 3614 325 3667 Β
341 3657 346 3669 .
360 3631 487 3684 praecum
503 3630 611 3669 ameum
629 3632 648 3668 a
667 3614 764 3668 Morio
788 3613 929 3671 Victorino
942 3634 974 3688 p.
993 3622 1075 3683 50,21
1096 3620 1121 3669 et
1134 3633 1153 3669 a
1169 3615 1334 3671 Terentiano
1347 3633 1372 3670 o.
1386 3621 1458 3671 1591

155 3693 332 3762 adscriptam,
346 3691 374 3763 ἰὴ
389 3689 488 3763 παιάν,
503 3691 531 3762 ἰὴ
545 3691 645 3764 παιάν,
660 3689 688 3762 ἰὴ
698 3687 798 3762 παιάν,
811 3696 960 3752 omiserunt
968 3696 1074 3752 Audax
1083 3701 1108 3750 cl
1117 3696 1223 3751 Altliut
1233 3696 1461 3751 Fortunoliaoua

129 3791 182 3860 ορ.
200 3779 293 3842 mo
313 3817 320 3831 .
339 3775 457 3828 claudere
474 3790 568 3828 ceraue
586 3790 657 3843 pora
679 3774 776 3829 relicto
799 3781 859 3830 croi
882 3777 914 3831 iu
932 3777 1022 3832 codice
1045 3775 1182 3830 Victorini
1201 3793 1232 3845 p.
1251 3781 1370 3844 215,23
1443 3781 1460 3830 9

156 3855 199 3906 esi
217 3855 312 3922 priore
335 3855 391 3908 loco
415 3870 465 3908 om.
487 3854 536 3921 M,
559 3854 623 3910 add.
642 3854 670 3907 Β
744 3860 776 3908 12
796 3872 883 3924 genus
907 3872 963 3929 qno
986 3854 1144 3926 appellaret
1169 3856 1207 3910 Μ
1276 3857 1327 3928 sit]
1353 3856 1410 3911 sint
1433 3854 1461 3908 Β

192 3938 224 3986 13
243 3950 388 3987 numerum
411 3949 467 4001 quo
490 3949 596 4003 appare
619 3934 732 4004 singurc
752 3935 789 3988 M
841 3937 908 4008 qua]
934 3953 1006 4007 quoa
1024 3936 1051 3990 Β
1107 3942 1141 3990 14
1160 3935 1235 4006 quod
1257 3936 1414 3992 declinatur
1432 3936 1460 3990 Β

192 4017 224 4065 15
242 4011 292 4066 DE
311 4010 461 4065 CASIBVS
480 4029 530 4067 om.
549 4013 587 4080 Β,
605 4015 669 4072 odd.
691 4017 729 4070 Μ
780 4014 853 4071 unde
877 4015 945 4070 dicti
970 4032 1048 4071 casus
1070 4014 1099 4068 Β
1123 4016 1198 4071 unde
1221 4017 1314 4071 dictus
1334 4017 1372 4071 M
1426 4022 1458 4070 17

156 4089 300 4145 nodantur
319 4093 356 4145 M
426 4094 455 4145 el
477 4108 534 4147 non
557 4093 652 4148 omnia
674 4094 701 4148 V
723 4097 753 4149 eh
775 4095 890 4151 nomina
913 4095 951 4149 M
972 4097 1001 4150 et
1022 4095 1128 4149 nomini
1151 4094 1179 4148 Β
1251 4097 1326 4150 enim
1349 4112 1400 4152 om.
1419 4095 1456 4164 Β,

156 4173 219 4227 odd.
239 4173 277 4225 M
347 4177 380 4225 18
404 4172 483 4226 uelut
505 4172 543 4226 M
614 4179 644 4227 19
668 4177 737 4242 quot
759 4175 836 4247 sunt]
860 4175 908 4244 qui
931 4176 997 4229 sunt
1013 4174 1041 4228 Β
1115 4173 1168 4239 Qui
1191 4178 1257 4229 suni
1275 4206 1308 4215 -
1333 4182 1366 4229 21
1391 4174 1462 4230 dicti

156 4254 221 4306 suni
239 4268 289 4306 om.
299 4251 341 4322 M,
361 4252 425 4306 odd.
443 4252 472 4305 Β
483 4253 509 4304 V
579 4259 611 4308 21
632 4253 656 4309 si
674 4270 724 4310 orn.
738 4254 775 4324 Β,
794 4256 859 4310 odd.
879 4255 905 4309 V
974 4260 1008 4308 22
1027 4253 1077 4324 qui
1095 4255 1185 4309 adhue
1204 4255 1235 4309 in
1253 4272 1302 4309 suo
1321 4257 1398 4309 statu
1416 4257 1460 4309 est

163 4331 270 4400 unia
287 4331 378 4386 adhuc
397 4331 444 4400 (od
462 4333 536 4387 hunc
554 4334 591 4403 Β)
610 4335 639 4389 in
658 4350 708 4390 suo
727 4335 771 4388 ost
788 4334 860 4389 ΒΜ
947 4337 1055 4406 qualit
1084 4336 1110 4389 V
1126 4335 1201 4405 quod
1219 4335 1252 4388 fit
1271 4334 1343 4389 ΒΜ
1428 4336 1462 4389 ut

155 4426 206 4465 orn.
226 4411 271 4477 M,
289 4412 352 4466 odd.
370 4412 398 4464 B
470 4418 504 4467 23
524 4430 604 4468 casus
624 4415 662 4469 M
678 4429 745 4468 casu
763 4412 791 4466 Β
862 4412 1000 4486 incipiant
1016 4417 1089 4473 haec
1111 4433 1161 4485 per
1182 4415 1236 4470 hoc
1255 4415 1377 4485 quinque
1396 4417 1463 4470 sunt

155 4489 183 4542 Β
201 4487 338 4560 incipiuni
356 4507 389 4545 oc
408 4509 459 4561 per
476 4492 530 4547 hoc
548 4493 670 4562 quinque
689 4494 755 4547 suni
773 4493 811 4547 M
879 4512 935 4550 non
953 4495 1037 4552 aliter
1061 4498 1088 4552 V
1103 4496 1178 4551 enim
1195 4495 1287 4550 Aliter
1305 4495 1343 4549 M
1350 4494 1461 4550 enimB

191 4570 541 4641 immmdwmmM
592 4572 1461 4648 Mddmmhlqmmmmfflffimfflmmwfflmm

157 4649 194 4702 M
212 4666 296 4718 quam
313 4651 388 4705 inter
405 4652 538 4722 gradihus
557 4669 627 4721 quos
645 4652 821 4708 ascendimus
838 4654 866 4708 Β
885 4672 970 4724 quam
988 4658 1020 4712 nl
1037 4656 1067 4712 iu
1085 4655 1219 4727 gradihus
1233 4672 1304 4725 quos
1322 4654 1461 4710 discendi·

155 4749 217 4785 mus
240 4731 324 4785 wdex
348 4730 497 4800 Victorini,
520 4733 569 4789 ool
591 4733 692 4802 acropat'
715 4751 800 4803 quom
823 4737 857 4790 ut
877 4734 907 4790 in
930 4737 1062 4808 gradihus
1084 4752 1134 4806 per
1158 4752 1228 4804 quos
1251 4734 1460 4792 descendimus:

155 4809 511 4882 cfihmdpffizw
