<?xml version="1.0" encoding="UTF-8"?>
<!DOCTYPE html PUBLIC "-//W3C//DTD XHTML 1.0 Transitional//EN"
    "http://www.w3.org/TR/xhtml1/DTD/xhtml1-transitional.dtd">
<html xmlns="http://www.w3.org/1999/xhtml" xml:lang="en" lang="en">
 <head>
  <title>
</title>
<meta http-equiv="Content-Type" content="text/html;charset=utf-8" />
  <meta name='ocr-system' content='tesseract 3.04.00' />
  <meta name='ocr-capabilities' content='ocr_page ocr_carea ocr_par ocr_line ocrx_word'/>
</head>
<body>
  <div class='ocr_page' id='page_1' title='image "./grammaticilatin00keilgoog/grammaticilatin00keilgoog_0555.png"; bbox 0 0 3316 5474; ppageno 0'>
   <div class='ocr_carea' id='block_1_1' title="bbox 161 384 1042 534">
    <p class='ocr_par' dir='ltr' id='par_1_1' title="bbox 161 384 1042 534">
     <span class='ocr_line' id='line_1_1' title="bbox 161 384 1042 450; baseline -0.009 -1"><span class='ocrx_word' id='word_1_1' title='bbox 161 385 227 450; x_wconf 80' lang='grc'><strong>536</strong></span> <span class='ocrx_word' id='word_1_2' title='bbox 576 385 711 442; x_wconf 77' lang='lat' dir='ltr'><strong>FRAGM.</strong></span> <span class='ocrx_word' id='word_1_3' title='bbox 730 384 846 442; x_wconf 80' lang='lat' dir='ltr'><strong>PAltlS.</strong></span> <span class='ocrx_word' id='word_1_4' title='bbox 866 385 913 440; x_wconf 84' lang='lat' dir='ltr'><strong>DE</strong></span> <span class='ocrx_word' id='word_1_5' title='bbox 933 385 1042 441; x_wconf 84' lang='lat' dir='ltr'>NOTIS</span> 
     </span>
     <span class='ocr_line' id='line_1_2' title="bbox 162 486 339 534; baseline -0.006 -8"><span class='ocrx_word' id='word_1_6' title='bbox 162 486 339 534; x_wconf 63' lang='lat' dir='ltr'><strong>nmmm</strong></span> 
     </span>
    </p>
   </div>
   <div class='ocr_carea' id='block_1_2' title="bbox 162 567 1510 2150">
    <p class='ocr_par' dir='ltr' id='par_1_2' title="bbox 183 567 1489 652">
     <span class='ocr_line' id='line_1_3' title="bbox 183 567 1489 652; baseline 0.001 -22"><span class='ocrx_word' id='word_1_7' title='bbox 183 597 190 611; x_wconf 96' lang='lat'><strong>·</strong></span> <span class='ocrx_word' id='word_1_8' title='bbox 256 581 294 643; x_wconf 68' lang='grc' dir='ltr'>ε</span> <span class='ocrx_word' id='word_1_9' title='bbox 311 590 413 632; x_wconf 85' lang='lat' dir='ltr'><strong>aversa</strong></span> <span class='ocrx_word' id='word_1_10' title='bbox 441 570 621 632; x_wconf 87' lang='lat' dir='ltr'><strong>obelismene</strong></span> <span class='ocrx_word' id='word_1_11' title='bbox 644 567 669 649; x_wconf 86' lang='lat'>†</span> <span class='ocrx_word' id='word_1_12' title='bbox 690 574 720 631; x_wconf 93' lang='lat' dir='ltr'><strong>iu</strong></span> <span class='ocrx_word' id='word_1_13' title='bbox 749 590 801 632; x_wconf 89' lang='lat' dir='ltr'><strong>ore</strong></span> <span class='ocrx_word' id='word_1_14' title='bbox 829 573 962 652; x_wconf 90' lang='lat' dir='ltr'><strong>ponitur,</strong></span> <span class='ocrx_word' id='word_1_15' title='bbox 995 588 1069 650; x_wconf 86' lang='lat' dir='ltr'><strong>quae</strong></span> <span class='ocrx_word' id='word_1_16' title='bbox 1097 570 1133 631; x_wconf 91' lang='lat' dir='ltr'><strong>ad</strong></span> <span class='ocrx_word' id='word_1_17' title='bbox 1162 570 1288 651; x_wconf 91' lang='lat' dir='ltr'><strong>aliquid</strong></span> <span class='ocrx_word' id='word_1_18' title='bbox 1322 573 1489 652; x_wconf 86' lang='lat' dir='ltr'><strong>respiciunt</strong></span> 
     </span>
    </p>

    <p class='ocr_par' dir='ltr' id='par_1_3' title="bbox 162 674 805 759">
     <span class='ocr_line' id='line_1_4' title="bbox 162 674 805 759; baseline -0.003 -18"><span class='ocrx_word' id='word_1_19' title='bbox 162 687 196 741; x_wconf 90' lang='lat' dir='ltr'><strong>ut</strong></span> <span class='ocrx_word' id='word_1_20' title='bbox 219 675 346 740; x_wconf 83' lang='lat' dir='ltr'><strong>‘nosne</strong></span> <span class='ocrx_word' id='word_1_21' title='bbox 371 678 440 741; x_wconf 92' lang='lat' dir='ltr'><strong>tibi</strong></span> <span class='ocrx_word' id='word_1_22' title='bbox 466 679 581 741; x_wconf 80' lang='lat' dir='ltr'><strong>sluxas</strong></span> <span class='ocrx_word' id='word_1_23' title='bbox 604 674 805 759; x_wconf 76' lang='lat' dir='ltr'><strong>Phrygiae&#39;.</strong></span> 
     </span>
    </p>

    <p class='ocr_par' dir='ltr' id='par_1_4' title="bbox 249 784 1486 866">
     <span class='ocr_line' id='line_1_5' title="bbox 249 784 1486 866; baseline 0 -20"><span class='ocrx_word' id='word_1_24' title='bbox 249 809 294 836; x_wconf 90' lang='lat'><strong>-·-</strong></span> <span class='ocrx_word' id='word_1_25' title='bbox 316 786 421 849; x_wconf 85' lang='lat' dir='ltr'><strong>obelus</strong></span> <span class='ocrx_word' id='word_1_26' title='bbox 444 805 511 848; x_wconf 91' lang='lat' dir='ltr'><strong>eum</strong></span> <span class='ocrx_word' id='word_1_27' title='bbox 535 795 647 866; x_wconf 87' lang='lat' dir='ltr'><strong>puncto</strong></span> <span class='ocrx_word' id='word_1_28' title='bbox 671 785 705 846; x_wconf 91' lang='lat' dir='ltr'><strong>ad</strong></span> <span class='ocrx_word' id='word_1_29' title='bbox 727 804 760 846; x_wconf 88' lang='lat' dir='ltr'><strong>ea</strong></span> <span class='ocrx_word' id='word_1_30' title='bbox 779 785 944 865; x_wconf 86' lang='lat' dir='ltr'><strong>dequibus</strong></span> <span class='ocrx_word' id='word_1_31' title='bbox 963 784 1114 846; x_wconf 81' lang='lat' dir='ltr'><strong>‹lrrbitatur</strong></span> <span class='ocrx_word' id='word_1_32' title='bbox 1133 784 1198 845; x_wconf 89' lang='lat' dir='ltr'><strong>tolli</strong></span> <span class='ocrx_word' id='word_1_33' title='bbox 1220 785 1368 848; x_wconf 90' lang='lat' dir='ltr'><strong>debeant</strong></span> <span class='ocrx_word' id='word_1_34' title='bbox 1387 806 1486 848; x_wconf 87' lang='lat' dir='ltr'><strong>necne.</strong></span> 
     </span>
    </p>

    <p class='ocr_par' dir='ltr' id='par_1_5' title="bbox 251 892 1486 975">
     <span class='ocr_line' id='line_1_6' title="bbox 251 892 1486 975; baseline -0.002 -21"><span class='ocrx_word' id='word_1_35' title='bbox 251 901 285 965; x_wconf 96' lang='lat'>&gt;</span> <span class='ocrx_word' id='word_1_36' title='bbox 295 926 332 937; x_wconf 92' lang='lat'><strong>-—</strong></span> <span class='ocrx_word' id='word_1_37' title='bbox 349 893 427 974; x_wconf 90' lang='lat' dir='ltr'><strong>diple</strong></span> <span class='ocrx_word' id='word_1_38' title='bbox 443 894 623 954; x_wconf 87' lang='lat' dir='ltr'><strong>obelismene</strong></span> <span class='ocrx_word' id='word_1_39' title='bbox 639 893 674 953; x_wconf 93' lang='lat' dir='ltr'><strong>ad</strong></span> <span class='ocrx_word' id='word_1_40' title='bbox 690 892 868 972; x_wconf 90' lang='lat' dir='ltr'><strong>separandas</strong></span> <span class='ocrx_word' id='word_1_41' title='bbox 882 895 913 953; x_wconf 94' lang='lat' dir='ltr'><strong>in</strong></span> <span class='ocrx_word' id='word_1_42' title='bbox 923 892 1083 953; x_wconf 87' lang='lat' dir='ltr'><strong>comoediis</strong></span> <span class='ocrx_word' id='word_1_43' title='bbox 1097 902 1127 953; x_wconf 91' lang='lat' dir='ltr'><strong>et</strong></span> <span class='ocrx_word' id='word_1_44' title='bbox 1142 893 1322 971; x_wconf 90' lang='lat' dir='ltr'><strong>tragoediis</strong></span> <span class='ocrx_word' id='word_1_45' title='bbox 1336 894 1486 975; x_wconf 78' lang='lat' dir='ltr'><strong>periodos.</strong></span> 
     </span>
    </p>

    <p class='ocr_par' dir='ltr' id='par_1_6' title="bbox 257 1000 1360 1081">
     <span class='ocr_line' id='line_1_7' title="bbox 257 1000 1360 1081; baseline 0.001 -19"><span class='ocrx_word' id='word_1_46' title='bbox 257 1007 339 1070; x_wconf 93' lang='lat'><strong>-—&lt;</strong></span> <span class='ocrx_word' id='word_1_47' title='bbox 352 1004 455 1063; x_wconf 80' lang='lat' dir='ltr'><strong>obelus</strong></span> <span class='ocrx_word' id='word_1_48' title='bbox 478 1019 546 1062; x_wconf 80' lang='lat' dir='ltr'><strong>crim</strong></span> <span class='ocrx_word' id='word_1_49' title='bbox 572 1018 688 1081; x_wconf 85' lang='lat' dir='ltr'><strong>aversa,</strong></span> <span class='ocrx_word' id='word_1_50' title='bbox 711 1002 849 1079; x_wconf 90' lang='lat' dir='ltr'><strong>quotiens</strong></span> <span class='ocrx_word' id='word_1_51' title='bbox 872 1001 981 1061; x_wconf 86' lang='lat' dir='ltr'><strong>strosac</strong></span> <span class='ocrx_word' id='word_1_52' title='bbox 1005 1000 1180 1060; x_wconf 89' lang='lat' dir='ltr'><strong>antistrosos</strong></span> <span class='ocrx_word' id='word_1_53' title='bbox 1204 1000 1360 1063; x_wconf 87' lang='lat' dir='ltr'><strong>insertur.</strong></span> 
     </span>
    </p>

    <p class='ocr_par' dir='ltr' id='par_1_7' title="bbox 163 1088 1483 1296">
     <span class='ocr_line' id='line_1_8' title="bbox 252 1088 1483 1190; baseline 0 -20"><span class='ocrx_word' id='word_1_54' title='bbox 252 1088 289 1177; x_wconf 61' lang='grc' dir='ltr'>Ξ</span> <span class='ocrx_word' id='word_1_55' title='bbox 306 1108 384 1190; x_wconf 91' lang='lat' dir='ltr'><strong>diple</strong></span> <span class='ocrx_word' id='word_1_56' title='bbox 404 1128 532 1190; x_wconf 79' lang='lat' dir='ltr'><strong>superne</strong></span> <span class='ocrx_word' id='word_1_57' title='bbox 552 1106 665 1168; x_wconf 88' lang='lat' dir='ltr'><strong>obelata</strong></span> <span class='ocrx_word' id='word_1_58' title='bbox 684 1096 856 1186; x_wconf 79' lang='lat' dir='ltr'><strong>ponitur⁰ad</strong></span> <span class='ocrx_word' id='word_1_59' title='bbox 871 1106 1074 1167; x_wconf 91' lang='lat' dir='ltr'><strong>condicionem</strong></span> <span class='ocrx_word' id='word_1_60' title='bbox 1088 1105 1225 1167; x_wconf 87' lang='lat' dir='ltr'><strong>locorum</strong></span> <span class='ocrx_word' id='word_1_61' title='bbox 1240 1107 1294 1167; x_wconf 86' lang='lat' dir='ltr'><strong>vel</strong></span> <span class='ocrx_word' id='word_1_62' title='bbox 1310 1118 1483 1190; x_wconf 86' lang='lat' dir='ltr'><strong>temporum</strong></span> 
     </span>
     <span class='ocr_line' id='line_1_9' title="bbox 163 1214 600 1296; baseline 0 -21"><span class='ocrx_word' id='word_1_63' title='bbox 163 1214 208 1276; x_wconf 87' lang='lat' dir='ltr'><strong>vel</strong></span> <span class='ocrx_word' id='word_1_64' title='bbox 231 1234 427 1296; x_wconf 85' lang='lat' dir='ltr'><strong>personarum</strong></span> <span class='ocrx_word' id='word_1_65' title='bbox 449 1226 600 1278; x_wconf 89' lang='lat' dir='ltr'><strong>mutatam.</strong></span> 
     </span>
    </p>

    <p class='ocr_par' dir='ltr' id='par_1_8' title="bbox 163 1303 1481 1511">
     <span class='ocr_line' id='line_1_10' title="bbox 251 1303 1481 1403; baseline -0.001 -19"><span class='ocrx_word' id='word_1_66' title='bbox 251 1303 443 1393; x_wconf 53' lang='lat' dir='ltr'><strong>§Zrecta</strong></span> <span class='ocrx_word' id='word_1_67' title='bbox 466 1332 497 1383; x_wconf 86' lang='lat' dir='ltr'><strong>et</strong></span> <span class='ocrx_word' id='word_1_68' title='bbox 519 1341 620 1382; x_wconf 85' lang='lat' dir='ltr'><strong>aversa</strong></span> <span class='ocrx_word' id='word_1_69' title='bbox 645 1340 774 1401; x_wconf 82' lang='lat' dir='ltr'>superne</span> <span class='ocrx_word' id='word_1_70' title='bbox 798 1320 930 1383; x_wconf 85' lang='lat' dir='ltr'><strong>obelatae</strong></span> <span class='ocrx_word' id='word_1_71' title='bbox 957 1329 1108 1403; x_wconf 91' lang='lat' dir='ltr'><strong>ponuntur</strong></span> <span class='ocrx_word' id='word_1_72' title='bbox 1131 1339 1201 1382; x_wconf 89' lang='lat' dir='ltr'><strong>cum</strong></span> <span class='ocrx_word' id='word_1_73' title='bbox 1222 1322 1337 1384; x_wconf 89' lang='lat' dir='ltr'><strong>eadem</strong></span> <span class='ocrx_word' id='word_1_74' title='bbox 1357 1344 1376 1381; x_wconf 74' lang='lat' dir='ltr'><strong>s</strong></span> <span class='ocrx_word' id='word_1_75' title='bbox 1396 1325 1481 1403; x_wconf 87' lang='lat' dir='ltr'><strong>signi·</strong></span> 
     </span>
     <span class='ocr_line' id='line_1_11' title="bbox 163 1423 783 1511; baseline 0 -22"><span class='ocrx_word' id='word_1_76' title='bbox 163 1430 252 1490; x_wconf 83' lang='lat' dir='ltr'><strong>sicani</strong></span> <span class='ocrx_word' id='word_1_77' title='bbox 275 1430 460 1509; x_wconf 81' lang='lat' dir='ltr'><strong>similemque</strong></span> <span class='ocrx_word' id='word_1_78' title='bbox 484 1438 658 1509; x_wconf 82' lang='lat' dir='ltr'><strong>sequentem</strong></span> <span class='ocrx_word' id='word_1_79' title='bbox 683 1423 783 1511; x_wconf 70' lang='lat' dir='ltr'><strong>esses</strong></span> 
     </span>
    </p>

    <p class='ocr_par' dir='ltr' id='par_1_9' title="bbox 165 1525 1510 1723">
     <span class='ocr_line' id='line_1_12' title="bbox 255 1525 1510 1617; baseline -0.006 -17"><span class='ocrx_word' id='word_1_80' title='bbox 255 1525 291 1600; x_wconf 80' lang='lat'><strong>&gt;&#39;&lt;</strong></span> <span class='ocrx_word' id='word_1_81' title='bbox 317 1537 364 1597; x_wconf 85' lang='lat' dir='ltr'><strong>clii</strong></span> <span class='ocrx_word' id='word_1_82' title='bbox 388 1546 418 1598; x_wconf 90' lang='lat' dir='ltr'><strong>et</strong></span> <span class='ocrx_word' id='word_1_83' title='bbox 441 1555 483 1598; x_wconf 90' lang='lat' dir='ltr'><strong>ro.</strong></span> <span class='ocrx_word' id='word_1_84' title='bbox 530 1536 602 1597; x_wconf 79' lang='lat' dir='ltr'><strong>liaeo</strong></span> <span class='ocrx_word' id='word_1_85' title='bbox 625 1536 685 1597; x_wconf 90' lang='lat' dir='ltr'><strong>sola</strong></span> <span class='ocrx_word' id='word_1_86' title='bbox 710 1554 744 1595; x_wconf 82' lang='lat' dir='ltr'><strong>ex</strong></span> <span class='ocrx_word' id='word_1_87' title='bbox 769 1535 918 1597; x_wconf 76' lang='lat' dir='ltr'><strong>voluntate</strong></span> <span class='ocrx_word' id='word_1_88' title='bbox 942 1538 1031 1598; x_wconf 80' lang='lat' dir='ltr'><strong>tritius</strong></span> <span class='ocrx_word' id='word_1_89' title='bbox 1054 1535 1201 1614; x_wconf 89' lang='lat' dir='ltr'><strong>cuiusque</strong></span> <span class='ocrx_word' id='word_1_90' title='bbox 1225 1536 1262 1597; x_wconf 90' lang='lat' dir='ltr'><strong>ad</strong></span> <span class='ocrx_word' id='word_1_91' title='bbox 1291 1536 1411 1617; x_wconf 93' lang='lat' dir='ltr'><strong>aliquid</strong></span> <span class='ocrx_word' id='word_1_92' title='bbox 1433 1536 1510 1598; x_wconf 78' lang='lat' dir='ltr'><strong>ad-ir</strong></span> 
     </span>
     <span class='ocr_line' id='line_1_13' title="bbox 165 1643 478 1723; baseline 0.006 -21"><span class='ocrx_word' id='word_1_93' title='bbox 165 1643 325 1703; x_wconf 87' lang='lat' dir='ltr'><strong>notandum</strong></span> <span class='ocrx_word' id='word_1_94' title='bbox 349 1647 478 1723; x_wconf 89' lang='lat' dir='ltr'><strong>ponitur.</strong></span> 
     </span>
    </p>

    <p class='ocr_par' dir='ltr' id='par_1_10' title="bbox 165 1746 1477 1935">
     <span class='ocr_line' id='line_1_14' title="bbox 252 1746 1477 1836; baseline 0 -27"><span class='ocrx_word' id='word_1_95' title='bbox 252 1755 273 1836; x_wconf 56' lang='grc' dir='ltr'><strong><em>ᾧ</em></strong></span> <span class='ocrx_word' id='word_1_96' title='bbox 300 1751 317 1809; x_wconf 89' lang='lat' dir='ltr'><strong>sr</strong></span> <span class='ocrx_word' id='word_1_97' title='bbox 350 1760 380 1811; x_wconf 94' lang='lat' dir='ltr'><strong>et</strong></span> <span class='ocrx_word' id='word_1_98' title='bbox 412 1770 454 1812; x_wconf 88' lang='lat' dir='ltr'><strong>ro.</strong></span> <span class='ocrx_word' id='word_1_99' title='bbox 505 1750 577 1831; x_wconf 79' lang='lat' dir='ltr'><strong>llaec</strong></span> <span class='ocrx_word' id='word_1_100' title='bbox 606 1758 809 1830; x_wconf 88' lang='lat' dir='ltr'><strong>apponuntur,</strong></span> <span class='ocrx_word' id='word_1_101' title='bbox 842 1750 980 1828; x_wconf 87' lang='lat' dir='ltr'><strong>quotiens</strong></span> <span class='ocrx_word' id='word_1_102' title='bbox 1009 1746 1053 1808; x_wconf 90' lang='lat' dir='ltr'><strong>rel</strong></span> <span class='ocrx_word' id='word_1_103' title='bbox 1083 1747 1252 1808; x_wconf 75' lang='lat' dir='ltr'><strong>emendatio</strong></span> <span class='ocrx_word' id='word_1_104' title='bbox 1289 1749 1337 1809; x_wconf 87' lang='lat' dir='ltr'><strong>vel</strong></span> <span class='ocrx_word' id='word_1_105' title='bbox 1373 1770 1477 1812; x_wconf 85' lang='lat' dir='ltr'><strong>sensus</strong></span> 
     </span>
     <span class='ocr_line' id='line_1_15' title="bbox 165 1855 622 1935; baseline 0.004 -22"><span class='ocrx_word' id='word_1_106' title='bbox 165 1855 320 1916; x_wconf 73' lang='lat' dir='ltr'><strong>sollicitius</strong></span> <span class='ocrx_word' id='word_1_107' title='bbox 344 1866 389 1916; x_wconf 90' lang='lat' dir='ltr'><strong>est</strong></span> <span class='ocrx_word' id='word_1_108' title='bbox 411 1856 622 1935; x_wconf 80' lang='lat' dir='ltr'><strong>inspiciendus.</strong></span> 
     </span>
    </p>

    <p class='ocr_par' dir='ltr' id='par_1_11' title="bbox 245 1940 1080 2045">
     <span class='ocr_line' id='line_1_16' title="bbox 245 1940 1080 2045; baseline -0.001 -24"><span class='ocrx_word' id='word_1_109' title='bbox 245 1940 390 2045; x_wconf 54' lang='lat' dir='ltr'><strong>laricem</strong></span> <span class='ocrx_word' id='word_1_110' title='bbox 415 1965 551 2042; x_wconf 88' lang='lat' dir='ltr'><strong>superior</strong></span> <span class='ocrx_word' id='word_1_111' title='bbox 575 1963 609 2022; x_wconf 92' lang='lat' dir='ltr'><strong>ad</strong></span> <span class='ocrx_word' id='word_1_112' title='bbox 635 1962 753 2041; x_wconf 81' lang='lat' dir='ltr'><strong>aliquod</strong></span> <span class='ocrx_word' id='word_1_113' title='bbox 778 1964 935 2042; x_wconf 80' lang='lat' dir='ltr'><strong>praecipue</strong></span> <span class='ocrx_word' id='word_1_114' title='bbox 960 1961 1080 2022; x_wconf 82' lang='lat' dir='ltr'><strong>dictum.</strong></span> 
     </span>
    </p>

    <p class='ocr_par' dir='ltr' id='par_1_12' title="bbox 255 2062 1506 2150">
     <span class='ocr_line' id='line_1_17' title="bbox 255 2062 1506 2150; baseline -0.002 -22"><span class='ocrx_word' id='word_1_115' title='bbox 255 2062 260 2150; x_wconf 71' lang='lat' dir='ltr'><strong>l</strong></span> <span class='ocrx_word' id='word_1_116' title='bbox 285 2087 391 2129; x_wconf 87' lang='lat' dir='ltr'><strong>aurora</strong></span> <span class='ocrx_word' id='word_1_117' title='bbox 415 2069 596 2130; x_wconf 78' lang='lat' dir='ltr'><strong>inferiorari</strong></span> <span class='ocrx_word' id='word_1_118' title='bbox 622 2069 761 2129; x_wconf 85' lang='lat' dir='ltr'><strong>humilius</strong></span> <span class='ocrx_word' id='word_1_119' title='bbox 786 2069 830 2129; x_wconf 84' lang='lat' dir='ltr'><strong>rel</strong></span> <span class='ocrx_word' id='word_1_120' title='bbox 854 2070 1109 2129; x_wconf 79' lang='lat' dir='ltr'><strong>inconvenientius</strong></span> <span class='ocrx_word' id='word_1_121' title='bbox 1132 2067 1204 2145; x_wconf 93' lang='lat' dir='ltr'><strong>quid</strong></span> <span class='ocrx_word' id='word_1_122' title='bbox 1229 2072 1433 2131; x_wconf 80' lang='lat' dir='ltr'><strong>enarratiatum.</strong></span> <span class='ocrx_word' id='word_1_123' title='bbox 1486 2088 1506 2126; x_wconf 85' lang='lat' dir='ltr'><strong>n</strong></span> 
     </span>
    </p>
   </div>
   <div class='ocr_carea' id='block_1_3' title="bbox 611 2276 1012 2343">
    <p class='ocr_par' dir='ltr' id='par_1_13' title="bbox 611 2276 1012 2343">
     <span class='ocr_line' id='line_1_18' title="bbox 611 2276 1012 2343; baseline 0.002 -1"><span class='ocrx_word' id='word_1_124' title='bbox 611 2276 760 2342; x_wconf 80' lang='lat' dir='ltr'><strong>NOTAE</strong></span> <span class='ocrx_word' id='word_1_125' title='bbox 786 2276 1012 2343; x_wconf 82' lang='lat' dir='ltr'><strong>SIMPLIOES</strong></span> 
     </span>
    </p>
   </div>
   <div class='ocr_carea' id='block_1_4' title="bbox 165 2422 1507 3126">
    <p class='ocr_par' dir='ltr' id='par_1_14' title="bbox 165 2422 1507 3126">
     <span class='ocr_line' id='line_1_19' title="bbox 257 2422 1472 2495; baseline 0.001 -11"><span class='ocrx_word' id='word_1_126' title='bbox 257 2437 292 2495; x_wconf 82' lang='lat'>&gt;</span> <span class='ocrx_word' id='word_1_127' title='bbox 321 2425 366 2484; x_wconf 78' lang='lat' dir='ltr'><strong>lus</strong></span> <span class='ocrx_word' id='word_1_128' title='bbox 390 2424 510 2484; x_wconf 87' lang='lat' dir='ltr'><strong>dictrun.</strong></span> <span class='ocrx_word' id='word_1_129' title='bbox 549 2422 709 2489; x_wconf 73' lang='lat' dir='ltr'><strong>oalienus</strong></span> <span class='ocrx_word' id='word_1_130' title='bbox 732 2443 844 2485; x_wconf 84' lang='lat' dir='ltr'><strong>versus.</strong></span> <span class='ocrx_word' id='word_1_131' title='bbox 883 2425 1093 2487; x_wconf 73' lang='lat' dir='ltr'><strong>smetasrasis</strong></span> <span class='ocrx_word' id='word_1_132' title='bbox 1116 2424 1212 2485; x_wconf 90' lang='lat' dir='ltr'><strong>latina.</strong></span> <span class='ocrx_word' id='word_1_133' title='bbox 1254 2426 1287 2487; x_wconf 89' lang='grc' dir='ltr'><em>Φ</em></span> <span class='ocrx_word' id='word_1_134' title='bbox 1306 2429 1472 2488; x_wconf 70' lang='lat' dir='ltr'><strong>memiensis</strong></span> 
     </span>
     <span class='ocr_line' id='line_1_20' title="bbox 165 2530 1470 2614; baseline 0.001 -23"><span class='ocrx_word' id='word_1_135' title='bbox 165 2550 277 2609; x_wconf 88' lang='lat' dir='ltr'><strong>graeca.</strong></span> <span class='ocrx_word' id='word_1_136' title='bbox 321 2530 352 2592; x_wconf 95' lang='grc' dir='ltr'>Μ</span> <span class='ocrx_word' id='word_1_137' title='bbox 377 2531 486 2592; x_wconf 87' lang='lat' dir='ltr'><strong>malurn</strong></span> <span class='ocrx_word' id='word_1_138' title='bbox 511 2538 638 2591; x_wconf 91' lang='lat' dir='ltr'><strong>metrum</strong></span> <span class='ocrx_word' id='word_1_139' title='bbox 662 2541 713 2591; x_wconf 76' lang='lat' dir='ltr'><strong>aaut</strong></span> <span class='ocrx_word' id='word_1_140' title='bbox 741 2550 874 2612; x_wconf 89' lang='lat' dir='ltr'><strong>aprepes.</strong></span> <span class='ocrx_word' id='word_1_141' title='bbox 917 2533 953 2592; x_wconf 87' lang='lat' dir='ltr'><em>H</em></span> <span class='ocrx_word' id='word_1_142' title='bbox 979 2540 1082 2592; x_wconf 83' lang='lat' dir='ltr'><strong>corrtra</strong></span> <span class='ocrx_word' id='word_1_143' title='bbox 1110 2530 1273 2592; x_wconf 90' lang='lat' dir='ltr'><strong>historiam.</strong></span> <span class='ocrx_word' id='word_1_144' title='bbox 1317 2534 1347 2593; x_wconf 84' lang='grc' dir='ltr'><strong><em>Θ</em></strong></span> <span class='ocrx_word' id='word_1_145' title='bbox 1370 2551 1470 2614; x_wconf 89' lang='lat' dir='ltr'><strong>super·</strong></span> 
     </span>
     <span class='ocr_line' id='line_1_21' title="bbox 166 2636 1470 2721; baseline 0.002 -25"><span class='ocrx_word' id='word_1_146' title='bbox 166 2657 283 2699; x_wconf 80' lang='lat' dir='ltr'><strong>vacuus,</strong></span> <span class='ocrx_word' id='word_1_147' title='bbox 316 2661 359 2689; x_wconf 81' lang='lat'><strong>-·-</strong></span> <span class='ocrx_word' id='word_1_148' title='bbox 374 2656 551 2717; x_wconf 77' lang='lat' dir='ltr'><strong>repugnans.</strong></span> <span class='ocrx_word' id='word_1_149' title='bbox 587 2636 657 2713; x_wconf 75' lang='lat' dir='ltr'><strong>li※</strong></span> <span class='ocrx_word' id='word_1_150' title='bbox 673 2648 754 2698; x_wconf 87' lang='lat' dir='ltr'><strong>reete</strong></span> <span class='ocrx_word' id='word_1_151' title='bbox 773 2640 888 2718; x_wconf 89' lang='lat' dir='ltr'><strong>positus</strong></span> <span class='ocrx_word' id='word_1_152' title='bbox 908 2646 938 2699; x_wconf 89' lang='lat' dir='ltr'><strong>et</strong></span> <span class='ocrx_word' id='word_1_153' title='bbox 956 2640 1098 2718; x_wconf 85' lang='lat' dir='ltr'><strong>pugnanti</strong></span> <span class='ocrx_word' id='word_1_154' title='bbox 1113 2641 1291 2699; x_wconf 90' lang='lat' dir='ltr'><strong>contrarius.</strong></span> <span class='ocrx_word' id='word_1_155' title='bbox 1330 2673 1374 2682; x_wconf 95' lang='lat'>—</span> <span class='ocrx_word' id='word_1_156' title='bbox 1390 2658 1470 2721; x_wconf 87' lang='lat' dir='ltr'><strong>prae·</strong></span> 
     </span>
     <span class='ocr_line' id='line_1_22' title="bbox 165 2746 1507 2825; baseline -0.001 -21"><span class='ocrx_word' id='word_1_157' title='bbox 165 2748 295 2824; x_wconf 90' lang='lat' dir='ltr'><strong>positum</strong></span> <span class='ocrx_word' id='word_1_158' title='bbox 319 2748 382 2805; x_wconf 90' lang='lat' dir='ltr'><strong>siue</strong></span> <span class='ocrx_word' id='word_1_159' title='bbox 407 2753 616 2824; x_wconf 84' lang='lat' dir='ltr'><strong>consequente.</strong></span> <span class='ocrx_word' id='word_1_160' title='bbox 662 2766 706 2795; x_wconf 57' lang='lat' dir='ltr'>ss</span> <span class='ocrx_word' id='word_1_161' title='bbox 726 2763 912 2824; x_wconf 82' lang='lat' dir='ltr'><strong>consequens</strong></span> <span class='ocrx_word' id='word_1_162' title='bbox 935 2747 998 2805; x_wconf 89' lang='lat' dir='ltr'><strong>sine</strong></span> <span class='ocrx_word' id='word_1_163' title='bbox 1023 2747 1199 2825; x_wconf 89' lang='lat' dir='ltr'><strong>praeposito.</strong></span> <span class='ocrx_word' id='word_1_164' title='bbox 1240 2752 1278 2815; x_wconf 73' lang='grc'>&gt;</span> <span class='ocrx_word' id='word_1_165' title='bbox 1302 2746 1421 2808; x_wconf 87' lang='lat' dir='ltr'><strong>alienus</strong></span> <span class='ocrx_word' id='word_1_166' title='bbox 1443 2757 1507 2806; x_wconf 79' lang='lat' dir='ltr'><strong>etro</strong></span> 
     </span>
     <span class='ocr_line' id='line_1_23' title="bbox 166 2832 1472 2934; baseline 0.001 -24"><span class='ocrx_word' id='word_1_167' title='bbox 166 2871 374 2930; x_wconf 80' lang='lat' dir='ltr'><strong>supervacuus.</strong></span> <span class='ocrx_word' id='word_1_168' title='bbox 424 2832 492 2924; x_wconf 67' lang='lat' dir='ltr'><strong>n]</strong></span> <span class='ocrx_word' id='word_1_169' title='bbox 513 2852 583 2924; x_wconf 64' lang='grc' dir='ltr'><strong>Φ]</strong></span> <span class='ocrx_word' id='word_1_170' title='bbox 611 2870 716 2930; x_wconf 85' lang='lat' dir='ltr'><strong>graeca</strong></span> <span class='ocrx_word' id='word_1_171' title='bbox 745 2853 910 2913; x_wconf 74' lang='lat' dir='ltr'><strong>metastasis</strong></span> <span class='ocrx_word' id='word_1_172' title='bbox 943 2861 974 2912; x_wconf 88' lang='lat' dir='ltr'><strong>el</strong></span> <span class='ocrx_word' id='word_1_173' title='bbox 1008 2850 1053 2911; x_wconf 87' lang='lat' dir='ltr'><strong>bis</strong></span> <span class='ocrx_word' id='word_1_174' title='bbox 1084 2850 1195 2912; x_wconf 88' lang='lat' dir='ltr'><strong>dictum</strong></span> <span class='ocrx_word' id='word_1_175' title='bbox 1228 2863 1259 2912; x_wconf 86' lang='lat' dir='ltr'><strong>el</strong></span> <span class='ocrx_word' id='word_1_176' title='bbox 1292 2871 1472 2934; x_wconf 81' lang='lat' dir='ltr'><strong>repugnans.</strong></span> 
     </span>
     <span class='ocr_line' id='line_1_24' title="bbox 169 2957 1412 3037; baseline 0.002 -19"><span class='ocrx_word' id='word_1_177' title='bbox 169 2958 235 3018; x_wconf 77' lang='grc' dir='ltr'><strong>ΦΡ</strong></span> <span class='ocrx_word' id='word_1_178' title='bbox 255 2977 358 3037; x_wconf 85' lang='lat' dir='ltr'><strong>graeca</strong></span> <span class='ocrx_word' id='word_1_179' title='bbox 382 2959 548 3018; x_wconf 72' lang='lat' dir='ltr'><strong>metastasis</strong></span> <span class='ocrx_word' id='word_1_180' title='bbox 572 2965 602 3016; x_wconf 89' lang='lat' dir='ltr'><strong>et</strong></span> <span class='ocrx_word' id='word_1_181' title='bbox 626 2975 802 3037; x_wconf 82' lang='lat' dir='ltr'><strong>repugnans.</strong></span> <span class='ocrx_word' id='word_1_182' title='bbox 851 2957 911 3019; x_wconf 77' lang='grc' dir='ltr'><strong>ΦΡ</strong></span> <span class='ocrx_word' id='word_1_183' title='bbox 938 2958 1105 3019; x_wconf 75' lang='lat' dir='ltr'><strong>metastasis</strong></span> <span class='ocrx_word' id='word_1_184' title='bbox 1128 2977 1233 3037; x_wconf 89' lang='lat' dir='ltr'><strong>graeca</strong></span> <span class='ocrx_word' id='word_1_185' title='bbox 1257 2969 1288 3020; x_wconf 86' lang='lat' dir='ltr'><strong>et</strong></span> <span class='ocrx_word' id='word_1_186' title='bbox 1311 2959 1412 3022; x_wconf 90' lang='lat' dir='ltr'><strong>latina.</strong></span> 
     </span>
     <span class='ocr_line' id='line_1_25' title="bbox 634 3062 1006 3126; baseline 0.011 -5"><span class='ocrx_word' id='word_1_187' title='bbox 634 3062 666 3123; x_wconf 85' lang='lat' dir='ltr'><strong>F.</strong></span> <span class='ocrx_word' id='word_1_188' title='bbox 690 3062 726 3123; x_wconf 89' lang='lat' dir='ltr'><strong>de</strong></span> <span class='ocrx_word' id='word_1_189' title='bbox 751 3067 829 3126; x_wconf 91' lang='lat' dir='ltr'><strong>notis</strong></span> <span class='ocrx_word' id='word_1_190' title='bbox 853 3063 1006 3125; x_wconf 79' lang='lat' dir='ltr'><strong>Prolrianis</strong></span> 
     </span>
    </p>
   </div>
   <div class='ocr_carea' id='block_1_5' title="bbox 166 3236 1474 3388">
    <p class='ocr_par' dir='ltr' id='par_1_15' title="bbox 166 3236 1474 3388">
     <span class='ocr_line' id='line_1_26' title="bbox 256 3236 1473 3309; baseline 0.002 -18"><span class='ocrx_word' id='word_1_191' title='bbox 256 3236 346 3291; x_wconf 77' lang='lat' dir='ltr'><strong>Codex</strong></span> <span class='ocrx_word' id='word_1_192' title='bbox 368 3237 516 3291; x_wconf 79' lang='lat' dir='ltr'><strong>Parisinus</strong></span> <span class='ocrx_word' id='word_1_193' title='bbox 551 3236 683 3305; x_wconf 74' lang='lat' dir='ltr'><strong>tuosne]</strong></span> <span class='ocrx_word' id='word_1_194' title='bbox 703 3238 801 3290; x_wconf 83' lang='lat' dir='ltr'><strong>noste.</strong></span> <span class='ocrx_word' id='word_1_195' title='bbox 888 3236 976 3309; x_wconf 75' lang='lat' dir='ltr'><strong>srygiq</strong></span> <span class='ocrx_word' id='word_1_196' title='bbox 1063 3236 1251 3306; x_wconf 73' lang='lat' dir='ltr'><strong>strugnediis</strong></span> <span class='ocrx_word' id='word_1_197' title='bbox 1338 3239 1473 3294; x_wconf 74' lang='lat' dir='ltr'><strong>bobelns</strong></span> 
     </span>
     <span class='ocr_line' id='line_1_27' title="bbox 166 3315 1474 3388; baseline 0.002 -18"><span class='ocrx_word' id='word_1_198' title='bbox 166 3333 229 3370; x_wconf 90' lang='lat' dir='ltr'><strong>enm</strong></span> <span class='ocrx_word' id='word_1_199' title='bbox 244 3332 293 3371; x_wconf 88' lang='lat' dir='ltr'><strong>om.</strong></span> <span class='ocrx_word' id='word_1_200' title='bbox 363 3316 447 3371; x_wconf 88' lang='lat' dir='ltr'><strong>strose</strong></span> <span class='ocrx_word' id='word_1_201' title='bbox 517 3322 592 3370; x_wconf 77' lang='lat' dir='ltr'><strong>illex</strong></span> <span class='ocrx_word' id='word_1_202' title='bbox 607 3315 764 3387; x_wconf 84' lang='lat' dir='ltr'><strong>voluntate]</strong></span> <span class='ocrx_word' id='word_1_203' title='bbox 780 3315 825 3369; x_wconf 86' lang='lat' dir='ltr'><strong>nix</strong></span> <span class='ocrx_word' id='word_1_204' title='bbox 840 3317 876 3370; x_wconf 85' lang='lat' dir='ltr'><strong>nd</strong></span> <span class='ocrx_word' id='word_1_205' title='bbox 891 3316 1064 3370; x_wconf 84' lang='lat' dir='ltr'><strong>uoluntatem</strong></span> <span class='ocrx_word' id='word_1_206' title='bbox 1130 3323 1161 3370; x_wconf 79' lang='lat'><strong>12</strong></span> <span class='ocrx_word' id='word_1_207' title='bbox 1177 3317 1286 3388; x_wconf 89' lang='lat' dir='ltr'><strong>sensus]</strong></span> <span class='ocrx_word' id='word_1_208' title='bbox 1301 3316 1361 3372; x_wconf 88' lang='lat' dir='ltr'><strong>eins</strong></span> <span class='ocrx_word' id='word_1_209' title='bbox 1377 3336 1474 3375; x_wconf 81' lang='lat' dir='ltr'><strong>uersus</strong></span> 
     </span>
    </p>
   </div>
   <div class='ocr_carea' id='block_1_6' title="bbox 167 3395 1422 3549">
    <p class='ocr_par' dir='ltr' id='par_1_16' title="bbox 167 3395 1422 3549">
     <span class='ocr_line' id='line_1_28' title="bbox 204 3395 1422 3468; baseline 0.001 -17"><span class='ocrx_word' id='word_1_210' title='bbox 204 3403 237 3451; x_wconf 79' lang='lat'><strong>14</strong></span> <span class='ocrx_word' id='word_1_211' title='bbox 256 3398 378 3452; x_wconf 76' lang='lat' dir='ltr'><strong>anchora</strong></span> <span class='ocrx_word' id='word_1_212' title='bbox 395 3403 508 3465; x_wconf 80' lang='lat' dir='ltr'><strong>utroque</strong></span> <span class='ocrx_word' id='word_1_213' title='bbox 527 3398 584 3450; x_wconf 89' lang='lat' dir='ltr'><strong>loco</strong></span> <span class='ocrx_word' id='word_1_214' title='bbox 658 3401 690 3451; x_wconf 88' lang='lat'><strong>18</strong></span> <span class='ocrx_word' id='word_1_215' title='bbox 709 3412 826 3468; x_wconf 71' lang='lat' dir='ltr'><strong>aprppes</strong></span> <span class='ocrx_word' id='word_1_216' title='bbox 906 3403 937 3451; x_wconf 82' lang='grc'><strong>19</strong></span> <span class='ocrx_word' id='word_1_217' title='bbox 957 3395 1130 3466; x_wconf 85' lang='lat' dir='ltr'><strong>propositum</strong></span> <span class='ocrx_word' id='word_1_218' title='bbox 1150 3396 1209 3450; x_wconf 88' lang='lat' dir='ltr'><strong>sine</strong></span> <span class='ocrx_word' id='word_1_219' title='bbox 1228 3399 1422 3466; x_wconf 82' lang='lat' dir='ltr'><strong>consequente</strong></span> 
     </span>
     <span class='ocr_line' id='line_1_29' title="bbox 167 3475 805 3549; baseline 0.002 -19"><span class='ocrx_word' id='word_1_220' title='bbox 167 3483 201 3530; x_wconf 79' lang='lat'><strong>23</strong></span> <span class='ocrx_word' id='word_1_221' title='bbox 219 3477 248 3531; x_wconf 75' lang='lat' dir='ltr'><strong>F.</strong></span> <span class='ocrx_word' id='word_1_222' title='bbox 268 3476 302 3531; x_wconf 88' lang='lat' dir='ltr'><strong>de</strong></span> <span class='ocrx_word' id='word_1_223' title='bbox 322 3476 395 3531; x_wconf 90' lang='lat' dir='ltr'><strong>notis</strong></span> <span class='ocrx_word' id='word_1_224' title='bbox 414 3476 554 3546; x_wconf 84' lang='lat' dir='ltr'><strong>pmbinnis</strong></span> <span class='ocrx_word' id='word_1_225' title='bbox 573 3476 668 3530; x_wconf 78' lang='lat' dir='ltr'>EXPL</span> <span class='ocrx_word' id='word_1_226' title='bbox 697 3475 805 3549; x_wconf 65' lang='lat' dir='ltr'><strong>Nora).</strong></span> 
     </span>
    </p>
   </div>
   <div class='ocr_carea' id='block_1_7' title="bbox 166 3635 1478 4824">
    <p class='ocr_par' dir='ltr' id='par_1_17' title="bbox 166 3635 1478 4824">
     <span class='ocr_line' id='line_1_30' title="bbox 258 3635 1476 3705; baseline 0.002 -14"><span class='ocrx_word' id='word_1_227' title='bbox 258 3645 270 3691; x_wconf 93' lang='lat'>1</span> <span class='ocrx_word' id='word_1_228' title='bbox 304 3655 402 3693; x_wconf 80' lang='lat' dir='ltr'><strong>eversu</strong></span> <span class='ocrx_word' id='word_1_229' title='bbox 434 3655 496 3692; x_wconf 89' lang='lat' dir='ltr'><strong>enm</strong></span> <span class='ocrx_word' id='word_1_230' title='bbox 529 3635 610 3690; x_wconf 88' lang='lat' dir='ltr'><strong>obelo</strong></span> <span class='ocrx_word' id='word_1_231' title='bbox 641 3636 678 3688; x_wconf 86' lang='lat' dir='ltr'><strong>ad</strong></span> <span class='ocrx_word' id='word_1_232' title='bbox 706 3652 738 3690; x_wconf 83' lang='lat' dir='ltr'><strong>ea</strong></span> <span class='ocrx_word' id='word_1_233' title='bbox 770 3635 897 3704; x_wconf 88' lang='lat' dir='ltr'><strong>ponitur,</strong></span> <span class='ocrx_word' id='word_1_234' title='bbox 929 3652 1000 3704; x_wconf 85' lang='lat' dir='ltr'><strong>qnae</strong></span> <span class='ocrx_word' id='word_1_235' title='bbox 1031 3635 1068 3690; x_wconf 75' lang='lat' dir='ltr'><strong>ed</strong></span> <span class='ocrx_word' id='word_1_236' title='bbox 1100 3635 1209 3705; x_wconf 87' lang='lat' dir='ltr'><strong>aliquid</strong></span> <span class='ocrx_word' id='word_1_237' title='bbox 1240 3636 1411 3704; x_wconf 85' lang='lat' dir='ltr'><strong>respiciunt,</strong></span> <span class='ocrx_word' id='word_1_238' title='bbox 1443 3642 1476 3693; x_wconf 89' lang='lat' dir='ltr'><strong>nt</strong></span> 
     </span>
     <span class='ocr_line' id='line_1_31' title="bbox 169 3716 1365 3785; baseline -0.001 -13"><span class='ocrx_word' id='word_1_239' title='bbox 169 3718 267 3772; x_wconf 87' lang='lat' dir='ltr'><strong>‘nosne</strong></span> <span class='ocrx_word' id='word_1_240' title='bbox 294 3717 347 3772; x_wconf 90' lang='lat' dir='ltr'><strong>tibi</strong></span> <span class='ocrx_word' id='word_1_241' title='bbox 375 3718 461 3771; x_wconf 83' lang='lat' dir='ltr'><strong>lluxss</strong></span> <span class='ocrx_word' id='word_1_242' title='bbox 489 3716 626 3784; x_wconf 83' lang='lat' dir='ltr'><strong>Phrygiae</strong></span> <span class='ocrx_word' id='word_1_243' title='bbox 655 3733 698 3769; x_wconf 87' lang='lat' dir='ltr'><strong>res</strong></span> <span class='ocrx_word' id='word_1_244' title='bbox 727 3716 850 3770; x_wconf 86' lang='lat' dir='ltr'><strong>vertere’</strong></span> <span class='ocrx_word' id='word_1_245' title='bbox 885 3731 939 3784; x_wconf 84' lang='lat' dir='ltr'><strong>sqq.</strong></span> <span class='ocrx_word' id='word_1_246' title='bbox 970 3716 1098 3770; x_wconf 74' lang='lat' dir='ltr'><strong>Isidorus</strong></span> <span class='ocrx_word' id='word_1_247' title='bbox 1131 3717 1199 3785; x_wconf 75' lang='lat' dir='ltr'><strong>erig.</strong></span> <span class='ocrx_word' id='word_1_248' title='bbox 1228 3717 1249 3769; x_wconf 91' lang='lat' dir='ltr'><strong><em>I</em></strong></span> <span class='ocrx_word' id='word_1_249' title='bbox 1278 3722 1365 3782; x_wconf 78' lang='lat'><strong><em>20,18</em></strong></span> 
     </span>
     <span class='ocr_line' id='line_1_32' title="bbox 167 3794 1475 3866; baseline 0.004 -19"><span class='ocrx_word' id='word_1_250' title='bbox 167 3795 197 3847; x_wconf 91' lang='lat' dir='ltr'><strong>in</strong></span> <span class='ocrx_word' id='word_1_251' title='bbox 215 3811 266 3850; x_wconf 81' lang='lat' dir='ltr'><strong>era</strong></span> <span class='ocrx_word' id='word_1_252' title='bbox 283 3797 397 3866; x_wconf 86' lang='lat' dir='ltr'><strong>ponitur</strong></span> <span class='ocrx_word' id='word_1_253' title='bbox 417 3795 558 3859; x_wconf 80' lang='lat' dir='ltr'><strong>Osonnus,</strong></span> <span class='ocrx_word' id='word_1_254' title='bbox 581 3794 610 3848; x_wconf 93' lang='lat' dir='ltr'><strong>in</strong></span> <span class='ocrx_word' id='word_1_255' title='bbox 634 3795 673 3848; x_wconf 89' lang='lat' dir='ltr'><strong>eis</strong></span> <span class='ocrx_word' id='word_1_256' title='bbox 697 3796 810 3863; x_wconf 86' lang='lat' dir='ltr'><strong>ponitur</strong></span> <span class='ocrx_word' id='word_1_257' title='bbox 828 3794 939 3849; x_wconf 73' lang='lat' dir='ltr'><strong>Riesisss</strong></span> <span class='ocrx_word' id='word_1_258' title='bbox 961 3796 1055 3850; x_wconf 55' lang='lat' dir='ltr'><strong>ortum</strong></span> <span class='ocrx_word' id='word_1_259' title='bbox 1077 3795 1174 3865; x_wconf 76' lang='lat' dir='ltr'><strong>philol.</strong></span> <span class='ocrx_word' id='word_1_260' title='bbox 1199 3813 1224 3848; x_wconf 88' lang='lat' dir='ltr'><strong>o.</strong></span> <span class='ocrx_word' id='word_1_261' title='bbox 1244 3800 1364 3866; x_wconf 66' lang='lat'><strong>186612.</strong></span> <span class='ocrx_word' id='word_1_262' title='bbox 1390 3802 1475 3852; x_wconf 68' lang='lat'><strong>472.</strong></span> 
     </span>
     <span class='ocr_line' id='line_1_33' title="bbox 168 3874 1475 3946; baseline -0.002 -14"><span class='ocrx_word' id='word_1_263' title='bbox 168 3878 283 3944; x_wconf 74' lang='lat' dir='ltr'><strong>sortasse</strong></span> <span class='ocrx_word' id='word_1_264' title='bbox 310 3877 354 3930; x_wconf 86' lang='lat' dir='ltr'><strong>bis</strong></span> <span class='ocrx_word' id='word_1_265' title='bbox 383 3874 534 3945; x_wconf 71' lang='lat' dir='ltr'><strong>apponitur</strong></span> <span class='ocrx_word' id='word_1_266' title='bbox 623 3881 639 3927; x_wconf 81' lang='lat'><strong>2</strong></span> <span class='ocrx_word' id='word_1_267' title='bbox 667 3876 766 3946; x_wconf 88' lang='lat' dir='ltr'><strong>nosne]</strong></span> <span class='ocrx_word' id='word_1_268' title='bbox 802 3874 878 3945; x_wconf 74' lang='lat' dir='ltr'><strong>Vero.</strong></span> <span class='ocrx_word' id='word_1_269' title='bbox 906 3876 974 3929; x_wconf 78' lang='lat' dir='ltr'><strong>Aer.</strong></span> <span class='ocrx_word' id='word_1_270' title='bbox 1007 3876 1037 3928; x_wconf 82' lang='lat' dir='ltr'>X</span> <span class='ocrx_word' id='word_1_271' title='bbox 1063 3881 1102 3930; x_wconf 85' lang='lat'><strong>88</strong></span> <span class='ocrx_word' id='word_1_272' title='bbox 1192 3879 1208 3927; x_wconf 85' lang='lat'><strong>5</strong></span> <span class='ocrx_word' id='word_1_273' title='bbox 1234 3889 1334 3929; x_wconf 78' lang='lat' dir='ltr'><strong>aversa</strong></span> <span class='ocrx_word' id='word_1_274' title='bbox 1360 3876 1475 3939; x_wconf 88' lang='lat' dir='ltr'><strong>(obolis-</strong></span> 
     </span>
     <span class='ocr_line' id='line_1_34' title="bbox 168 3953 1476 4026; baseline 0 -15"><span class='ocrx_word' id='word_1_275' title='bbox 168 3973 248 4011; x_wconf 86' lang='lat' dir='ltr'><strong>mene</strong></span> <span class='ocrx_word' id='word_1_276' title='bbox 272 3958 334 4011; x_wconf 84' lang='lat' dir='ltr'><strong>add.</strong></span> <span class='ocrx_word' id='word_1_277' title='bbox 359 3957 416 4011; x_wconf 85' lang='lat' dir='ltr'><strong>cod.</strong></span> <span class='ocrx_word' id='word_1_278' title='bbox 435 3955 525 4021; x_wconf 72' lang='lat' dir='ltr'><strong>Pon),</strong></span> <span class='ocrx_word' id='word_1_279' title='bbox 550 3955 679 4023; x_wconf 88' lang='lat' dir='ltr'><strong>quotiens</strong></span> <span class='ocrx_word' id='word_1_280' title='bbox 702 3955 816 4026; x_wconf 84' lang='lat' dir='ltr'><strong>strophe</strong></span> <span class='ocrx_word' id='word_1_281' title='bbox 839 3957 868 4010; x_wconf 85' lang='lat' dir='ltr'><strong>at</strong></span> <span class='ocrx_word' id='word_1_282' title='bbox 890 3955 1079 4024; x_wconf 86' lang='lat' dir='ltr'><strong>antistrophos</strong></span> <span class='ocrx_word' id='word_1_283' title='bbox 1102 3953 1221 4009; x_wconf 84' lang='lat' dir='ltr'><strong>insertur</strong></span> <span class='ocrx_word' id='word_1_284' title='bbox 1247 3954 1376 4009; x_wconf 68' lang='lat' dir='ltr'><strong>ledonis</strong></span> <span class='ocrx_word' id='word_1_285' title='bbox 1405 3959 1476 4026; x_wconf 77' lang='lat' dir='ltr'><strong>orig.</strong></span> 
     </span>
     <span class='ocr_line' id='line_1_35' title="bbox 169 4033 1476 4104; baseline 0 -14"><span class='ocrx_word' id='word_1_286' title='bbox 169 4038 191 4090; x_wconf 95' lang='lat' dir='ltr'><strong><em>I</em></strong></span> <span class='ocrx_word' id='word_1_287' title='bbox 216 4043 309 4104; x_wconf 81' lang='lat'><em>20‚17</em></span> <span class='ocrx_word' id='word_1_288' title='bbox 404 4042 420 4090; x_wconf 88' lang='lat'>8</span> <span class='ocrx_word' id='word_1_289' title='bbox 453 4037 530 4088; x_wconf 88' lang='lat' dir='ltr'><strong>recta</strong></span> <span class='ocrx_word' id='word_1_290' title='bbox 562 4039 590 4088; x_wconf 89' lang='lat' dir='ltr'><strong>et</strong></span> <span class='ocrx_word' id='word_1_291' title='bbox 624 4052 723 4090; x_wconf 79' lang='lat' dir='ltr'><strong>aversa</strong></span> <span class='ocrx_word' id='word_1_292' title='bbox 759 4051 877 4104; x_wconf 85' lang='lat' dir='ltr'><strong>superne</strong></span> <span class='ocrx_word' id='word_1_293' title='bbox 913 4034 1026 4089; x_wconf 80' lang='lat' dir='ltr'><strong>obelata</strong></span> <span class='ocrx_word' id='word_1_294' title='bbox 1063 4035 1176 4103; x_wconf 88' lang='lat' dir='ltr'><strong>ponitur</strong></span> <span class='ocrx_word' id='word_1_295' title='bbox 1213 4033 1293 4088; x_wconf 75' lang='lat' dir='ltr'><strong>finite</strong></span> <span class='ocrx_word' id='word_1_296' title='bbox 1324 4033 1389 4090; x_wconf 89' lang='lat' dir='ltr'><strong>loco</strong></span> <span class='ocrx_word' id='word_1_297' title='bbox 1425 4054 1476 4091; x_wconf 91' lang='lat' dir='ltr'><strong>sno</strong></span> 
     </span>
     <span class='ocr_line' id='line_1_36' title="bbox 170 4112 1414 4187; baseline -0.002 -16"><span class='ocrx_word' id='word_1_298' title='bbox 170 4118 289 4172; x_wconf 87' lang='lat' dir='ltr'><strong>monade</strong></span> <span class='ocrx_word' id='word_1_299' title='bbox 309 4116 503 4187; x_wconf 79' lang='lat' dir='ltr'><strong>significatque</strong></span> <span class='ocrx_word' id='word_1_300' title='bbox 522 4114 641 4169; x_wconf 85' lang='lat' dir='ltr'><strong>similem</strong></span> <span class='ocrx_word' id='word_1_301' title='bbox 662 4117 824 4184; x_wconf 77' lang='lat' dir='ltr'><strong>sequentem</strong></span> <span class='ocrx_word' id='word_1_302' title='bbox 843 4130 953 4184; x_wconf 86' lang='lat' dir='ltr'><strong>quoqne</strong></span> <span class='ocrx_word' id='word_1_303' title='bbox 971 4130 1030 4168; x_wconf 86' lang='lat' dir='ltr'><strong>esse</strong></span> <span class='ocrx_word' id='word_1_304' title='bbox 1050 4113 1179 4168; x_wconf 57' lang='lat' dir='ltr'><strong>Isidorus</strong></span> <span class='ocrx_word' id='word_1_305' title='bbox 1196 4114 1265 4181; x_wconf 77' lang='lat' dir='ltr'><strong>orig.</strong></span> <span class='ocrx_word' id='word_1_306' title='bbox 1284 4112 1306 4166; x_wconf 94' lang='lat' dir='ltr'><strong><em>I</em></strong></span> <span class='ocrx_word' id='word_1_307' title='bbox 1320 4120 1414 4179; x_wconf 75' lang='lat'><em>20,20</em></span> 
     </span>
     <span class='ocr_line' id='line_1_37' title="bbox 168 4192 1476 4267; baseline -0.002 -15"><span class='ocrx_word' id='word_1_308' title='bbox 168 4198 271 4252; x_wconf 69' lang='lat' dir='ltr'><strong>burno</strong></span> <span class='ocrx_word' id='word_1_309' title='bbox 295 4215 377 4267; x_wconf 82' lang='lat' dir='ltr'><strong>qoem</strong></span> <span class='ocrx_word' id='word_1_310' title='bbox 399 4196 522 4250; x_wconf 80' lang='lat' dir='ltr'><strong>iudicari</strong></span> <span class='ocrx_word' id='word_1_311' title='bbox 545 4197 576 4248; x_wconf 84' lang='lat' dir='ltr'><strong>iri</strong></span> <span class='ocrx_word' id='word_1_312' title='bbox 594 4197 666 4250; x_wconf 80' lang='lat' dir='ltr'><strong>lione</strong></span> <span class='ocrx_word' id='word_1_313' title='bbox 683 4197 739 4263; x_wconf 76' lang='lat' dir='ltr'><strong>sere</strong></span> <span class='ocrx_word' id='word_1_314' title='bbox 757 4195 864 4250; x_wconf 72' lang='lat' dir='ltr'><strong>modeim</strong></span> <span class='ocrx_word' id='word_1_315' title='bbox 883 4195 1121 4264; x_wconf 59' lang='lat' dir='ltr'><strong>supplectilem,</strong></span> <span class='ocrx_word' id='word_1_316' title='bbox 1149 4210 1212 4247; x_wconf 89' lang='lat' dir='ltr'><strong>eum</strong></span> <span class='ocrx_word' id='word_1_317' title='bbox 1234 4192 1333 4247; x_wconf 81' lang='lat' dir='ltr'><strong>eedem</strong></span> <span class='ocrx_word' id='word_1_318' title='bbox 1358 4196 1476 4266; x_wconf 83' lang='lat' dir='ltr'><strong>strophe</strong></span> 
     </span>
     <span class='ocr_line' id='line_1_38' title="bbox 169 4275 1475 4348; baseline -0.002 -15"><span class='ocrx_word' id='word_1_319' title='bbox 169 4277 281 4348; x_wconf 80' lang='lat' dir='ltr'><strong>saepius</strong></span> <span class='ocrx_word' id='word_1_320' title='bbox 299 4276 448 4347; x_wconf 86' lang='lat' dir='ltr'><strong>repetitur,</strong></span> <span class='ocrx_word' id='word_1_321' title='bbox 473 4279 502 4328; x_wconf 89' lang='lat' dir='ltr'><strong>et</strong></span> <span class='ocrx_word' id='word_1_322' title='bbox 519 4276 678 4345; x_wconf 87' lang='lat' dir='ltr'><strong>significant</strong></span> <span class='ocrx_word' id='word_1_323' title='bbox 697 4275 816 4331; x_wconf 88' lang='lat' dir='ltr'><strong>similem</strong></span> <span class='ocrx_word' id='word_1_324' title='bbox 836 4290 947 4346; x_wconf 89' lang='lat' dir='ltr'><strong>qnoque</strong></span> <span class='ocrx_word' id='word_1_325' title='bbox 966 4277 1129 4342; x_wconf 82' lang='lat' dir='ltr'><strong>sequentem</strong></span> <span class='ocrx_word' id='word_1_326' title='bbox 1143 4291 1203 4327; x_wconf 89' lang='lat' dir='ltr'><strong>esse</strong></span> <span class='ocrx_word' id='word_1_327' title='bbox 1221 4316 1227 4327; x_wconf 91' lang='lat'><strong>.</strong></span> <span class='ocrx_word' id='word_1_328' title='bbox 1247 4289 1313 4326; x_wconf 80' lang='lat' dir='ltr'><strong>nom</strong></span> <span class='ocrx_word' id='word_1_329' title='bbox 1331 4275 1365 4327; x_wconf 78' lang='lat' dir='ltr'><strong>irs</strong></span> <span class='ocrx_word' id='word_1_330' title='bbox 1381 4292 1475 4330; x_wconf 70' lang='lat' dir='ltr'><strong>morso</strong></span> 
     </span>
     <span class='ocr_line' id='line_1_39' title="bbox 168 4353 1477 4426; baseline -0.001 -15"><span class='ocrx_word' id='word_1_331' title='bbox 168 4358 313 4425; x_wconf 78' lang='lat' dir='ltr'><strong>stroplricis</strong></span> <span class='ocrx_word' id='word_1_332' title='bbox 331 4356 499 4411; x_wconf 75' lang='lat' dir='ltr'><strong>nominibus</strong></span> <span class='ocrx_word' id='word_1_333' title='bbox 517 4372 562 4408; x_wconf 84' lang='lat' dir='ltr'><strong>eos</strong></span> <span class='ocrx_word' id='word_1_334' title='bbox 580 4362 659 4410; x_wconf 81' lang='lat' dir='ltr'><strong>notos</strong></span> <span class='ocrx_word' id='word_1_335' title='bbox 674 4357 781 4426; x_wconf 82' lang='lat' dir='ltr'><strong>positos</strong></span> <span class='ocrx_word' id='word_1_336' title='bbox 798 4372 851 4409; x_wconf 83' lang='lat' dir='ltr'><strong>esse</strong></span> <span class='ocrx_word' id='word_1_337' title='bbox 867 4355 973 4409; x_wconf 80' lang='lat' dir='ltr'><strong>Isidori</strong></span> <span class='ocrx_word' id='word_1_338' title='bbox 987 4355 1110 4420; x_wconf 65' lang='lat' dir='ltr'><strong>deliretio</strong></span> <span class='ocrx_word' id='word_1_339' title='bbox 1123 4355 1197 4408; x_wconf 85' lang='lat' dir='ltr'><strong>docet</strong></span> <span class='ocrx_word' id='word_1_340' title='bbox 1270 4359 1303 4406; x_wconf 90' lang='lat'><strong>10</strong></span> <span class='ocrx_word' id='word_1_341' title='bbox 1322 4353 1395 4408; x_wconf 83' lang='lat' dir='ltr'><strong>haee</strong></span> <span class='ocrx_word' id='word_1_342' title='bbox 1415 4356 1477 4410; x_wconf 86' lang='lat' dir='ltr'><strong>sols</strong></span> 
     </span>
     <span class='ocr_line' id='line_1_40' title="bbox 169 4431 1476 4505; baseline -0.003 -11"><span class='ocrx_word' id='word_1_343' title='bbox 169 4456 202 4494; x_wconf 85' lang='lat' dir='ltr'><strong>ex</strong></span> <span class='ocrx_word' id='word_1_344' title='bbox 222 4437 366 4491; x_wconf 74' lang='lat' dir='ltr'><strong>voluntate</strong></span> <span class='ocrx_word' id='word_1_345' title='bbox 391 4435 455 4505; x_wconf 91' lang='lat' dir='ltr'><strong>(hoc</strong></span> <span class='ocrx_word' id='word_1_346' title='bbox 473 4452 488 4489; x_wconf 87' lang='lat' dir='ltr'><strong>e</strong></span> <span class='ocrx_word' id='word_1_347' title='bbox 507 4434 568 4489; x_wconf 87' lang='lat' dir='ltr'><strong>sola</strong></span> <span class='ocrx_word' id='word_1_348' title='bbox 586 4452 618 4489; x_wconf 83' lang='lat' dir='ltr'><strong>ex</strong></span> <span class='ocrx_word' id='word_1_349' title='bbox 644 4438 787 4490; x_wconf 81' lang='lat' dir='ltr'><strong>uoluntate</strong></span> <span class='ocrx_word' id='word_1_350' title='bbox 810 4437 866 4490; x_wconf 87' lang='lat' dir='ltr'><strong>cad.</strong></span> <span class='ocrx_word' id='word_1_351' title='bbox 888 4436 970 4502; x_wconf 86' lang='lat' dir='ltr'><strong>Por.)</strong></span> <span class='ocrx_word' id='word_1_352' title='bbox 993 4434 1207 4503; x_wconf 86' lang='lat' dir='ltr'><strong>uniuscuiusque</strong></span> <span class='ocrx_word' id='word_1_353' title='bbox 1231 4431 1267 4486; x_wconf 85' lang='lat' dir='ltr'><strong>ad</strong></span> <span class='ocrx_word' id='word_1_354' title='bbox 1291 4432 1404 4505; x_wconf 73' lang='lat' dir='ltr'><strong>aliquid</strong></span> <span class='ocrx_word' id='word_1_355' title='bbox 1428 4452 1476 4490; x_wconf 87' lang='lat' dir='ltr'><strong>no·</strong></span> 
     </span>
     <span class='ocr_line' id='line_1_41' title="bbox 168 4510 1478 4585; baseline 0 -14"><span class='ocrx_word' id='word_1_356' title='bbox 168 4516 286 4571; x_wconf 82' lang='lat' dir='ltr'><strong>tendum</strong></span> <span class='ocrx_word' id='word_1_357' title='bbox 300 4516 412 4585; x_wconf 88' lang='lat' dir='ltr'><strong>ponitur</strong></span> <span class='ocrx_word' id='word_1_358' title='bbox 428 4517 555 4569; x_wconf 81' lang='lat' dir='ltr'><strong>Isidorus</strong></span> <span class='ocrx_word' id='word_1_359' title='bbox 573 4518 640 4583; x_wconf 76' lang='lat' dir='ltr'><strong>orig.</strong></span> <span class='ocrx_word' id='word_1_360' title='bbox 658 4516 678 4567; x_wconf 91' lang='lat' dir='ltr'><em>I</em></span> <span class='ocrx_word' id='word_1_361' title='bbox 691 4520 779 4578; x_wconf 58' lang='lat'><strong>2022</strong></span> <span class='ocrx_word' id='word_1_362' title='bbox 851 4516 921 4569; x_wconf 82' lang='lat' dir='ltr'><strong>baec</strong></span> <span class='ocrx_word' id='word_1_363' title='bbox 939 4514 998 4568; x_wconf 85' lang='lat' dir='ltr'><strong>sols</strong></span> <span class='ocrx_word' id='word_1_364' title='bbox 1016 4531 1049 4567; x_wconf 85' lang='lat' dir='ltr'><strong>ex</strong></span> <span class='ocrx_word' id='word_1_365' title='bbox 1068 4512 1214 4567; x_wconf 70' lang='lat' dir='ltr'><strong>voluntate</strong></span> <span class='ocrx_word' id='word_1_366' title='bbox 1231 4510 1478 4578; x_wconf 72' lang='lat' dir='ltr'><strong>Reiffersclreidisrs</strong></span> 
     </span>
     <span class='ocr_line' id='line_1_42' title="bbox 169 4589 1477 4662; baseline 0 -13"><span class='ocrx_word' id='word_1_367' title='bbox 169 4613 202 4649; x_wconf 82' lang='lat' dir='ltr'><strong>ex</strong></span> <span class='ocrx_word' id='word_1_368' title='bbox 228 4596 337 4650; x_wconf 83' lang='lat' dir='ltr'><strong>isidoro</strong></span> <span class='ocrx_word' id='word_1_369' title='bbox 357 4596 496 4660; x_wconf 79' lang='lat' dir='ltr'><strong>.sort‹1ssc</strong></span> <span class='ocrx_word' id='word_1_370' title='bbox 520 4595 590 4649; x_wconf 84' lang='lat' dir='ltr'><strong>hoec</strong></span> <span class='ocrx_word' id='word_1_371' title='bbox 615 4612 648 4648; x_wconf 85' lang='lat' dir='ltr'><strong>ex</strong></span> <span class='ocrx_word' id='word_1_372' title='bbox 671 4595 731 4649; x_wconf 89' lang='lat' dir='ltr'><strong>sola</strong></span> <span class='ocrx_word' id='word_1_373' title='bbox 753 4593 897 4648; x_wconf 80' lang='lat' dir='ltr'><strong>voluntate</strong></span> <span class='ocrx_word' id='word_1_374' title='bbox 921 4599 1034 4662; x_wconf 83' lang='lat' dir='ltr'><strong>utroque</strong></span> <span class='ocrx_word' id='word_1_375' title='bbox 1053 4594 1109 4646; x_wconf 87' lang='lat' dir='ltr'><strong>loeo</strong></span> <span class='ocrx_word' id='word_1_376' title='bbox 1183 4597 1214 4645; x_wconf 78' lang='lat'><strong>12</strong></span> <span class='ocrx_word' id='word_1_377' title='bbox 1232 4589 1277 4643; x_wconf 85' lang='lat' dir='ltr'><strong>vel</strong></span> <span class='ocrx_word' id='word_1_378' title='bbox 1296 4608 1396 4648; x_wconf 86' lang='lat' dir='ltr'><strong>sensus</strong></span> <span class='ocrx_word' id='word_1_379' title='bbox 1416 4594 1477 4649; x_wconf 83' lang='lat' dir='ltr'><strong>eius</strong></span> 
     </span>
     <span class='ocr_line' id='line_1_43' title="bbox 169 4670 1476 4742; baseline 0.002 -15"><span class='ocrx_word' id='word_1_380' title='bbox 169 4691 264 4728; x_wconf 85' lang='lat' dir='ltr'><strong>versus</strong></span> <span class='ocrx_word' id='word_1_381' title='bbox 288 4673 433 4729; x_wconf 78' lang='lat' dir='ltr'><strong>sollicitius</strong></span> <span class='ocrx_word' id='word_1_382' title='bbox 457 4675 707 4742; x_wconf 72' lang='lat' dir='ltr'><strong>Reifferselreidius,</strong></span> <span class='ocrx_word' id='word_1_383' title='bbox 736 4673 780 4727; x_wconf 82' lang='lat' dir='ltr'><strong>vel</strong></span> <span class='ocrx_word' id='word_1_384' title='bbox 804 4691 899 4728; x_wconf 86' lang='lat' dir='ltr'><strong>sensus</strong></span> <span class='ocrx_word' id='word_1_385' title='bbox 923 4690 1018 4727; x_wconf 86' lang='lat' dir='ltr'><strong>versus</strong></span> <span class='ocrx_word' id='word_1_386' title='bbox 1041 4671 1189 4726; x_wconf 87' lang='lat' dir='ltr'><strong>sollicitius</strong></span> <span class='ocrx_word' id='word_1_387' title='bbox 1211 4670 1350 4738; x_wconf 75' lang='lat' dir='ltr'><strong>Beryiius</strong></span> <span class='ocrx_word' id='word_1_388' title='bbox 1378 4675 1476 4729; x_wconf 77' lang='lat' dir='ltr'><strong>arruns.</strong></span> 
     </span>
     <span class='ocr_line' id='line_1_44' title="bbox 166 4751 1262 4824; baseline -0.003 -17"><span class='ocrx_word' id='word_1_389' title='bbox 166 4756 262 4824; x_wconf 80' lang='lat' dir='ltr'><strong>philol.</strong></span> <span class='ocrx_word' id='word_1_390' title='bbox 283 4773 308 4807; x_wconf 90' lang='lat' dir='ltr'><strong>n.</strong></span> <span class='ocrx_word' id='word_1_391' title='bbox 328 4759 400 4809; x_wconf 69' lang='lat'><strong><em>1371</em></strong></span> <span class='ocrx_word' id='word_1_392' title='bbox 415 4772 445 4822; x_wconf 81' lang='lat' dir='ltr'><strong>p.</strong></span> <span class='ocrx_word' id='word_1_393' title='bbox 465 4760 518 4808; x_wconf 83' lang='lat'><strong>319</strong></span> <span class='ocrx_word' id='word_1_394' title='bbox 594 4760 625 4807; x_wconf 77' lang='lat'><strong>19</strong></span> <span class='ocrx_word' id='word_1_395' title='bbox 645 4752 834 4823; x_wconf 72' lang='lat' dir='ltr'><strong>praepositum</strong></span> <span class='ocrx_word' id='word_1_396' title='bbox 854 4753 913 4807; x_wconf 90' lang='lat' dir='ltr'><strong>sine</strong></span> <span class='ocrx_word' id='word_1_397' title='bbox 932 4753 1113 4821; x_wconf 83' lang='lat' dir='ltr'><strong>consequenti</strong></span> <span class='ocrx_word' id='word_1_398' title='bbox 1133 4751 1262 4805; x_wconf 71' lang='lat' dir='ltr'><strong>Occurris</strong></span> 
     </span>
    </p>
   </div>
   <div class='ocr_carea' id='block_1_8' title="bbox 0 0 1669 5474">
    <p class='ocr_par' dir='ltr' id='par_1_18' title="bbox 0 0 1669 5474">
     <span class='ocr_line' id='line_1_45' title="bbox 0 0 1669 5474; baseline 0 0"><span class='ocrx_word' id='word_1_399' title='bbox 0 0 1669 5474; x_wconf 95' lang='lat' dir='ltr'><strong> </strong></span> 
     </span>
    </p>
   </div>
  </div>
 </body>
</html>
