3316 5474
257 386 322 451 442
398 386 403 395 ”
747 387 923 444 onustum
941 385 1062 444 MESSII

258 572 380 634 Comitis
412 573 588 634 elocutionis
620 571 752 633 libellum
789 592 824 633 ex
857 571 992 654 Virgilio,
1030 572 1182 653 Sallustio,
1220 571 1377 654 Ferentio,
1417 573 1578 635 Cicerone

255 698 310 759 per
334 680 446 741 litteras
469 681 616 760 digestum
649 679 755 759 allegat
777 680 840 742 Nic.
864 679 1003 741 Heinsius
1036 681 1071 741 ad
1100 678 1246 741 Valerium
1271 679 1411 741 Flaccum
1437 701 1472 762 p.
1500 679 1577 743 174.

256 785 330 850 282.
362 785 436 850 336.
497 788 581 849 lllnm
618 807 634 849 e
668 787 775 850 Codice
807 787 839 848 B.
871 787 1005 849 Godlridi
1041 786 1170 870 Graevii,
1212 786 1348 848 Consulis
1386 785 1574 870 Lipsiensis,

256 895 387 956 Andreas
415 893 566 955 StirBelius
599 896 661 955 suis
690 894 761 956 locis
789 897 916 957 inseruit
944 914 1036 957 novae
1065 894 1187 956 editioni
1218 895 1350 956 thesauri
1382 894 1573 957 eruditionis

257 1000 455 1063 Scholasticae
478 1000 577 1062 Basilii
601 1000 690 1063 Fabri
713 1001 791 1082 Lips.
816 999 910 1063 1710.
936 1000 1019 1063 1717
1045 997 1104 1062 101.’
1130 1048 1136 1061 .
1160 1010 1293 1063 00101313
1320 1019 1478 1082 30133303
1503 1011 1570 1063 tum

256 1111 285 1169 in
309 1127 415 1169 novam
439 1107 571 1169 thesauri
594 1108 753 1170 editionem
777 1128 813 1169 ex
831 1110 969 1170 drusiani
991 1108 1066 1169 libro
1091 1116 1210 1187 recepta
1229 1116 1299 1168 sunt
1317 1154 1324 1169 .
1343 1116 1412 1188 post
1434 1117 1569 1170 mortem

256 1214 369 1276 Heinsii
402 1218 466 1277 eius
499 1215 624 1277 schedae
661 1216 696 1277 ad
730 1215 900 1278 Dorvillinm
937 1225 1150 1297 pervenerunt,
1187 1214 1263 1295 apud
1300 1233 1389 1295 quem
1428 1215 1567 1278 Petrus

256 1321 480 1384 Burmannus
512 1323 701 1385 Secundus
733 1342 783 1385 eas
810 1323 908 1385 denno
936 1322 1109 1404 descripsit,
1137 1322 1173 1384 de
1202 1342 1259 1403 quo
1288 1325 1318 1383 in
1342 1326 1566 1385 commentario

256 1430 292 1490 de
324 1432 383 1490 vila
411 1430 444 1491 N.
474 1430 588 1492 Heinsii
618 1439 685 1491 3310
718 1430 797 1492 111133
826 1430 993 1492 adversaria
1025 1430 1104 1491 edito
1136 1450 1165 1511 p.
1192 1427 1212 1491 9
1246 1431 1283 1492 10
1315 1433 1423 1492 ilinere
1457 1430 1564 1493 Italico

255 1534 370 1597 11013311
385 1536 461 1598 etde
472 1539 591 1598 1310310
607 1537 643 1598 31
657 1557 693 1599 eo
704 1539 841 1599 drusiani
855 1537 931 1598 libco
950 1537 1101 1599 disserens
1118 1537 1222 1599 scribit
1235 1537 1317 1618 haec,
1336 1532 1465 1598 ‘Passim
1480 1540 1563 1600 enim

254 1644 392 1705 drusiani
415 1643 625 1707 Elocutionnm
648 1645 778 1706 libellum
807 1644 841 1705 ad
872 1653 971 1725 partes
993 1653 1077 1705 vocat
1100 1646 1130 1705 in
1155 1644 1372 1706 Commentario
1396 1645 1562 1725 virgiliano

254 1750 371 1811 Pierius
394 1749 579 1832 Valerianus,
612 1751 713 1812 Carrio
746 1752 780 1813 ad
811 1751 981 1814 Sallustium
1016 1770 1074 1812 non
1107 1752 1212 1832 semel,
1244 1755 1294 1832 qui
1327 1761 1357 1813 et
1392 1752 1561 1831 fragmenta

256 1857 386 1919 Sallustii
410 1877 446 1919 eu
469 1878 505 1919 03
529 1858 661 1919 00310013
685 1858 864 1940 inlustravit,
887 1861 970 1920 etin
995 1861 1072 1920 notis
1096 1877 1160 1938 pag.
1184 1857 1424 1921 13111333.
1450 1862 1560 1921 inscite

255 1965 290 2025 ab
324 1966 389 2027 aliis
421 1965 558 2026 Cornelio
586 1965 730 2027 Frontoni
760 1965 851 2027 tribui
884 1965 963 2027 buno
996 1967 1106 2027 loetum
1140 1966 1289 2048 observat3
1321 1965 1410 2046 idque
1442 1965 1561 2028 Heinsii

257 2075 348 2134 nostri
379 2075 547 2133 testimonio
581 2091 653 2134 usus
686 2076 797 2134 notavit
828 2073 961 2134 Rhodius
992 2072 1028 2134 ad
1062 2072 1195 2134 Scribon.
1228 2073 1354 2152 Largum
1387 2091 1453 2153 pag.
1482 2071 1559 2135 344.

255 2179 327 2240 Eius
351 2186 448 2240 autem
469 2179 617 2259 exemplar
636 2181 836 2260 apographum
855 2180 1024 2242 describere
1044 2158 1200 2261 aliquando
1219 2181 1291 2242 mihi
1310 2181 1393 2241 licuit
1411 2179 1559 2242 beneficio

255 2286 328 2346 Phil.
353 2286 932 2368 11011111,3310113301103331331
961 2291 1039 2350 inter
1067 2289 1121 2350 alia
1149 2289 1279 2349 literaria
1308 2289 1559 2367 peregrinationis

257 2394 371 2455 ltalicae
395 2393 501 2475 spolia,
524 2393 825 2473 (311133033313313
844 2398 968 2475 patriam
988 2396 1089 2476 rediit,
1112 2391 1267 2456 adservat?
1305 2412 1371 2455 nam
1390 2393 1559 2456 1011013311

256 2501 403 2584 exemplo,
427 2520 485 2561 non
510 2500 546 2562 de
571 2520 645 2562 novo
669 2502 806 2563 drusiani
829 2503 997 2583 apographo
1015 2480 1036 2563 3
1060 2502 1199 2564 Borvillio
1229 2502 1304 2563 lacto
1333 2502 1405 2561 haec
1434 2520 1559 2563 narrare

255 2609 477 2670 Burmannnurn
506 2616 579 2689 puto
603 2657 609 2669 .
633 2611 663 2670 13
694 2609 855 2671 Burmanni
882 2619 980 2671 autem
1008 2608 1175 2690 apographo
1204 2609 1412 2683 Bnhnlreu'rus,
1446 2611 1499 2688 qni
1528 2612 1558 2670 13

255 2717 436 2797 313013110110
461 2715 496 2776 31
520 2715 663 2777 Rutilium
687 2715 803 2797 Lupum
827 2736 854 2798 p.
879 2716 969 2777 xxti
994 2726 1024 2778 et
1047 2719 1165 2796 saepius
1193 2719 1223 2776 in
1251 2719 1330 2777 notis
1352 2715 1386 2775 ad
1413 2713 1559 2776 Velleium

255 2810 392 2885 drusiani
416 2821 597 2884 mentionem
621 2824 704 2905 lecit,
734 2824 842 2885 librum
866 2824 971 2904 legisse
996 2824 1113 2884 videtur
1137 2872 1143 2884 .
1167 2823 1251 2903 plura
1280 2826 1343 2903 ipse
1368 2821 1558 2883 burmannus

256 2934 344 2992 variis
372 2931 444 2992 locis
468 2950 504 2991 ex
528 2950 563 2991 eo
587 2930 800 3011 deprompsit.
825 2931 928 2991 eodem
957 2931 1124 3011 apographo
1153 2939 1183 2990 et
1215 2930 1270 2990 alio
1304 2929 1443 3010 quodam,
1477 2931 1558 3009 quod

255 3040 352 3118 ipsum
376 3056 494 3117 quoque
518 3037 707 3098 Burmannus
729 3036 911 3118 possidebat,
936 3056 1008 3098 3333
1032 3047 1077 3098 031
1101 3037 1230 3097 Petrus
1253 3036 1468 3118 Bondamns,
1496 3039 1560 3118 qni,

256 3164 324 3206 cum
347 3138 506 3206 editionem
530 3146 667 3205 drusiani
690 3153 822 3225 pararet,
852 3163 876 3204 a.
903 3141 988 3205 1760
1010 3143 1172 3204 Burmanni
1195 3144 1361 3223 exemplum
1385 3162 1458 3207 cum
1478 3147 1559 3206 nous

256 3251 433 3332 quibusdam
456 3260 486 3311 et
509 3252 689 3311 coniecturis
713 3249 748 3310 ab
769 3249 818 3310 illo
837 3251 943 3312 additis
962 3251 1121 3331 descripsit
1139 3258 1169 3311 01
1187 3250 1309 3312 alterius
1328 3249 1560 3330 discrepantiam

256 3363 286 3420 in
315 3362 445 3438 margine
476 3358 624 3418 adnotavit
648 3406 654 3418 .
678 3359 750 3418 haec
778 3376 866 3419 manu
894 3358 1037 3419 Bondami
1068 3360 1178 3438 3011313
1211 3376 1279 3418 cum
1311 3360 1413 3438 paucis
1445 3357 1561 3420 chartis

257 3487 347 3529 novae
372 3466 509 3527 editionis
537 3466 613 3543 typis
638 3483 809 3546 expressae,
841 3483 929 3545 quam
956 3465 1004 3526 ille
1033 3468 1198 3546 inceperat,
1232 3465 1283 3524 sed
1313 3483 1379 3525 mor
1407 3466 1560 3548 omiserat,

257 3593 335 3635 nunc
358 3576 389 3633 in
413 3572 550 3633 Leidensi
574 3569 750 3631 bibliotheca
774 3580 929 3633 servantur
953 3574 1032 3633 inter
1055 3572 1173 3632 codices
1196 3570 1458 3632 Perizonianos
1483 3570 1528 3633 84
1552 3621 1561 3635 .

256 3680 443 3759 inscriptioni
466 3676 534 3737 11111
558 3695 593 3736 ex
616 3675 816 3755 Neapolitanis
841 3677 993 3738 codicibus
1016 3679 1173 3757 repetitae,
1196 3680 1345 3739 drusiani
1367 3679 1461 3739 Messi
1483 3697 1560 3761 sqq,

256 3787 352 3847 addita
380 3793 426 3845 est
455 3783 604 3843 adnotatio
632 3783 780 3845 Parrhasii
808 3803 897 3864 snpra
926 3784 1029 3865 relata,
1058 3785 1206 3845 drusiani
1232 3804 1251 3845 o
1279 3788 1457 3860 quibuisdam
1487 3789 1559 3847 suh·

255 3898 391 3954 stitutum
415 3899 482 3952 erut
509 3891 643 3950 Cornelii
666 3892 826 3952 Frorrtonr's
850 3893 983 3968 improbe
1007 3939 1013 3951 .
1037 3910 1071 3951 ex
1102 3909 1161 3969 qrio
1190 3900 1311 3971 apparet
1338 3911 1396 3952 non
1425 3894 1560 3972 priorem

257 4001 388 4062 codicem
412 3997 649 4077 Neapolitanum,
673 3998 725 4058 sed
748 3998 830 4060 illum
854 3997 993 4077 alterurn,
1021 4000 1052 4057 in
1080 4016 1139 4077 qrro
1168 4001 1315 4078 scriptura
1344 3998 1495 4080 archetypi
1520 4000 1560 4062 ah

256 4108 335 4170 113113
359 4114 492 4168 00110013
517 4112 593 4184 erat,
622 4102 657 4163 ab
681 4104 803 4166 Heinsio
830 4104 1013 4184 descriptum
1042 4105 1086 4166 vel
1114 4114 1196 4167 certe
1225 4114 1345 4185 praeter
1372 4108 1502 4187 priorem
1527 4110 1559 4169 in

256 4212 451 4276 describendo
484 4211 647 4273 adhibitum
679 4230 745 4272 esse
769 4260 776 4272 .
800 4214 863 4291 ipse
891 4211 1059 4273 Bondamns
1091 4212 1258 4292 apographo
1292 4232 1345 4273 suo
1379 4210 1562 4293 subscripsit

256 4322 337 4403 baec,
357 4317 477 4381 ‘Petrus
495 4320 627 4380 Bondam
647 4337 681 4378 ex
702 4318 877 4398 hpographo
896 4317 1122 4397 Elegantissime
1141 4317 1222 4379 Petri
1241 4319 1402 4379 Burmanni
1418 4318 1562 4403 Secundi,

257 4432 307 4508 qni
330 4427 403 4489 illud
427 4426 625 4506 descripserat
648 4445 683 4486 ex
708 4426 809 4485 codice
833 4424 863 4486 V.
885 4424 1199 4507 (111111110111110,
1225 4427 1370 4508 descripsi
1394 4437 1424 4487 et
1446 4427 1561 4491 absolvi

257 4537 436 4617 Zutphaniae
469 4535 495 4594 d.
529 4534 605 4594 xvir
643 4532 708 4593 13111
741 4527 905 4592 ttnucnx'
944 4581 949 4593 .
987 4533 1092 4594 deinde
1130 4532 1166 4594 de
1211 4542 1338 4613 utroque
1379 4535 1562 4619 apographo,

257 4663 315 4723 quo
348 4663 420 4704 usus
458 4652 534 4722 erat,
575 4645 604 4701 in
647 4640 754 4701 scheda
792 4641 886 4701 codici
927 4643 1055 4720 praelixa
1097 4643 1212 4701 monuit
1252 4641 1337 4722 haec,
1384 4637 1443 4701 ‘Ex
1481 4644 1561 4724 133·

256 4749 366 4829 grapho
400 4748 560 4808 Burmanni
598 4750 752 4828 ipsiusmet
788 4765 876 4807 manu
909 4749 1020 4826 scripto
1057 4748 1200 4828 descripsi
1237 4748 1317 4808 haee.
1369 4748 1448 4808 hlem
1487 4771 1562 4814 voro

256 4856 444 4917 Burmannus
468 4864 498 4914 rt
520 4854 646 4915 alterum
670 4855 896 4914 communicavit
919 4854 1126 4933 dpographurn
1151 4854 1187 4915 ab
1211 4855 1266 4915 alio
1291 4857 1447 4936 scriplum,
1476 4861 1560 4936 quod
