3316 5474
229 397 270 460 ta
763 370 862 452 vanu
881 398 996 453 nonar

227 509 248 545 p.
263 499 322 537 ease.
337 499 362 537 aa
377 498 401 537 P.

229 582 295 642 dam
317 583 430 643 hanon
450 583 586 660 litteram,
609 600 697 659 quam
717 601 807 642 sonus
827 584 1038 642 enuntiationis
1057 583 1175 641 insistit.
1213 600 1280 641 nam
1300 584 1433 660 quamvis
1451 582 1531 642 idem

230 693 315 752 dicut
333 709 392 750 non
412 709 477 750 esse
496 689 675 750 onerandam
694 693 885 769 supervacuis
904 689 1010 750 litteris
1030 691 1232 768 scriptionem,
1251 707 1357 749 rursus
1376 707 1434 749 non
1453 689 1531 749 irau-

228 796 358 856 dandum
381 814 487 857 sonum
511 799 660 875 existimo,
688 815 756 856 eum
779 807 810 856 et
832 796 924 855 levior
948 795 984 855 ad
1007 813 1095 856 aures
1119 804 1149 856 et
1171 796 1287 874 plenior
1309 797 1420 875 veniat,
1445 798 1532 856 utin

229 902 395 964 abstinente
419 924 433 964 s
457 907 632 965 arcessitum
656 912 701 963 est
724 910 755 963 et
777 906 809 963 in
832 903 944 963 ambitu
967 902 994 962 b.
1038 905 1077 962 sit
1099 921 1170 981 ergo
1194 902 1263 962 licet
1286 905 1420 981 coniugis
1443 922 1532 982 gene-

229 1010 288 1069 tivo
312 1028 382 1070 casu
406 1019 436 1070 et
459 1013 583 1090 seiugiS,
612 1013 720 1070 coniux
749 1020 845 1070 tamen
871 1019 901 1070 et
924 1012 1006 1070 seiux
1036 1008 1186 1069 subtracta
1211 1027 1229 1068 n
1253 1009 1351 1069 littera
1374 1017 1404 1069 et
1427 1009 1562 1069 diffini-s

229 1115 286 1175 lius
311 1115 513 1177 enuntiabitur
536 1126 567 1178 et
589 1121 724 1197 asperius
749 1116 870 1176 auribus
894 1116 1015 1176 accidet.
1053 1134 1122 1176 sane
1146 1116 1195 1175 illo
1220 1115 1363 1175 catholico
1388 1134 1420 1175 se
1443 1115 1533 1176 Nisus

230 1230 345 1304 tuetur,
373 1242 432 1302 quo
459 1224 531 1283 dicit
553 1226 583 1283 iu
607 1222 853 1284 declinationibus
877 1241 1039 1298 numquam
1063 1243 1082 1282 rt
1106 1222 1233 1282 litteram
1258 1225 1371 1303 perire,
1397 1241 1471 1301 quae
1496 1225 1536 1282 sit

230 1330 259 1387 iu
283 1331 386 1408 primis
409 1329 615 1409 positionibus
639 1340 672 1389 ut
695 1329 810 1408 pudens
833 1329 982 1410 pudentis,
1005 1328 1137 1407 prudens
1160 1328 1331 1410 prudentia,
1354 1328 1464 1389 decens
1485 1328 1534 1389 de-

230 1437 333 1496 centis.
373 1440 412 1497 ita
437 1439 462 1496 si
485 1439 593 1496 coniux
618 1436 705 1497 habet
729 1456 748 1496 n
770 1436 914 1516 litteram,
938 1438 1153 1517 necessarium,
1176 1437 1287 1518 inquit,
1310 1437 1368 1496 erit
1391 1444 1424 1496 ut
1447 1453 1535 1514 gene-

231 1543 307 1602 tivus
331 1561 449 1621 quoque
470 1563 489 1602 n
508 1543 637 1603 litteram
661 1542 774 1603 habeat.
812 1545 868 1603 etsi
887 1542 916 1601 id
936 1560 1054 1621 quoque
1074 1543 1138 1620 ipse
1158 1549 1292 1620 spectare
1316 1541 1427 1621 debuit,
1451 1560 1535 1602 num-
1552 1557 1577 1596 ro

230 1647 301 1726 quid
329 1648 523 1728 amphiboliae
552 1649 697 1713 tollendae
725 1651 817 1729 gratia
846 1650 1029 1710 consuetudo
1054 1667 1072 1708 n
1096 1648 1226 1709 litteram
1255 1651 1402 1730 omiserit,
1433 1668 1472 1710 ne
1498 1653 1538 1709 sit

230 1753 413 1832 ambIguum,
443 1765 542 1815 utrum
567 1755 603 1814 ab
627 1774 662 1814 eo
686 1756 764 1841 qpod
788 1764 834 1816 est
857 1758 985 1816 coniunx
1011 1755 1157 1836 trabatur,
1185 1764 1219 1815 ut
1241 1760 1281 1816 sit
1303 1775 1318 1815 a
1343 1758 1476 1836 nomine,
1499 1774 1537 1815 au

233 1879 249 1920 a
273 1859 363 1920 verbo
383 1860 460 1938 quod
481 1870 527 1921 est
550 1864 706 1940 coniunge.
743 1880 803 1921 non
827 1881 893 1922 esse
913 1865 983 1921 item
1007 1861 1078 1921 illud
1102 1880 1214 1942 verum,
1238 1862 1315 1941 quod
1341 1862 1459 1941 quidam
1484 1881 1536 1941 pu·

232 1975 304 2047 tant,
327 1967 499 2028 servandam
524 1986 589 2028 esse
614 1971 717 2046 utique
740 1986 759 2027 ιι
783 1966 912 2028 litteram
936 1987 951 2027 a
975 1970 1069 2046 prima
1097 1971 1243 2048 positione
1267 1988 1321 2049 per
1349 1978 1463 2029 ceteras
1487 1967 1537 2028 de·

232 2073 414 2154 clinationes,
437 2074 626 2135 manifestum
646 2083 691 2133 est
711 2073 755 2133 vel
775 2092 810 2133 ex
830 2073 885 2153 his,
909 2073 986 2151 quod
1012 2073 1106 2151 linger
1129 2074 1256 2135 dicimus
1279 2083 1310 2134 et
1332 2084 1429 2155 mmen
1449 2075 1536 2135 lictus
1552 2088 1577 2127 ιι

232 2190 262 2241 et
285 2183 391 2259 pingor
414 2188 444 2240 et
466 2189 565 2240 tamen
589 2183 695 2259 pictus
733 2199 789 2240 neo
808 2199 867 2240 non
887 2188 917 2240 et
935 2183 999 2260 ipsa
1018 2200 1037 2239 n
1056 2180 1153 2241 littera
1173 2184 1203 2241 in
1224 2182 1321 2242 locum
1343 2177 1347 2259 Ι
1368 2200 1397 2240 m
1416 2184 1538 2241 litterae

232 2286 374 2368 succedit,
397 2294 431 2346 ut
450 2306 517 2348 cum
541 2287 668 2347 dicimus
692 2287 916 2364 clandestinum,
940 2305 1008 2347 cum
1028 2286 1063 2346 ab
1082 2306 1117 2348 eo
1138 2287 1272 2348 trabatur
1290 2287 1370 2367 quod
1389 2295 1434 2346 est
1452 2286 1538 2367 clam,

234 2396 304 2454 item
328 2395 467 2474 sinciput,
491 2394 569 2473 quod
596 2403 641 2454 est
665 2397 835 2473 semicaput.
877 2393 928 2452 sed
953 2412 1012 2453 non
1037 2392 1146 2473 ubique
1170 2394 1372 2455 obtinendum.
1416 2412 1483 2454 nam
1508 2401 1538 2453 et

233 2518 292 2560 non
317 2518 477 2578 numquam
500 2500 617 2579 plenius
641 2519 732 2579 pern
757 2479 844 2579 quam
868 2518 923 2578 per
940 2517 969 2558 m
994 2503 1175 2578 enuntiatur,
1198 2510 1231 2560 ut
1255 2519 1323 2560 eum
1347 2499 1413 2559 dieo
1437 2495 1537 2560 ‘etiam

232 2601 337 2686 nunc',
366 2608 498 2685 quamvis
525 2625 579 2686 per
602 2626 630 2667 m
654 2607 795 2688 scribam,
825 2609 924 2667 nescio
953 2625 1011 2685 quo
1040 2607 1127 2666 modo
1155 2615 1254 2666 tamen
1283 2608 1449 2687 exprimere
1478 2619 1579 2665 nonao

232 2732 362 2792 possum.
405 2713 555 2791 sequenda
579 2722 625 2774 est
649 2732 717 2773 vero
742 2732 801 2773 non
826 2731 987 2791 numquam
1016 2712 1159 2792 elegantia
1188 2711 1372 2773 eruditorum
1397 2714 1539 2794 virorum,

248 2928 258 2945 .
322 2884 413 2939 eodm
434 2883 583 2938 Parrhasii
632 2884 745 2939 edicat
763 2901 812 2939 ont.
904 2883 1069 2938 3ueniatur
1087 2883 1116 2937 in
1135 2883 1295 2938 abstinente
1314 2884 1477 2939 arcessitum
1496 2887 1540 2938 est

232 2966 265 3017 ut
282 2963 311 3017 in
330 2964 499 3018 ambitumb
518 2963 542 3016 si
561 2979 628 3032 erga
646 2963 713 3018 lieet
786 2969 972 3032 'lnumquam
989 2983 1007 3017 n
1021 2981 1071 3019 ont.
1145 2964 1363 3019 anecessariam
1378 2965 1470 3035 inquit
1485 2965 1539 3021 erit

233 3045 263 3097 et
280 3043 422 3113 genitinus
442 3060 553 3112 quoque
572 3062 590 3096 n
613 3043 740 3098 litteram
763 3045 867 3098 habeat
885 3047 917 3099 nt
940 3046 976 3099 sit
995 3046 1070 3115 quod
1092 3044 1183 3115 ipsam
1207 3046 1334 3113 spectare
1354 3045 1452 3100 debuit
1474 3062 1539 3100 nam

234 3124 302 3193 quid
320 3123 508 3195 amphilogiae
527 3125 605 3192 (corr.
626 3127 657 3178 ia
675 3142 759 3194 merp.
780 3123 969 3194 amphiboliae
988 3128 1013 3191 c)
1037 3123 1179 3179 tollendae
1204 3124 1311 3193 gratiae
1330 3125 1502 3180 consuetudo
1520 3145 1539 3179 n

232 3203 357 3258 litteram
377 3204 522 3259 omiserint
540 3205 703 3274 ambiguum
778 3211 809 3258 12
829 3206 861 3258 ut
879 3204 1021 3258 anomine
1096 3203 1254 3273 aruaque]
1275 3203 1386 3274 utrique
1459 3211 1492 3259 16
1511 3206 1540 3259 et
1600 3268 1602 3272 Α

233 3286 327 3353 tamen
346 3284 464 3354 pinguor
484 3287 624 3339 ettamen
643 3285 735 3353 pietus
755 3283 788 3337 0:
807 3285 902 3338 tamen
918 3284 1014 3352 prime
1032 3286 1088 3339 loco
1107 3284 1275 3353 expromite
1351 3282 1382 3338 in
1399 3285 1493 3339 locum
1511 3303 1541 3337 m

233 3364 307 3419 redit
389 3371 421 3418 18
440 3365 620 3420 obtinendam
704 3371 735 3418 19
756 3364 787 3416 ut
805 3363 880 3433 cum]
900 3379 933 3417 ae
952 3365 1012 3417 tum
1093 3369 1126 3417 at
1146 3362 1270 3434 possum]
1289 3367 1407 3432 possunt
1487 3365 1540 3418 ele-

236 3443 361 3514 gantiam

326 3583 341 3629 1
361 3577 458 3646 quam]
479 3591 535 3643 qua
553 3574 580 3628 R
667 3576 739 3629 Nam
760 3577 886 3644 quamuis
904 3576 979 3630 idem
998 3575 1039 3629 ait
1057 3593 1113 3630 non
1132 3594 1193 3631 esse
1212 3576 1382 3631 onerandam
1400 3577 1440 3632 R:
1460 3579 1494 3645 ef.
1512 3595 1540 3647 p.

133 3687 136 3692 ·
236 3661 281 3722 55,
296 3661 313 3710 3
326 3658 433 3725 negant
446 3653 615 3709 onerandam
631 3654 757 3723 pluribus
771 3655 874 3710 litteris
889 3653 1071 3724 scriptionem
1143 3663 1159 3710 2
1173 3672 1229 3710 non
1243 3654 1429 3711 fraudandum
1443 3674 1541 3713 sonum

234 3734 364 3790 existimo
383 3735 440 3788 suis
459 3735 561 3788 litteris
580 3736 743 3789 Schmitziue
761 3736 831 3789 stud.
852 3737 969 3803 ortlmep.
987 3753 1015 3803 p.
1035 3741 1073 3789 12
1092 3753 1125 3791 ex
1145 3735 1315 3793 emundarit
1332 3740 1465 3807 excerptis

236 3822 251 3868 3
271 3817 302 3869 ut
320 3816 350 3869 in
368 3813 527 3869 abstinente
544 3815 706 3869 arcessitum
726 3816 782 3882 est,
801 3815 880 3868 utin
894 3812 1032 3868 ambitum
1046 3813 1076 3868 B.
1105 3815 1127 3869 si
1147 3833 1213 3886 ergo
1233 3817 1300 3872 lieet
1318 3817 1445 3888 coniugis
1465 3818 1541 3887 geni-

237 3894 297 3949 tino
317 3895 394 3949 casui
412 3894 447 3949 R.
476 3893 505 3947 in
524 3895 667 3949 abstinens
688 3913 700 3948 s
720 3894 882 3949 arcessitum
901 3896 942 3950 oet
960 3894 989 3948 in
1008 3894 1165 3949 abstinente
1189 3896 1352 3951 arcessitum
1372 3900 1415 3952 est
1433 3917 1446 3951 s
1466 3897 1541 3951 Gom·

235 3976 351 4029 aselinus
441 3979 456 4027 7
479 3973 509 4027 in
532 3973 766 4029 declinationibus
788 3973 913 4028 litteram
932 3974 1022 4043 perire
1041 3974 1083 4043 R,
1106 3975 1135 4029 in
1154 3975 1389 4031 declinationibus
1414 3974 1543 4030 litteram

234 4070 291 4108 non
309 4054 400 4123 perire
414 4055 519 4107 Iunius
590 4059 607 4108 8
626 4054 727 4108 decens
747 4054 871 4108 decentis
884 4071 934 4109 om.
949 4055 977 4108 R
1048 4062 1064 4109 9
1084 4057 1128 4110 lta
1147 4056 1169 4109 si
1189 4056 1309 4111 coniunx
1326 4056 1414 4110 habet
1428 4075 1446 4109 n
1464 4055 1541 4110 litte·

236 4152 309 4205 ram,
329 4133 514 4191 necessarium
532 4132 629 4202 inquit
643 4134 709 4202 erit,
730 4137 759 4188 et
777 4133 918 4202 genitium
937 4152 1049 4204 quoque
1068 4155 1086 4190 n
1104 4137 1228 4191 litteram
1247 4137 1364 4203 habeat,
1382 4135 1469 4190 nteit
1487 4151 1542 4204 quo

236 4216 299 4286 ipsa
312 4218 436 4286 spectare
452 4213 561 4268 debuit:
580 4230 646 4268 nam
661 4215 735 4281 quod
754 4213 945 4283 amphiboliae
960 4215 1100 4271 tollendae
1120 4217 1213 4286 gratia
1231 4216 1402 4271 consuetudo
1425 4233 1444 4267 ιι
1467 4215 1543 4268 litte

236 4312 297 4348 ram
316 4296 454 4362 omiserit,
474 4294 650 4363 ambiguum:
669 4312 765 4349 rerum
784 4296 820 4350 ab
839 4313 872 4350 eo
891 4297 966 4365 quod
985 4299 1028 4350 est
1047 4297 1166 4351 coniunx
1190 4295 1319 4350 trahatur
1338 4299 1370 4352 ut
1394 4311 1412 4348 a
1430 4293 1542 4348 nomine

238 4392 273 4429 an
288 4392 305 4428 a
318 4377 415 4442 verbo,
430 4375 505 4443 quod
524 4378 567 4429 est
580 4375 733 4446 coniunge,
752 4393 808 4431 non
823 4393 891 4432 esse.
920 4379 992 4432 Item
1006 4377 1077 4431 illud
1091 4394 1201 4444 verum,
1221 4375 1296 4444 quod
1310 4374 1424 4444 quidam
1438 4374 1543 4444 putant

238 4456 401 4511 seruandam
422 4472 482 4511 esse
501 4456 611 4524 utrique
630 4475 649 4510 n
666 4457 792 4514 litteram
811 4457 851 4525 R,
875 4457 924 4511 ubi
947 4455 1110 4525 ambiguum
1128 4459 1222 4510 utrum
1240 4457 1277 4511 ab
1300 4455 1471 4510 ambasciam
1489 4469 1543 4506 esse

238 4539 344 4590 monuit
363 4536 542 4591 Oommelinus
632 4543 664 4591 14
687 4539 785 4608 utique
808 4538 980 4593 enitendum
997 4550 1051 4590 esee
1068 4537 1139 4590 uidit
1158 4537 1293 4591 Semlerae
1379 4542 1412 4590 16
1430 4534 1542 4604 pingor]
1651 4543 1657 4552 '

238 4616 358 4686 pinguor
375 4615 415 4685 R,
433 4615 535 4688 pingor
553 4616 733 4672 Gornmelinue
805 4618 834 4671 in
852 4617 945 4671 locum
963 4634 991 4669 m
1010 4616 1084 4671 redit
1101 4616 1129 4670 R
1202 4623 1234 4671 19
1254 4615 1416 4671 enuntiatur
1431 4632 1465 4670 ae
1483 4616 1543 4668 tum

238 4695 301 4750 dieo
319 4695 405 4750 etiam
422 4714 495 4751 nune
512 4695 554 4762 R,
572 4696 622 4749 obi
640 4712 703 4749 cum
721 4697 784 4750 dieo
803 4695 889 4750 etiam
907 4713 980 4749 nunc
1006 4697 1047 4750 oet
1069 4695 1223 4750 etiamnum
1241 4695 1383 4764 iepatdum
1401 4696 1544 4750 adnotavit

240 4775 419 4830 Coromelinue
471 4781 506 4829 20
524 4792 580 4829 non
598 4775 706 4844 possint
719 4774 755 4842 lt,
773 4790 829 4829 non
844 4775 950 4844 possim
966 4775 1147 4830 Oommelinua
1200 4780 1234 4827 21
1254 4774 1398 4844 sequenda
1413 4776 1458 4830 est
1476 4791 1544 4830 non·

239 4871 382 4922 nunquam
400 4855 539 4924 elegantia
557 4853 743 4920 eruditorum,
762 4853 837 4923 qnod
855 4855 991 4921 quasdam
1009 4854 1037 4907 R
