3316 5474
124 332 127 337 ‘
165 354 231 418 504
655 353 829 410 narsum
847 354 967 411 naseu

164 465 187 502 p.
201 454 246 496 158.
262 455 301 496 ast
316 455 340 495 Ia.

252 539 440 602 Postremum
463 539 558 619 rides,
585 539 616 599 id
645 549 691 601 est
720 542 877 600 novissime
907 538 1002 621 vides,
1030 538 1096 600 Ter.
1120 537 1236 599 Andria
1264 540 1444 615 (111,22)
1465 542 1495 600 si

163 647 197 708 id
221 647 324 729 iacis,
347 647 453 708 bodie
476 656 699 727 postremum
724 664 775 707 me
799 646 928 707 vides.

252 754 309 814 Per
337 763 467 835 tempus,
495 754 523 815 id
552 762 598 813 est
626 761 805 833 opportune,
833 752 900 813 Ter.
924 752 998 814 And.
1026 752 1210 827 (17144)
1241 772 1263 815 o
1297 754 1494 835 Chremes,

164 880 228 941 per
251 871 392 942 tempus
415 860 565 922 advenis
590 854 622 940 ,Ι

251 968 362 1029 Praeeo
400 966 467 1049 tibi,
503 966 562 1026 Cio.
600 966 636 1025 de
673 966 760 1027 domo
798 985 851 1027 sua
888 967 1030 1040 (52,133)
1064 975 1124 1027 aut
1161 966 1251 1026 mibi
1297 970 1514 1049 praeeatiss

162 1086 299 1156 postem
324 1076 481 1135 teneatis
505 1121 512 1134 .

250 1182 328 1244 Pluit
351 1180 398 1241 illa
422 1199 468 1262 re,
491 1180 576 1260 Verg.
600 1199 699 1259 georg.
723 1179 777 1241 llll
801 1180 874 1252 (80)

751 1306 818 1348 non
842 1286 988 1347 densior
1011 1292 1092 1347 aere
1115 1286 1255 1364 grando

366 1415 429 1457 noo
452 1395 494 1455 de
518 1412 692 1456 concussa
717 1402 852 1455 tautum
876 1393 969 1474 pluit
991 1392 1075 1454 ilice
1099 1391 1244 1472 glandis
1270 1440 1279 1456 .

251 1503 368 1574 Qireror
386 1502 464 1562 illam
484 1520 561 1582 rem,
584 1500 670 1581 Verg.
690 1501 761 1562 den.
780 1500 791 1560 l
811 1500 903 1574 (385)
923 1518 986 1561 nec
1004 1499 1106 1579 plura
1124 1486 1367 1579 querentem'
1379 1520 1519 1584 passae

162 1609 293 1691 Venus,
318 1609 374 1670 Sal.
399 1607 498 1669 bisul
523 1626 597 1670 nam
623 1606 738 1687 Syllae
763 1606 1040 1669 dominationem
1064 1608 1168 1686 queri
1193 1625 1265 1668 non
1291 1609 1484 1672 audebat.

161 1735 272 1795 queror
295 1717 331 1776 de
355 1715 468 1795 litare,
492 1713 551 1775 Cle.
570 1733 624 1793 pro
645 1714 780 1776 Cluentio
800 1716 899 1790 (5,l3)
924 1713 983 1775 sed
1008 1714 1185 1776 nefarium
1209 1719 1348 1778 matris
1375 1718 1482 1798 pelli·

161 1832 278 1884 saturn
302 1824 398 1883 lerre
423 1840 490 1882 non
514 1830 649 1902 posset,
673 1820 714 1882 de
734 1840 802 1900 quo
821 1841 864 1882 ue
884 1823 987 1901 queri
1006 1819 1149 1900 quidem
1168 1839 1205 1881 se
1226 1825 1310 1883 sine
1331 1825 1479 1887 scelere

160 1929 405 1989 arbitraretur
429 1976 435 1988 .
459 1947 570 2006 queror
593 1936 692 1988 tecum
715 1947 769 2008 pro
793 1928 869 2007 apud
894 1937 936 2009 te,
960 1929 1019 1989 llio.
1043 1946 1097 2007 pro
1116 1925 1212 2008 Oppio
1237 1940 1477 2012 questusque

161 2054 295 2096 meeum
323 2044 378 2096 est
401 2083 407 2096 .
432 2035 562 2115 querella
590 2045 636 2095 est
664 2036 733 2095 iacti
761 2037 818 2115 tui,
847 2034 906 2095 Cic.
930 2037 959 2094 in
988 2034 1125 2095 Pisonem
1148 2036 1225 2110 (LI)
1254 2038 1327 2098 iam
1359 2039 1511 2119 videsis

160 2143 294 2223 bellua,
321 2145 434 2203 iamne
463 2144 591 2222 sentis,
619 2161 708 2221 quae
737 2144 784 2201 sit
814 2141 993 2201 bominum
1016 2140 1177 2221 querella
1201 2143 1341 2205 frontis
1369 2142 1474 2207 tuae?

249 2249 344 2331 Quae,
368 2247 489 2329 malum,
512 2251 567 2308 ista
592 2250 666 2309 ratio
685 2258 731 2308 est
750 2268 767 2304 s
786 2249 876 2326 igitur
896 2250 950 2308 ista
970 2250 1058 2329 ratio,
1081 2265 1148 2308 cum
1167 2256 1321 2311 statueras
1341 2254 1472 2333 eripere,

160 2357 195 2416 ad
223 2359 360 2418 iniuriam
389 2355 534 2436 eripiendi
563 2355 695 2415 fraudem
724 2355 845 2416 sceleris
868 2355 1042 2437 adiungere,
1070 2354 1137 2414 Ter.
1165 2354 1271 2418 lleaut.
1296 2359 1354 2430 (ΙΙ
1374 2360 1470 2433 3,77)

160 2482 247 2543 quas
275 2463 400 2524 malum
429 2461 592 2540 ambages
620 2461 705 2522 milri
735 2480 881 2522 narrare
907 2463 1055 2541 insipit,
1082 2460 1468 2538 idemmro.(1t'7‚10)

160 2573 219 2650 qul
243 2570 370 2631 rualum
393 2568 454 2630 alii
479 2616 485 2628 .
1480 2590 1505 2630 si

248 2677 373 2748 Quietus
396 2675 431 2736 ab
456 2675 513 2736 illis
537 2674 640 2754 rebus,
669 2674 726 2735 Sal.
751 2674 818 2735 hist.
841 2674 853 2733 l
878 2676 1034 2753 quietam
1064 2693 1079 2734 a
1107 2673 1216 2736 bellis
1244 2678 1467 2740 civitatem.

159 2787 243 2863 quies
258 2784 374 2844 illarum
390 2801 499 2863 rerum,
518 2781 601 2857 Verg.
621 2801 701 2860 geor.
721 2781 772 2842 llll
794 2781 884 2855 (181)
904 2781 1067 2842 omnibus
1086 2801 1153 2843 una
1177 2785 1281 2861 quies
1305 2803 1465 2864 operum.

247 2890 374 2962 Quicum
402 2909 455 2970 pro
484 2909 551 2950 eum
580 2907 652 2968 quo,
680 2888 740 2947 llic.
769 2907 822 2967 pro
847 2887 968 2958 Quintio
997 2889 1100 2963 (d,25)
1128 2890 1272 2968 quicum
1308 2890 1377 2952 tibi
1410 2910 1465 2953 so·

158 3000 271 3058 cletas
295 2996 466 3057 adfinitas
490 3004 566 3056 erat
590 3042 596 3054 .
621 2997 740 3073 (quicum
764 3012 818 3072 pro
843 3013 911 3055 cum
935 3014 1005 3075 qua,
1029 2995 1113 3075 l'erg.
1137 2999 1208 3057 Aen.
1232 2994 1272 3055 xl
1297 2997 1397 3070 (320)

636 3102 760 3162 Accam
784 3120 824 3161 ex
848 3103 1061 3181 aequalibus
1084 3122 1198 3184 unam,
1477 3122 1502 3163 aa

420 3212 565 3289 quicum
590 3210 720 3289 partiri
744 3226 848 3269 ouras
871 3218 976 3287 atque
1000 3213 1049 3271 ita
1073 3213 1169 3271 iatur
1193 3259 1199 3271 .

246 3338 337 3392 Ooaoo
360 3337 510 3392 Parrhasii
550 3344 563 3390 1
589 3335 706 3406 Andria]
730 3335 801 3390 adel.
825 3334 936 3403 andria,
963 3338 1009 3390 sed
1032 3338 1115 3392 deleto
1138 3337 1208 3393 adel.
1301 3344 1318 3391 5
1341 3338 1463 3412 Praese]

158 3417 227 3473 Prae
312 3418 434 3488 praeatis
521 3423 554 3470 10
574 3417 664 3480 Quero
679 3418 771 3486 primo
790 3418 846 3471 loeo
932 3424 964 3473 13
989 3437 1045 3473 non
1068 3421 1163 3488 posset
1184 3418 1241 3472 scel
1266 3418 1302 3472 de
1320 3436 1393 3488 quo,
1415 3422 1465 3475 aed

157 3501 241 3554 deleto
260 3498 317 3554 scel
417 3503 450 3550 15
468 3497 497 3550 in
516 3497 615 3552 Pisone
639 3497 694 3552 iam
718 3497 816 3552 videns
839 3498 933 3553 bellua
955 3499 1086 3553 iam-nee
1109 3497 1195 3552 sentis
1283 3505 1315 3554 17
1339 3502 1462 3573 malum]

156 3578 265 3647 malim,
285 3579 347 3633 item
362 3584 457 3647 posteo
476 3586 510 3633 19
529 3585 554 3633 et
572 3584 612 3634 20
683 3583 717 3632 25
737 3579 852 3650 Accam]
872 3580 913 3633 Ac
932 3597 995 3634 oum

246 3710 261 3758 b
280 3706 312 3757 ut
331 3703 400 3757 mihi
418 3703 557 3771 praeeatis
575 3706 739 3773 postemque
761 3703 881 3758 teneatis
900 3703 1007 3769 Cicero,
1029 3704 1102 3772 qaod
1124 3704 1182 3773 ipse
1199 3703 1363 3759 Arusianus
1386 3706 1462 3778 topia,

156 3787 205 3837 aut
224 3782 293 3836 mihi
312 3783 450 3852 praeeatis
468 3788 518 3838 aut
542 3788 650 3853 postem
672 3784 791 3838 teneatis
809 3801 842 3839 ex
863 3783 889 3837 G
907 3784 993 3839 edidit
1011 3784 1219 3838 Lindemannua
1303 3787 1462 3859 praeeatis]

156 3864 276 3934 pareatis
300 3865 401 3918 codices
425 3863 562 3918 Cicero-uis
653 3871 683 3917 11
710 3861 764 3917 Sal.
789 3862 854 3917 bist.
878 3862 902 3933 I]
928 3862 1000 3916 Dori.
1019 3864 1050 3917 in
1071 3861 1130 3916 Ter.
1152 3862 1263 3918 Pborra.
1284 3864 1328 3918 ΙΙ
1343 3870 1414 3933 3,24
1431 3870 1464 3923 et

156 3943 304 3997 Sallustius
324 3943 399 3998 ‘nam
419 3945 512 4014 Syllae
531 3944 749 3999 dominationem
768 3943 847 4011 queri
865 3957 921 3996 non
939 3942 1084 4008 audebat’,
1103 3943 1133 3996 et
1149 3940 1322 4012 interpositis
1340 3945 1461 4014 quibus·

154 4024 220 4078 dam
243 4023 368 4092 seqnitur
394 4025 462 4094 ‘qua
484 4025 625 4090 offensus’,
654 4025 707 4078 hoo
730 4025 775 4078 est
797 4022 988 4077 dominatione
1011 4022 1105 4091 Syllae
1123 4065 1130 4077 .
1150 4040 1216 4077 nom
1238 4024 1282 4077 ita
1308 4025 1366 4091 sere
1393 4027 1462 4082 baec

154 4105 322 4159 emendanda
344 4110 409 4158 sunt
430 4147 436 4158 .
454 4106 531 4174 apud
549 4107 721 4159 drusianam
740 4103 868 4158 Sallustii
889 4104 1038 4172 aseruplum
1061 4120 1118 4157 aori
1139 4103 1262 4157 indicato
1284 4103 1356 4158 libro
1379 4122 1414 4160 ea
1433 4105 1462 4161 d

153 4186 277 4240 ediderat
290 4185 498 4240 Liadernanous
571 4192 603 4239 13
623 4203 650 4240 se
670 4185 729 4239 sine
747 4185 851 4240 scelere
869 4201 949 4255 posse
968 4184 1151 4240 arbitraretur
1168 4185 1209 4238 oei
1226 4183 1285 4238 sine
1304 4183 1413 4241 scolere
1430 4204 1461 4243 se

153 4281 234 4335 posse
254 4264 436 4320 arbitraretur
454 4267 557 4320 codices
576 4265 714 4319 Ciceronis
788 4270 819 4318 lb
839 4264 896 4318 iam
914 4265 992 4333 inde,
1012 4266 1118 4333 bellua,
1140 4265 1199 4319 iam
1216 4280 1252 4317 ne
1270 4263 1358 4319 sentis
1377 4284 1414 4322 aa
1433 4268 1462 4323 G

153 4347 239 4402 edidit
257 4346 478 4412 Liaderaaanus,
496 4346 587 4401 iamne
607 4347 658 4415 (uel
676 4343 743 4413 iam)
767 4344 845 4399 vides
867 4346 952 4399 belua
973 4345 1066 4402 manne
1090 4347 1176 4401 sentis
1194 4345 1297 4400 codices
1317 4344 1462 4405 Ciceronis

189 4432 222 4479 17
243 4425 320 4490 Quae
343 4427 460 4497 malum]
487 4426 541 4479 Cio.
563 4425 685 4493 Philipp.
706 4424 737 4476 X
755 4430 820 4490 9‚1s
844 4441 929 4493 quae,
953 4427 1072 4496 malum,
1096 4430 1139 4482 est
1160 4427 1215 4482 ista
1237 4425 1324 4495 ratio,
1347 4444 1462 4500 semper

153 4505 266 4575 optimis
285 4506 375 4561 causis
394 4510 588 4561 veteranorum
607 4522 708 4559 nomen
723 4511 880 4575 opponere?
890 4507 996 4575 reliqua
1009 4508 1082 4561 aude
1093 4509 1180 4576 petita
1192 4508 1263 4571 urst,
1280 4522 1338 4560 non
1351 4515 1462 4565 conam

191 4590 223 4638 19
242 4584 354 4656 insipit]
373 4586 477 4656 occipit
493 4585 636 4640 Terentius
707 4591 741 4640 23
757 4585 837 4640 iussit
849 4584 924 4639 bona
938 4584 1071 4655 proscribi
1085 4585 1158 4651 eius,
1177 4584 1290 4655 quicum
1309 4584 1461 4645 familiari·

153 4665 196 4717 tas
215 4664 320 4728 fuerat,
344 4665 461 4719 societas
481 4668 554 4733 erat,
578 4665 707 4720 adfinitas
726 4665 821 4720 liberis
840 4663 921 4719 istius
940 4664 1011 4718 vivis
1030 4664 1127 4719 divelli
1145 4664 1223 4719 nullo
1243 4666 1326 4720 modo
1345 4672 1463 4736 poterat

154 4742 246 4797 Cieero
317 4751 351 4798 25
371 4748 474 4800 Accam
494 4763 526 4800 ex
545 4746 709 4813 aequalibus
727 4764 810 4800 unam
830 4745 1010 4816 Adloquitur,
1037 4747 1093 4799 fida
1115 4750 1180 4800 ante
1203 4746 1274 4800 aliae
1297 4765 1372 4816 quae
1399 4753 1462 4808 sola

154 4823 301 4893 Camillae,
321 4825 438 4890 Quicum
457 4826 556 4894 partiri
576 4843 669 4894 curras,
688 4830 772 4896 ablue
791 4828 860 4881 haee
879 4828 920 4881 ita
938 4826 1013 4881 satur
1038 4827 1175 4897 Veratius
