3316 5474
622 326 670 380 DE
690 326 978 382 OMTHOGRAPHIA
1385 329 1450 394 279

146 443 168 480 ρ.
182 427 241 467 amo.
255 428 281 467 aa
295 426 320 466 Ρ.

235 510 315 572 Metu
339 514 383 573 tui
406 519 437 572 et
459 519 519 572 tuo.

234 617 372 679 Materies
399 620 592 679 artificiorum
620 628 678 700 est,
706 622 828 680 materia
853 618 1055 681 consiliorum.
1099 620 1148 681 alii
1178 628 1282 681 contra
1314 622 1451 682 reserant

145 727 299 786 materiem
329 744 395 786 esse
426 727 529 805 animi,
555 723 560 806 Ι
587 729 740 787 materiam
772 726 902 808 arboris3
939 729 1091 787 materiem
1122 726 1292 806 qualitatem
1328 730 1449 808 ingenii,

145 834 298 892 materiam
322 830 413 892 labris
437 840 542 912 aptam.

116 952 130 992 ⁶
232 938 294 999 Mas
313 941 343 999 in
362 941 523 1019 positione,
547 939 696 1000 masculus
714 942 744 1000 iu
764 928 975 1020 diminutione,
998 958 1057 999 non
1072 939 1242 1022 mascelino,
1266 949 1299 1001 ut
1317 941 1444 1019 quidam.

143 1054 148 1060 '
232 1044 365 1127 Museus,
393 1045 484 1107 herba
513 1064 588 1125 quae
616 1048 646 1107 in
669 1046 833 1126 parietibus
857 1045 902 1106 vel
930 1048 960 1106 in
984 1045 1146 1106 corticibus
1169 1046 1309 1108 arborum
1332 1046 1446 1128 haeret,

143 1151 333 1231 singulariter
365 1161 479 1213 tantum
506 1155 643 1235 ellertur,
677 1156 817 1213 memoria
847 1152 957 1213 malitia
986 1170 1122 1212 murmur
1152 1153 1295 1214 similiter.
1339 1155 1444 1235 minae,

142 1258 311 1340 manubiae,
339 1262 470 1342 moenia,
497 1259 632 1340 mapalia,
664 1279 739 1339 quae
768 1270 838 1320 sunt
872 1278 956 1320 casae
984 1258 1134 1340 dirorum,
1167 1259 1291 1339 pluralia
1317 1278 1443 1340 semper.

142 1383 222 1425 mare
250 1366 394 1446 pluralem
422 1385 580 1428 numerum
604 1385 662 1426 non
691 1366 780 1427 habet
807 1368 864 1427 nisi
892 1374 1006 1427 mutiam
1034 1368 1135 1430 maria.
1171 1366 1229 1427 mel
1257 1375 1287 1427 et
1314 1365 1442 1427 mulsum

100 1487 127 1526 ιο
135 1451 171 1532 ἐὶ
195 1475 304 1552 muria,
326 1472 356 1533 id
376 1482 421 1533 est
444 1491 544 1555 garos,
568 1482 599 1534 et
617 1482 716 1534 cetera
734 1472 844 1552 liquida
861 1475 992 1553 pretiosa
1012 1480 1126 1533 tantiam
1145 1472 1317 1555 singularia,
1341 1472 1441 1552 quadr·

140 1580 184 1638 vis
208 1579 292 1639 meMa
316 1588 346 1640 et
370 1581 434 1639 vina
457 1580 598 1658 legamus.

228 1685 342 1747 Mature
358 1665 509 1747 maturius
517 1688 715 1748 maturissime
730 1686 898 1747 dicendum.
917 1687 1084 1747 invenimus
1100 1696 1196 1748 tamen
1212 1687 1288 1767 apud
1303 1695 1441 1748 auctores

140 1793 228 1853 etlam
250 1795 423 1853 maturrime
447 1792 567 1855 dictum.
1055 1804 1064 1810 ’

227 1899 327 1959 Manio
351 1903 449 1961 munis
472 1903 639 1981 perlectum
663 1903 732 1961 iacit
754 1902 847 1960 munii
871 1910 902 1960 et
925 1903 1043 1961 munivi.

96 2021 124 2061 1⁵
226 2005 346 2067 Memini
366 2008 525 2068 meministi
545 2010 678 2069 meminit
698 2009 885 2069 meminimus
900 2009 1075 2068 meministis
1090 2009 1291 2068 meminerunt
1307 2016 1337 2068 et
1356 2025 1439 2087 prae·

138 2115 215 2173 senti
238 2122 371 2194 tempore
395 2123 426 2175 et
448 2117 608 2195 praeterito
631 2114 764 2194 perlecto
788 2131 848 2174 utro
867 2113 1031 2193 eodemque
1051 2113 1138 2174 modo
1162 2111 1335 2173 declinatur.
1372 2112 1439 2173 ideo

137 2229 311 2300 corruptum
336 2222 396 2280 sive
421 2221 599 2283 delectivum
623 2231 752 2281 vocatur.
804 2239 811 2250 ·

225 2326 339 2388 Mulceo
358 2336 392 2387 et
415 2326 533 2406 mulgeo
555 2329 586 2387 iu
606 2345 698 2386 unum
722 2327 888 2406 perlectum
912 2329 1035 2387 veniunt
1058 2327 1154 2387 mulsi.

224 2433 360 2494 Maiestas
383 2452 451 2494 cum
475 2433 582 2494 scribis
605 2442 657 2493 aut
680 2433 768 2513 dicis,
792 2451 806 2492 s
830 2432 977 2492 secundae
997 2432 1122 2512 syllabae
1142 2433 1312 2513 complicari
1335 2433 1438 2516 debet3

94 2541 178 2600 sosio
201 2543 231 2601 iu
255 2539 409 2602 similibus.

224 2646 364 2708 Miramur
387 2665 491 2728 opera,
514 2645 695 2707 admiramur
718 2647 851 2707 virtutes.

223 2755 352 2815 Minores
376 2773 442 2815 esse
466 2773 515 2814 res
544 2754 657 2833 aliquas
680 2762 731 2815 aut
758 2753 893 2814 homines
922 2752 1061 2835 dicimus,
1084 2755 1207 2814 minoris
1230 2763 1362 2834 emptum
1386 2765 1437 2816 aut

134 2863 320 2922 aestimatam
345 2864 495 2941 quippiam
519 2870 600 2922 recte
624 2861 792 2921 scribimus.

221 2973 357 3038 ‘Memini
381 2995 426 3037 me
451 2972 565 3037 lacere'
588 2976 688 3038 dicere
707 2975 864 3057 debemus,
888 2995 947 3036 non
972 2971 1109 3038 ‘memini
1128 2996 1174 3037 me
1198 2973 1328 3039 iecisse'.
1369 2996 1435 3039 nam

92 3096 119 3136 2⁵
133 3085 254 3143 memini
272 3102 371 3144 sermo
390 3092 437 3144 est
455 3092 536 3144 totus
553 3085 708 3163 praeteriti
728 3085 879 3163 temporis,
893 3085 944 3162 qui
963 3092 1139 3145 anteactam
1160 3088 1273 3145 remia
1290 3104 1433 3166 praesens

131 3202 264 3269 revocat,
292 3200 322 3252 et
349 3193 375 3250 si
402 3191 512 3251 dixeris
536 3185 673 3251 ‘memini
700 3208 747 3251 mc
776 3185 907 3284 lepisse',
935 3189 994 3250 duo
1021 3195 1181 3269 praeterita
1204 3192 1293 3253 simul
1316 3195 1430 3272 iungis:

132 3294 277 3376 Vergilius
301 3315 360 3358 uno
384 3304 498 3357 tautum
522 3296 586 3356 loco
611 3289 729 3378 (peorg.
754 3294 923 3374 1111125)

290 3439 439 3500 namque
463 3422 528 3483 snb
552 3421 720 3482 Oebaliae
743 3422 889 3481 memini
913 3440 963 3481 me
988 3421 1151 3483 turribus
1175 3423 1258 3484 altis

291 3526 479 3607 Corycium
503 3531 636 3591 vidisse
660 3547 794 3611 senem,

88 3650 208 3729 eoquod
232 3660 336 3730 poetae
360 3671 414 3731 pro
436 3656 612 3716 necessitate
635 3656 723 3715 metri
748 3671 891 3734 usurpare
914 3652 1006 3714 licuit.

130 3817 339 3824 -ὴ

218 3915 330 3966 lmebu
345 3914 381 3967 M
398 3913 474 3967 meto
488 3917 566 3972 §PL
619 3914 834 3971 transilieram
848 3915 877 3968 P
926 3914 1022 3970 etalii
1042 3919 1140 3970 eontra
1159 3917 1197 3970 M
1249 3919 1430 3973 3materiam

129 4006 188 4045 ease
211 3989 298 4044 animi
321 3985 468 4048 materiam
491 3995 598 4050 arboris
622 3995 725 4065 (arbori
750 3995 801 4064 M)
825 3994 893 4048 PM
919 3993 1063 4049 materiem
1088 4011 1149 4049 esse
1171 3996 1257 4051 animi
1285 3999 1428 4054 materiem

128 4068 234 4123 arboris
253 4070 278 4122 L
350 4072 498 4127 tfabrieis
516 4075 542 4127 L
615 4074 679 4130 oin
697 4074 902 4146 praepositione
922 4074 950 4127 P
1020 4076 1154 4130 dhaeret
1171 4079 1200 4128 et
1218 4076 1319 4146 singul.
1339 4078 1367 4130 P

128 4154 143 4203 7
166 4149 270 4205 militia
289 4151 318 4204 P
387 4153 517 4208 similiter
540 4154 611 4224 plur.
635 4171 745 4225 semper
767 4171 845 4208 mare
868 4153 940 4223 plur.
960 4172 1033 4208 nam.
1054 4172 1110 4209 non
1133 4156 1220 4210 babet
1242 4156 1296 4210 nisi
1319 4159 1428 4210 tantum

127 4229 216 4285 maria
234 4231 357 4300 mapalia
375 4233 487 4288 moenia
504 4234 596 4287 minae
619 4233 768 4288 manubiae
791 4232 867 4300 quod
889 4235 956 4286 aunt
977 4249 1058 4288 casae
1081 4233 1202 4288 atrorum
1221 4235 1293 4304 plur.
1312 4251 1428 4303 semper.

126 4306 182 4363 Met
202 4309 231 4362 P
312 4318 345 4365 10
367 4331 449 4383 garos
470 4314 498 4366 P
518 4329 601 4383 garua
621 4312 687 4365 ML
709 4307 798 4379 γάρον
820 4328 875 4368 exe.
896 4311 977 4368 Obar.
995 4331 1026 4383 p.
1046 4319 1109 4378 550,
1127 4318 1176 4379 31,
1199 4330 1298 4384 garum
1322 4312 1427 4369 Olearia

122 4405 153 4456 p.
172 4392 216 4456 34,
235 4394 271 4445 30
344 4400 376 4446 11
395 4393 516 4462 legimus
535 4392 563 4445 P
632 4397 664 4444 11
684 4391 832 4462 maturius]
852 4395 977 4447 maturae
998 4393 1026 4445 P
1096 4391 1245 4446 dicendum
1263 4408 1313 4447 om.
1332 4391 1361 4444 P

126 4470 222 4523 tamen
239 4485 290 4525 orn.
312 4472 349 4524 M
412 4472 488 4541 apud
508 4487 558 4525 om.
577 4470 604 4523 L
677 4477 709 4526 13
728 4471 846 4542 dictam]
866 4471 1014 4526 dicendum
1035 4472 1064 4524 P
1135 4477 1168 4525 14
1186 4471 1256 4525 iacit
1273 4471 1361 4526 munii
1380 4473 1428 4530 ςΙ,

125 4548 195 4604 iacit
213 4551 291 4605 muni
310 4551 377 4605 PM
448 4558 481 4605 16
500 4549 676 4604 declinantur
694 4551 723 4605 P
792 4557 823 4606 11
842 4549 1043 4605 desecbatiuum
1062 4551 1130 4603 PM
1208 4558 1240 4606 18
1259 4551 1376 4606 ueniunt
1393 4552 1432 4606 M

125 4630 293 4698 perueniunt
311 4630 366 4683 PL
442 4637 474 4684 19
494 4629 663 4700 complicare
685 4631 713 4684 P
788 4638 823 4686 14
841 4630 988 4686 dicendum
1007 4646 1063 4684 nou
1081 4629 1182 4684 secisse
1201 4632 1227 4683 L
1298 4637 1333 4687 25
1351 4635 1428 4689 totus

125 4710 169 4764 aab
188 4709 226 4762 M
296 4716 329 4764 at
348 4729 434 4765 unum
452 4712 562 4764 lantum
580 4711 609 4765 P
690 4719 724 4769 18
743 4714 795 4769 sub
813 4713 919 4768 aeoliae
938 4712 986 4771 512
1057 4718 1091 4766 19
1111 4711 1265 4782 corryeinm
1286 4713 1323 4767 M
1343 4714 1428 4769 curri-
1523 4761 1528 4767 .

125 4788 198 4844 cium
215 4791 243 4843 P
297 4797 332 4844 30
351 4792 438 4862 quod]
458 4792 507 4861 qui
525 4792 553 4845 P
607 4794 734 4864 usurpari
753 4795 791 4849 M
