3316 5474
712 375 907 431 ΕΧΟΕΒΡΤΔ
1397 375 1461 438 211

158 489 179 526 p.
193 476 239 517 mr.
254 477 280 516 rc
294 474 323 516 c.

158 565 189 622 in
208 563 327 623 nomine
347 563 440 639 patris
460 568 489 620 et
507 558 559 619 lilii
578 565 608 619 et
627 562 749 639 spiritus
769 555 885 641 sancti',
904 559 1039 621 similiter
1058 561 1137 620 etin
1156 563 1317 621 centesimo
1337 559 1462 639 quadra·

159 672 271 747 gesimo
295 669 383 728 tertio
407 667 519 746 psalmo
544 660 664 727 ‘heatus
687 667 827 747 populus,
851 670 937 729 cuius
961 674 1006 728 est
1036 667 1173 728 dominus
1197 668 1270 728 deus
1294 663 1410 729 eorum'
1433 678 1464 728 et

160 776 205 836 his
224 775 338 836 similia.
375 773 493 852 regulas
516 775 607 852 igitur
625 774 827 834 elocutionum
851 773 1023 854 latinarum,
1046 773 1075 833 id
1100 783 1145 834 est
1165 774 1336 853 quadrigam
1355 774 1465 854 blessii,

48 901 53 909 ·
160 882 337 943 omnimodis
365 900 423 941 uon
452 881 600 961 sequaris,
628 880 680 940 nbi
708 889 806 941 tamen
835 883 1003 960 priscorum
1031 879 1167 940 codicum
1195 884 1370 942 auctoritate
1394 899 1463 941 con·

133 991 296 1049 5vinceris.
326 988 445 1067 expedit
463 990 542 1047 enim
561 987 710 1049 interdum
729 989 967 1066 praetermittere
987 985 1182 1048 humanarum
1201 988 1342 1048 formulas
1361 987 1463 1049 dictio·

160 1115 231 1156 num
254 1103 286 1155 et
312 1094 403 1154 divini
430 1096 523 1172 magis
546 1093 656 1173 eloquii
685 1094 835 1155 custodire
858 1112 1037 1155 mensuram.
1074 1096 1105 1154 in
1133 1112 1220 1173 prosa
1244 1105 1333 1174 caput
1359 1112 1464 1155 versus

159 1202 272 1263 heroici
290 1203 439 1281 finemque
459 1219 518 1261 non
533 1202 674 1279 corrigas,
688 1202 819 1280 quinque
838 1199 941 1279 longas
959 1200 1141 1279 totidemque
1161 1199 1267 1261 breves
1281 1220 1339 1262 non
1355 1202 1464 1262 audeas

159 1307 335 1389 improbare,
355 1307 361 1383 1
382 1307 553 1368 trochaeum
573 1305 718 1385 triplicem
737 1306 891 1368 laudabilis
910 1306 1063 1386 neglectus
1078 1307 1247 1389 abscondat,
1264 1311 1464 1369 miotacismos

160 1426 190 1475 et
216 1414 314 1475 hiatus
342 1414 485 1474 vocalium
513 1414 633 1473 omnino
661 1413 849 1494 derelinque,
883 1416 1021 1491 quoniam
1049 1414 1096 1475 hic
1130 1413 1228 1474 locum
1261 1414 1369 1475 hahere
1404 1433 1462 1474 non

122 1527 147 1564 ¹⁰
160 1530 285 1600 possunt
313 1539 387 1600 quac
411 1520 549 1580 doctores
576 1517 743 1580 litterarum
770 1517 936 1579 liberalium
960 1519 1138 1597 regulariter
1162 1520 1312 1581 custodire
1336 1539 1463 1581 noscun-

161 1636 218 1689 tur.
254 1627 335 1687 istud
364 1629 443 1687 enim
471 1628 549 1685 iuter
576 1624 719 1685 humanas
747 1625 893 1686 dictiones
923 1629 1061 1686 convenit
1087 1630 1270 1707 praecaveri,
1297 1630 1328 1687 in
1357 1626 1464 1687 divinis

161 1742 260 1794 autem
288 1732 413 1812 eloquiis
442 1733 514 1793 tales
538 1733 768 1810 compositiones
796 1731 964 1791 nullatenus
987 1741 1172 1792 accusantur.
1208 1743 1326 1793 maneat
1353 1733 1465 1813 ubique

160 1844 332 1919 incorrupta
363 1840 488 1919 locutio,
517 1856 592 1918 quae
623 1838 679 1898 deo
709 1838 856 1917 placuisse
886 1840 1090 1918 cognoscitur,
1123 1841 1163 1898 ita
1194 1848 1227 1900 ut
1264 1839 1378 1918 fulgore
1409 1859 1463 1900 suo

161 1950 265 2028 niteat,
289 1965 347 2007 non
370 1946 499 2006 humano
524 1944 671 2005 desiderio
695 1945 841 2025 carpenda
865 1945 1023 2006 subiaceat.
1063 1945 1135 2005 haec
1160 1949 1239 2006 enim
1263 1956 1293 2008 et
1315 1946 1465 2027 simplices

121 2061 146 2102 ¹⁵
161 2056 290 2113 suaviter
313 2053 435 2113 instruit
458 2061 488 2113 et
511 2051 615 2111 doctos
637 2071 691 2131 pro
716 2071 769 2112 sua
792 2055 958 2113 reverentia
981 2052 1123 2113 decenter
1147 2051 1283 2115 oblectat.

247 2160 319 2220 Post
337 2161 523 2238 superiorem
546 2160 638 2236 igitur
659 2159 846 2240 divisionem,
870 2158 921 2219 ubi
945 2158 1072 2219 diximus
1096 2160 1233 2220 idiomata
1256 2160 1329 2239 legis
1349 2160 1463 2221 divinae

160 2285 218 2327 non
238 2285 303 2326 esso
323 2264 481 2345 tangenda,
500 2264 545 2324 vel
565 2273 664 2324 cetera
683 2284 757 2344 quae
778 2275 922 2327 secuntur
940 2265 1025 2326 locus
1043 2276 1194 2328 ammonet
1211 2286 1295 2328 more
1318 2270 1464 2328 maiorum

159 2373 234 2434 hanc
262 2392 381 2452 quoque
409 2390 520 2451 ponere
549 2371 793 2454 subdivisionem,
821 2382 855 2434 ut
871 2357 917 2432 ‘ad
944 2373 1104 2451 particulas
1137 2376 1267 2453 partium
1295 2375 1464 2435 distinctius

160 2482 260 2540 venire
289 2479 457 2540 debeamus.
499 2477 577 2538 unde
605 2479 684 2537 enim
713 2477 902 2539 doctissimus
932 2479 1105 2539 Aristoteles
1131 2479 1366 2558 perihermenias
1396 2498 1465 2540 suas

120 2598 147 2634 2⁰
160 2586 195 2646 ad
219 2587 364 2665 liquidum
387 2587 553 2666 perducere
576 2587 736 2667 potuisset,
760 2588 816 2646 nisi
839 2586 1017 2647 divisionum
1036 2592 1067 2644 et
1082 2581 1319 2647 ¹subdivisionum
1342 2588 1464 2646 iterum·

161 2714 218 2773 que
248 2694 472 2773 particularium
502 2691 680 2753 divisionum
710 2693 815 2754 ordine
834 2673 992 2753 ⁸custodito
1023 2701 1129 2753 cuncta
1160 2690 1337 2754 tractasset?
1374 2678 1463 2772 quern

160 2803 256 2861 secuti
283 2820 362 2861 nunc
386 2799 525 2881 dicimus,
552 2798 716 2877 inquibus
742 2796 850 2860 litteris
873 2808 944 2860 sunt
970 2798 1161 2859 librariorum
1186 2802 1254 2861 vitia
1278 2798 1462 2878 corrigenda.

161 2908 190 2967 iu
223 2906 321 2967 verbis
353 2925 427 2984 quae
460 2907 636 2966 accusativis
667 2915 699 2967 et
735 2906 868 2967 ablativis
902 2904 1173 2985 praepositionibus
1206 2909 1339 2968 serviunt
1371 2908 1462 2968 situm

161 3020 333 3091 motumque
357 3012 514 3090 diligenter
536 3010 674 3092 observa,
697 3015 837 3092 quoniam
860 3011 973 3072 librarii
1000 3016 1208 3090 grammaticae
1231 3017 1304 3075 artis
1327 3023 1465 3093 expertes

121 3131 146 3168 2⁵
161 3117 201 3177 ibi
224 3121 349 3180 maxime
368 3117 533 3197 probantur
552 3137 661 3180 errare.
698 3137 766 3180 nam
785 3122 860 3181 sim
882 3119 1020 3189 litteram,
1035 3120 1278 3181 inconvenienter
1302 3121 1391 3181 addas
1414 3129 1466 3181 aut

161 3224 275 3305 demas,
303 3223 393 3286 dictio
422 3233 482 3284 tota
505 3226 628 3285 contusa
652 3234 706 3286 est
743 3243 830 3286 casus
854 3243 923 3285 vero
947 3227 1101 3286 nominum
1124 3229 1257 3305 exceptis
1285 3229 1466 3305 monoptotis

161 3329 431 3409 declinationesque
455 3329 614 3391 verborum
637 3349 712 3410 quae
736 3331 880 3392 defectiva
904 3350 963 3391 non
987 3338 1057 3392 sunt
1080 3339 1216 3411 totasque
1239 3343 1340 3413 partes
1359 3335 1465 3393 oratio·

161 3438 221 3516 nis,
248 3437 298 3497 ubi
326 3446 423 3498 tamen
453 3456 534 3497 sacra
559 3456 618 3498 non
647 3440 802 3517 impugnat
829 3440 1004 3517 auctoritas,
1032 3438 1187 3499 considera
1210 3439 1368 3520 diligenter
1391 3441 1465 3500 suis-

79 3584 90 3601 .
161 3561 218 3621 que
242 3542 315 3603 locis
338 3553 434 3623 aptata
458 3543 586 3625 custodi,
609 3563 647 3605 ne
670 3545 830 3606 locutionis
849 3545 952 3605 ordine
977 3547 1253 3628 permixtototum,
1276 3547 1356 3626 quod
1379 3545 1466 3628 absit,

119 3662 145 3701 ³⁰
162 3649 311 3727 possideat
333 3650 472 3711 indecora
495 3650 640 3710 conlusio.

250 3755 273 3814 B
296 3774 351 3834 pro
371 3776 397 3837 v,
419 3776 436 3815 v
460 3775 515 3835 pro
534 3754 568 3836 b,
591 3775 608 3816 o
628 3776 683 3836 pro
703 3777 736 3840 u,
760 3776 779 3817 n
802 3776 856 3837 pro
881 3775 910 3817 m
934 3750 1038 3818 contra
1061 3758 1289 3839 orthographiae
1311 3767 1470 3840 praecepta

163 3863 265 3922 vitiose
285 3865 395 3941 positas
414 3881 473 3923 non
492 3863 651 3942 relinquas.
688 3866 898 3943 aspirationem
920 3883 990 3925 vero
1011 3865 1192 3944 superfluam
1211 3866 1297 3926 deme
1317 3874 1368 3927 aut
1386 3865 1470 3927 adice

163 3976 374 4047 competenter.
407 3988 494 4030 casus
513 3971 667 4030 nominum
686 3976 878 4050 temporaque
898 3969 1072 4050 verborum,
1092 3969 1143 4030 uhi
1162 3979 1261 4031 tamen
1279 3972 1472 4051 permitteris,

164 4075 279 4135 custodi
307 4076 471 4155 diligenter.
514 4077 646 4154 reperies
681 4076 760 4134 enim
790 4077 964 4155 frequenter
994 4078 1025 4135 in
1056 4079 1232 4137 auctoritate
1262 4077 1471 4138 consuetudini

124 4196 150 4234 ³⁵
164 4180 296 4265 dissona,
320 4202 395 4261 quae
418 4182 472 4243 tibi
496 4201 555 4243 non
579 4182 666 4243 liceat
689 4184 861 4262 immutare;
886 4181 992 4242 sedin
1016 4181 1062 4241 his
1088 4182 1312 4243 emendatorum
1336 4183 1472 4245 codicum

164 4299 300 4350 servetur
329 4290 505 4369 exemplum.
547 4297 646 4349 cetera
675 4307 745 4350 vero
774 4308 849 4369 quae
877 4297 948 4350 sunt
979 4288 1055 4349 male
1092 4298 1280 4368 praesumpta
1310 4293 1470 4373 recorrige,

165 4398 303 4473 quoniam
327 4400 485 4476 antiquarii
513 4395 618 4456 exinde
647 4397 747 4474 potius
771 4394 1003 4474 comprobantur
1026 4393 1191 4474 offendere,
1215 4394 1285 4454 dum
1309 4396 1471 4458 elocutioni

235 4592 422 4665 uleiinorum
440 4593 468 4645 Β
529 4589 708 4664 quadrigam]
728 4590 862 4661 quadrien
879 4592 907 4644 Β
926 4590 1098 4662 quadrigae
1163 4594 1393 4651 8meoiaoiamos
1409 4595 1438 4651 Β

165 4673 393 4743 ederelinqueo
413 4672 540 4742 relinque
554 4672 583 4725 B
638 4679 672 4726 14
691 4663 844 4740 osrpiende
857 4672 884 4724 B
941 4678 974 4726 15
992 4671 1135 4727 instruiB
1190 4676 1224 4725 18
1242 4675 1326 4746 hane]
1342 4675 1396 4730 hac
1409 4675 1438 4730 B

64 4805 83 4823 ,
165 4760 199 4807 33
218 4753 400 4824 permitteris]
419 4753 590 4822 premittens
608 4752 637 4805 Β
691 4758 726 4806 34
744 4751 885 4822 reperiens
902 4751 931 4806 Β
985 4752 1179 4808 consuetudini
1199 4752 1313 4810 &sona
1330 4771 1348 4815 ς
1366 4755 1474 4811 consui-

164 4832 272 4888 tudinis
291 4849 360 4887 sone
376 4832 405 4885 Β
423 4833 631 4890 consuetudinis
649 4851 749 4890 sonum
767 4834 783 4887 b
855 4837 890 4887 37
908 4833 1063 4903 probantur
1081 4848 1098 4893 ς

1205 4923 1258 4977 14*
