3316 5474
615 362 662 414 DE
682 360 972 417 ORTHOGRAPHIA
1382 359 1444 422 139

140 549 287 609 diversam
306 566 322 607 a
342 547 454 626 vulgari
474 544 688 607 consuetudine
708 545 933 604 declinationem
954 545 1106 604 nominum
1126 553 1156 604 ct
1175 563 1261 605 nsum
1281 563 1314 603 ac
1335 544 1444 622 signib-

139 657 286 716 cationem
306 652 515 713 vocabulorum
535 660 694 713 notaverat.
730 652 765 712 dc
785 660 879 713 aetate
899 653 963 712 eins
981 660 1011 712 11
1030 660 1152 731 propter
1172 653 1315 711 rationem
1335 651 1444 711 studio·

138 781 206 822 rum
227 771 257 822 et
279 770 401 840 propter
420 759 668 839 reprehensiones
693 761 966 838 grammaticorum,
990 776 1065 837 quos
1084 766 1165 818 certe
1185 777 1243 818 non
1263 758 1355 819 mnlto
1378 766 1446 837 post

138 870 246 929 vixisse
275 875 508 928 consentaneum
535 876 596 946 est,
624 865 785 946 probabilis
813 875 859 927 est
888 868 987 945 opinio
1016 884 1084 925 enm
1107 865 1247 926 Hadriani
1278 866 1339 925 lere
1372 875 1444 926 tern-

138 973 263 1054 poribus
282 972 327 1033 rel
347 991 405 1032 non
426 971 518 1032 mnlto
537 974 704 1051 antiquiore
731 983 865 1052 tempore
886 974 1001 1033 vixisse.
1034 972 1121 1052 paulo
1140 974 1338 1052 antiquiorem
1357 973 1444 1031 etiarn

138 1081 362 1158 grammaticum
393 1081 484 1139 luisse
513 1078 604 1139 voluit
633 1078 783 1159 Osarrnns,
811 1098 879 1140 cnm
910 1079 989 1140 lrnnc
1018 1099 1083 1140 esse
1109 1080 1259 1140 Vindicem
1287 1081 1447 1158 coniceret,

139 1191 190 1266 qni
213 1188 323 1247 dicitur
346 1186 423 1266 apnd
442 1185 605 1246 Martialem
624 1185 662 1246 tx
677 1183 730 1265 43,
749 1183 788 1245 14
808 1190 899 1246 noluit
918 1190 1001 1247 docti
1027 1188 1160 1248 Vindicis
1178 1207 1242 1248 1111
1260 1191 1343 1247 dens.
1372 1184 1446 1245 nihil

140 1312 209 1355 vero
238 1295 267 1354 in
297 1293 351 1354 hac
379 1312 412 1353 ro
442 1292 632 1353 tribuendum
662 1300 708 1351 est
736 1293 906 1352 testimonio
934 1292 1056 1353 Arnobii
1084 1292 1147 1353 adr.
1176 1300 1254 1370 gent.
1279 1291 1290 1351 l
1319 1288 1372 1369 59,
1395 1288 1447 1371 37,

139 1405 275 1477 quomens
298 1402 452 1477 Epicndos
479 1417 591 1473 omncs,
624 1401 796 1478 Caesellius,
826 1400 960 1473 Verrius,
989 1401 1124 1460 Scauros
1148 1402 1275 1460 tenentis
1298 1405 1327 1458 et
1351 1398 1446 1468 elisos,

140 1528 176 1569 111
199 1482 263 1588 'quo
291 1506 451 1567 Lorsolrins
480 1504 622 1565 Zeitsclrr.
651 1505 669 1565 l.
698 1504 919 1565 Altertbnmsw.
947 1524 971 1566 a.
998 1503 1082 1567 1840
1109 1525 1136 1585 p.
1164 1502 1225 1565 109
1254 1513 1284 1565 11
1311 1522 1335 1562 a.
1362 1499 1444 1564 1841

139 1634 168 1693 p.
186 1611 285 1694 1101,
308 1623 476 1694 temporum
497 1613 636 1672 nimirum
660 1611 794 1671 ordinem
819 1613 994 1692 scriptorem
1019 1615 1049 1672 in
1073 1612 1281 1672 enumerandis
1304 1626 1446 1689 gramma·

141 1724 207 1782 ticis
230 1730 366 1783 secntnm
386 1738 451 1780 esse
471 1726 568 1799 ratus,
591 1719 710 1778 efficere
731 1717 822 1779 voluit
845 1726 912 1778 anto
933 1717 1069 1780 Verrium
1088 1719 1225 1780 Flaccum
1248 1718 1328 1778 hunc
1350 1733 1445 1799 gram·

144 1830 285 1889 maticnm
309 1828 409 1887 luisse.

230 1935 294 1996 Duo
322 1943 419 1994 antem
448 1952 557 2011 genera
580 1943 802 2013 excerptorum,
831 1952 906 2012 qnae
930 1933 964 1993 ad
990 1933 1164 1995 Caesellium
1190 1932 1340 1994 Vindicem
1372 1934 1447 1993 rele·
1498 1941 1502 1948 '

142 2042 232 2102 renda
252 2050 334 2120 sunt,
353 2039 557 2100 Cassiodorius
576 2043 690 2121 posuit,
708 2040 834 2100 alterum
853 2060 888 2101 11
904 2040 1047 2101 Caesellio
1062 2039 1262 2119 ortlrographo
1280 2039 1448 2122 collectum,

141 2148 267 2209 alterum
296 2144 446 2217 exbncin
470 2145 597 2207 Caecilio
621 2145 756 2228 Vindice,
785 2155 818 2208 nt
845 2149 898 2227 ait,
926 2147 1109 2208 dclloratnm.
1147 2166 1213 2207 nam
1242 2147 1321 2226 quod
1349 2156 1447 2226 poste-

143 2256 215 2315 riori
242 2255 344 2332 generi
372 2252 505 2333 Caecilii,
534 2271 592 2312 non
617 2252 764 2334 Caesellii,
793 2271 900 2313 nomen
929 2256 1145 2333 praescriptum
1174 2263 1233 2333 est,
1261 2273 1320 2314 non
1348 2262 1448 2333 potest

142 2360 272 2421 dubitari
299 2361 371 2438 quin
401 2378 436 2419 ex
465 2377 567 2420 errore
592 2360 786 2439 repetendum
815 2363 854 2421 sit
877 2359 1071 2440 Cassiodorii,
1097 2362 1148 2440 qni
1172 2379 1280 2420 nomen
1303 2379 1446 2438 gramma·

144 2468 194 2527 tici
213 2469 245 2527 in
263 2466 364 2527 codice
385 2485 443 2544 qno
464 2465 602 2527 utebatur
621 2477 796 2546 corruptum
814 2470 976 2528 invenerat.
1010 2467 1112 2527 eadem
1131 2469 1260 2527 nnnnnis
1279 2466 1448 2546 corruptela

145 2582 190 2633 est
216 2573 294 2652 apnd
317 2572 456 2633 llnlinum
485 2591 589 2633 comm.
619 2576 649 2634 in
680 2582 765 2635 metr.
789 2574 908 2635 Terent.
936 2595 964 2655 p.
988 2571 1063 2654 565,
1086 2571 1115 2654 3,
1145 2572 1195 2634 nbi
1221 2575 1299 2634 inter
1322 2592 1374 2635 eos
1397 2577 1449 2652 qni

143 2697 312 2739 mensnram
340 2697 407 2740 1111
435 2682 464 2740 in
493 2678 599 2740 labulis
622 2679 756 2741 Terentii
784 2689 814 2741 11
841 2681 938 2742 Plauti
966 2681 1067 2741 dicant
1094 2683 1263 2741 nominatur
1297 2683 1447 2742 Caecilius

151 2786 275 2846 Vindex.
317 2794 406 2864 atque
439 2787 527 2845 etiam
562 2804 742 2866 praenomen
771 2787 873 2870 Lucii,
901 2787 979 2867 qnod
1008 2788 1085 2867 apnd
1115 2787 1188 2847 alins
1216 2789 1360 2867 scriptum
1390 2805 1448 2847 non

143 2893 309 2972 invenitur,
333 2891 520 2953 Cassiodnrio
539 2901 660 2953 auctore
680 2893 822 2954 Caesellio
843 2893 1033 2955 tribuendum
1053 2901 1106 2953 est.
1143 2901 1276 2953 1111111111
1296 2896 1326 2954 in
1345 2897 1448 2974 paucis

145 3001 307 3080 excerptiS,
330 3017 405 3078 qnae
430 3000 458 3058 in
483 2997 537 3057 bac
560 3007 644 3077 parte
664 3018 699 3059 11
719 3018 753 3060 eo
773 2999 978 3061 Cassiodorius
1001 2999 1148 3081 oxlribnit,
1171 2999 1243 3060 nibil
1266 3003 1345 3062 inest
1368 2999 1447 3079 qnod

145 3109 237 3167 veteri
260 3107 452 3185 grammatico
472 3103 563 3165 tribui
582 3115 717 3184 nequeat
755 3116 893 3167 auctores
912 3114 1010 3166 antem
1030 3108 1060 3165 in
1083 3106 1130 3166 his
1150 3125 1224 3185 qnae
1244 3126 1322 3168 nunc
1345 3125 1447 3186 super·

144 3222 214 3273 snnt
236 3213 311 3273 dnos
333 3214 520 3292 potissimum
544 3220 665 3272 secutus
689 3221 747 3291 est,
771 3211 932 3273 Varronem
956 3220 986 3272 et
1009 3211 1182 3272 Cornutum.
1226 3212 1261 3271 ad
1286 3211 1447 3272 Varronem

145 3321 223 3380 enirn
247 3320 345 3380 relero
370 3337 445 3398 qnae
473 3318 509 3379 de
538 3321 673 3397 genetivo
697 3321 850 3380 nominum
879 3321 908 3378 in
937 3320 984 3378 ins
1009 3318 1160 3378 finitorum
1184 3320 1319 3397 apposito
1342 3317 1447 3378 Lucilii

144 3426 312 3486 testimonio
341 3425 492 3504 pracccpit
518 3443 546 3503 p.
570 3420 666 3486 2318.
705 3443 761 3504 qna
790 3424 825 3484 de
851 3443 882 3484 re
907 3434 936 3484 et
960 3425 1091 3485 Scaurus
1115 3424 1232 3505 eodem,
1260 3433 1294 3484 ut
1323 3423 1448 3498 videtur,

144 3540 265 3592 anctore
290 3549 379 3610 usus,
403 3531 522 3610 scripsit
544 3550 572 3610 p.
587 3528 630 3591 22
638 3528 687 3612 ,4
710 3540 739 3591 11
763 3530 919 3611 adscriptis
939 3529 1078 3591 Varronis
1102 3538 1132 3591 et
1150 3529 1255 3591 Lucilii
1279 3531 1449 3592 nominibus

144 3637 295 3699 Charisius
323 3657 351 3716 p.
375 3633 427 3718 78,
450 3634 485 3717 4,
515 3639 565 3715 qni
594 3639 705 3698 rectius
728 3656 817 3716 qrram
841 3637 1002 3698 Caesellius
1025 3639 1202 3698 sententiam
1226 3635 1330 3698 Lucilii
1356 3639 1446 3698 inter·

145 3751 278 3823 pretatns
301 3753 355 3804 est.
392 3741 498 3802 deinde
521 3743 558 3803 de
582 3762 650 3803 cum
674 3745 892 3823 praepositione
916 3753 947 3804 et
973 3743 1113 3805 adverbio
1143 3744 1285 3823 temporis
1309 3741 1448 3803 Varronis

145 3847 279 3910 doctrina
303 3857 333 3909 et
357 3847 517 3908 Caesellius
540 3867 568 3926 p.
588 3846 674 3910 2318
700 3858 730 3909 11
753 3849 884 3910 Scaurus
907 3870 934 3930 p.
954 3846 1045 3930 28,6
1069 3859 1099 3910 11
1122 3847 1174 3931 29,
1195 3847 1216 3910 3
1240 3848 1378 3909 videntur
1401 3850 1448 3909 nsi

145 3974 218 4017 esse.
263 3955 428 4016 Cornutum
460 3963 557 4015 antem
587 3965 708 4016 secutus
737 3964 783 4016 est
811 3956 847 4016 dc
868 3955 1144 4037 <praepositionibus
1175 3958 1205 4016 ln
1234 3957 1447 4035 compositione

145 4061 303 4123 rethorum
324 4062 444 4122 mutatis
467 4081 495 4140 p.
511 4058 597 4121 2318
622 4070 652 4122 11
674 4061 710 4121 de
734 4081 808 4123 sono
832 4081 861 4122 m
885 4062 1000 4124 litterae
1019 4082 1047 4143 p.
1062 4060 1165 4124 2317:
1188 4062 1224 4122 cl.
1240 4080 1301 4122 exo.
1317 4060 1447 4122 Cassiod.

145 4187 172 4247 p.
196 4167 284 4233 2285
308 4166 457 4230 112281.

232 4276 330 4337 illinus
361 4283 476 4336 certum
510 4275 651 4337 indicium
679 4287 725 4338 est
754 4278 790 4338 de
820 4278 910 4339 altera
938 4285 1146 4357 excerptorum
1176 4284 1274 4357 parte,
1307 4293 1382 4353 qnae
1411 4292 1447 4335 111

146 4356 287 4444 Caesellio
311 4381 510 4461 orthographo
535 4381 657 4442 collecta
681 4401 747 4444 esse
776 4383 893 4444 dicitnr.
936 4401 1024 4462 qnam
1052 4391 1166 4462 partem
1190 4391 1220 4442 et
1244 4381 1448 4442 Cassiodorius

146 4508 180 4549 ex
206 4489 262 4550 alio
289 4488 366 4550 libro
390 4497 478 4567 atque
502 4506 566 4549 eam
595 4507 669 4567 quae
698 4492 833 4568 seqnitur
860 4509 877 4550 a
904 4508 936 4549 11
964 4490 1169 4568 depromptam
1196 4507 1262 4549 esse
1294 4489 1448 4569 significat,

147 4603 176 4655 et
198 4595 234 4657 ab
256 4595 305 4657 illa
329 4594 475 4655 diversam
495 4613 561 4655 esse
585 4597 648 4675 ipsa
671 4597 745 4656 ratio
770 4605 979 4675 excerptorum
1002 4596 1192 4657 demonstrat
1230 4612 1298 4655 nam
1317 4593 1449 4656 utnulla

146 4703 176 4761 in
207 4701 254 4762 his
290 4702 423 4781 quamvis
451 4700 599 4780 aliquanto
628 4700 818 4763 uberioribus
845 4704 993 4781 excerptis
1027 4702 1175 4781 adscripta
1212 4709 1282 4763 suot
1314 4708 1448 4764 veterum

146 4808 405 4886 grammaticorum
429 4806 474 4866 vel
503 4810 683 4889 scriptorum
706 4809 888 4890 testimonia,
916 4810 956 4870 ita
979 4811 1076 4872 omnia
1100 4808 1136 4869 ad
1160 4827 1247 4871 usum
1271 4811 1447 4872 recentioris
