3316 5474
274 390 340 456 252
774 452 778 460 ,
876 393 997 447 ΒΕΒΑΕ

272 504 293 540 p.
308 492 367 532 reae,
383 493 408 532 as
422 493 447 531 Ρ.

273 583 337 637 erat
351 576 533 656 produceret
542 586 593 637 aut
607 576 791 637 tribrachum
806 575 871 638 loco
886 575 992 656 dactyli
1006 587 1140 658 poneret.
1155 580 1199 638 sic
1209 597 1276 639 cum
1287 579 1323 638 de
1335 578 1440 658 apibus
1454 578 1580 656 loquens

273 682 398 744 alvearia
419 686 572 745 nominare
591 683 692 756 vellet,
715 685 892 745 necessitate
914 685 1016 763 posuit
1033 683 1250 745 antibacchium
1270 687 1300 744 in
1320 703 1407 745 versu
1427 684 1581 763 dactylico,

434 809 497 854 seu
521 789 619 851 lento
643 790 783 850 luerint
805 788 961 850 alvearia
985 792 1116 851 vimine
1143 799 1252 871 texta,

273 904 304 957 et
325 894 468 958 Paulinus

434 1007 495 1090 qui
516 1004 622 1065 simul
645 1003 713 1064 huc
737 1011 860 1064 sancta
883 1022 947 1083 pro
971 1003 1150 1083 religione
1174 1005 1318 1065 coistis:
1609 1020 1623 1058 s

274 1127 308 1169 rc
332 1119 434 1171 contra
462 1120 598 1172 naturam
626 1129 681 1191 pro
709 1110 795 1189 longa
822 1113 936 1191 posuit,
963 1113 1116 1190 quianon
1146 1111 1232 1172 aliter
1260 1111 1316 1171 hoc
1346 1130 1452 1173 nomen
1476 1131 1581 1173 versus

274 1215 446 1278 hexameter
469 1220 605 1297 recipere
627 1214 750 1277 valebat
787 1216 844 1277 tale
867 1223 914 1277 est
937 1225 967 1278 et
989 1216 1060 1278 illud
1085 1217 1235 1299 eiusdem,

435 1323 599 1384 basilicis
622 1324 708 1384 haec
731 1326 855 1385 iuncta
879 1323 999 1385 tribus
1023 1333 1122 1404 patet
1144 1343 1226 1385 area
1250 1327 1407 1386 cunctis:

198 1455 204 1464 ·
277 1445 405 1507 namque
429 1428 498 1490 alibi
520 1449 575 1509 pro
599 1430 681 1490 brevi
704 1433 826 1510 ponitur
850 1430 952 1490 eadem
975 1429 1084 1510 syllaba
1108 1431 1225 1491 dicente
1250 1431 1412 1492 Fortunato

435 1535 493 1606 hic
516 1537 678 1617 Paulina,
700 1537 829 1618 lignes,
852 1535 1039 1618 Basilissa,
1062 1536 1222 1616 Eugenia
1246 1547 1405 1616 regnant.
1597 1554 1623 1591 ¹0

277 1640 377 1702 biset
402 1641 468 1702 aliis
497 1642 688 1704 huiusmodi
716 1643 944 1705 necessitatibus
973 1643 1062 1704 credo
1091 1643 1201 1705 iactum
1230 1644 1308 1723 quod
1338 1645 1374 1704 de
1404 1644 1479 1704 libro
1504 1645 1584 1706 beati

277 1746 328 1816 lob
348 1747 473 1828 loquens
491 1749 703 1830 Hieronymus,
722 1768 791 1811 cum
810 1750 934 1810 dixisset
952 1768 1021 1810 enm
1040 1752 1165 1811 maxima
1184 1769 1220 1811 ex
1239 1759 1322 1830 parte
1341 1751 1476 1811 versibus
1494 1724 1582 1812 hela-

279 1857 382 1916 metris
405 1857 483 1936 apud
506 1856 658 1917 Hebraeos
681 1875 747 1917 esse
771 1857 968 1936 descriptum,
996 1856 1108 1916 addidit
1130 1851 1208 1935 ‘qui
1238 1856 1383 1936 dactylo
1408 1858 1583 1937 spondeo-

277 1978 343 2038 que
367 1970 559 2024 currentes
583 1970 731 2043 propter
753 1945 884 2023 idioma
907 1961 1051 2041 linguae
1071 1962 1201 2023 crebro
1226 1965 1411 2042 recipiunt
1434 1972 1469 2023 et
1492 1964 1583 2025 alios

277 2067 386 2146 pedes
416 2069 610 2129 eorundem
641 2068 783 2149 quidem
814 2077 1027 2150 temporum,
1059 2069 1120 2129 sed
1152 2087 1220 2129 non
1251 2069 1444 2129 earundem
1476 2069 1624 2148 sylla-1⁵

277 2170 425 2236 barum'.
463 2179 640 2237 auctoritate
664 2183 764 2236 autern
787 2177 989 2236 contemnitur
1013 2174 1114 2254 regula
1138 2177 1414 2256 grammaticorum,
1437 2184 1471 2235 ut
1490 2175 1583 2236 Sedu-

277 2277 335 2339 lius
358 2283 388 2340 in
412 2280 543 2342 clausula
567 2283 720 2363 carminis,
744 2284 829 2342 cuius
853 2298 943 2361 supra
965 2283 1101 2362 memini,
1124 2299 1193 2342 cum
1216 2281 1339 2342 dixisset

437 2387 552 2467 gloria
577 2406 699 2468 magna
722 2390 817 2467 patri
841 2405 982 2468 semper
1006 2386 1073 2448 tibi
1096 2388 1211 2467 gloria
1235 2396 1330 2467 nate,

277 2493 410 2556 subdidit

438 2612 515 2655 cunr
539 2601 663 2654 sancto
687 2594 821 2672 spiritu
844 2594 959 2672 gloria
983 2609 1105 2671 magna
1128 2594 1233 2672 patri.
1598 2619 1625 2656 eo

279 2701 402 2779 spiritus
433 2702 511 2760 enim
538 2703 664 2780 primam
692 2699 830 2780 syllabam
858 2700 947 2761 babet
974 2701 1104 2780 longam,
1132 2699 1211 2760 uude
1240 2719 1307 2760 vera
1337 2702 1452 2760 scansio
1480 2718 1585 2760 versus

280 2808 367 2866 istius
402 2807 474 2867 haec
508 2814 572 2886 cst,
600 2825 739 2867 cumsanc
768 2806 935 2887 spondeus,
966 2809 1071 2886 tospiri
1103 2805 1319 2886 antibacchius,
1351 2824 1411 2866 uon
1444 2805 1584 2885 dactylus.

280 2912 332 2972 sed
361 2923 464 2995 poeta,
491 2922 525 2975 ut
552 2912 674 2992 gloriam
707 2921 825 2974 sanctae
854 2920 884 2974 et
910 2912 1076 2974 individuae
1106 2913 1246 2973 trinitatis
1274 2912 1352 2972 clara
1380 2930 1451 2971 voce
1479 2911 1584 2971 decan-

281 3028 372 3102 taret,
400 3020 529 3099 neglexit
556 3019 688 3099 regulam
716 3022 923 3099 grammaticae
952 3020 1162 3099 dispositionis.
1200 3021 1278 3079 item
1305 3021 1369 3099 ipse
1398 3020 1428 3079 iu
1455 3020 1585 3079 carmine
1633 3083 1637 3091 ,

278 3126 409 3205 paschali
1599 3152 1626 3191 25

440 3217 565 3296 sic'ait
587 3236 665 3314 ipse
688 3233 822 3294 docens
846 3253 909 3314 ego
933 3236 968 3294 iu
991 3240 1094 3314 patre
1119 3239 1153 3293 et
1176 3235 1336 3312 poterin
1359 3250 1411 3292 me
1436 3240 1502 3292 est:

281 3341 324 3400 sic
342 3342 421 3400 euim
440 3341 601 3423 scanditur,
621 3343 663 3401 sic
683 3343 723 3401 ait
741 3339 888 3422 dactylus,
906 3340 1009 3421 ipsedo
1029 3340 1176 3422 dactylus,
1195 3357 1284 3401 oense
1304 3339 1475 3420 trochaeus,
1499 3341 1586 3419 ginpa

283 3447 433 3526 spondeus
457 3447 553 3508 ablata
577 3467 595 3506 o
619 3467 673 3528 per
697 3448 892 3529 synalipham,
915 3457 966 3509 aut
989 3450 1014 3508 si
1038 3447 1181 3509 scandere
1200 3450 1244 3509 vis
1264 3445 1269 3528 l
1290 3466 1417 3526 censego
1437 3456 1466 3507 et
1490 3449 1586 3506 lacere

279 3551 441 3634 dactylum,
470 3563 573 3616 contra
601 3572 714 3615 morem
742 3556 836 3635 ipsius
865 3553 990 3635 Sedulii,
1018 3573 1106 3634 quem
1138 3572 1193 3635 per
1216 3557 1315 3615 omnia
1338 3555 1480 3631 servavit,
1513 3554 1587 3631 agis,

285 3669 319 3720 ut
351 3663 492 3722 immunis
520 3669 579 3722 stet
606 3661 714 3722 vocalis
743 3659 835 3721 altera
863 3663 1089 3741 superveniente
1121 3661 1214 3723 vocali
1246 3661 1283 3721 de
1316 3662 1397 3721 loris.
1448 3659 1525 3719 idem
1556 3661 1586 3719 iu
1601 3684 1628 3723 co

285 3765 389 3827 eodem
413 3786 503 3846 opere

445 3875 611 3937 clarifica
634 3876 726 3937 dixit
748 3893 875 3935 nomen
898 3883 996 3936 tuum
1020 3893 1217 3955 magnaque
1240 3874 1345 3935 caela.

286 3981 315 4040 in
340 3998 417 4062 quo,
442 3991 475 4042 ut
497 3985 651 4043 veritatem
676 3984 814 4044 dominici
838 3984 984 4042 sermonis
1007 3984 1139 4062 apertius
1162 3980 1395 4060 commendaret,
1421 3982 1589 4057 postposuit

286 4087 420 4148 ordinem
443 4089 615 4169 disciplinae
640 4089 808 4150 saecularis.
844 4088 923 4148 idem
946 4091 1056 4149 iterum

446 4178 622 4256 scribitur
646 4203 681 4257 et
703 4195 848 4277 titulus,
871 4194 927 4256 hic
951 4204 1006 4256 est
1029 4214 1090 4256 rex
1114 4195 1339 4281 ludaeorum,
1603 4218 1630 4255 es

377 4375 392 4422 2
411 4368 441 4422 in
460 4385 542 4424 uersu
562 4367 591 4422 P
606 4368 636 4422 in
649 4385 760 4423 uersum
779 4367 806 4421 L
824 4367 853 4421 in
867 4384 947 4423 uerso
967 4366 998 4420 F
1049 4373 1134 4422 tuen
1150 4365 1241 4436 lento]
1262 4365 1589 4434 Ver9.9eorp.111134

340 4450 430 4503 bhuc
449 4449 475 4503 L
493 4448 546 4503 huo
566 4448 594 4502 P
610 4449 676 4504 huc
696 4448 726 4501 F
804 4462 854 4516 pro
872 4445 983 4516 legione
1003 4446 1034 4500 F
1112 4445 1223 4500 salibi
1240 4461 1291 4514 pro
1310 4444 1389 4498 breui
1409 4444 1434 4496 L
1454 4443 1521 4497 alibi
1542 4444 1591 4511 qui

288 4531 316 4596 (q
335 4528 374 4596 Ρ)
392 4529 486 4599 potnit
503 4546 554 4599 pro
572 4528 652 4584 breui
671 4528 732 4581 FP
792 4534 824 4582 10
844 4527 961 4586 basilice
979 4543 1046 4582 corr.
1065 4525 1244 4582 basilissa·F
1315 4532 1346 4578 13
1366 4524 1433 4593 qnid
1451 4525 1590 4592 dactylico

289 4610 467 4678 spondeoque
481 4626 549 4665 corr.
565 4609 639 4678 quod
658 4608 828 4678 dactylicum
847 4607 1057 4678 spondeumque
1073 4606 1102 4660 P
1155 4613 1187 4661 17
1206 4604 1383 4659 meminimus
1402 4605 1428 4657 L
1483 4610 1517 4656 22
1536 4604 1591 4672 pri·
1640 4644 1644 4654 .

289 4704 362 4741 mem
383 4689 468 4745 hebet
486 4690 623 4759 syllabam
643 4691 757 4758 longum
776 4690 807 4744 F
872 4694 907 4743 24
924 4687 993 4741 item
1012 4686 1062 4753 Μ
1074 4687 1149 4742 idem
1169 4686 1231 4739 FP
1289 4690 1324 4738 26
1342 4686 1385 4739 est
1403 4700 1452 4738 our.
1473 4684 1509 4749 F,
1528 4686 1591 4738 add.

290 4768 375 4827 sLP
444 4776 478 4824 ‘27
498 4770 641 4825 scanditur
658 4786 709 4825 our.
727 4769 765 4835 F,
783 4768 884 4833 adds
963 4765 1141 4848 ser-seruauit
1158 4764 1283 4834 regulam
1303 4764 1376 4833 egis,
1394 4765 1440 4817 scd
1458 4768 1592 4832 mpuucto

289 4857 416 4928 regulam
435 4857 463 4911 P
535 4865 569 4914 30
588 4862 620 4913 ut
637 4857 802 4914 inmunisteb
820 4855 851 4910 F
929 4861 963 4909 33
982 4853 1107 4925 piposuit
1125 4854 1153 4906 P
1239 4859 1273 4908 35
1291 4852 1391 4908 titulus
1410 4869 1479 4909 corr.
1498 4852 1546 4906 -lis
1564 4851 1594 4903 F
