3316 5474
163 311 231 376 414
727 312 898 368 nostrum

164 413 318 462 numm

164 493 352 578 βασιλικῆς,
375 499 452 558 inlra
476 516 577 559 muros
600 487 673 559 ὑπὸ
689 493 729 580 τῇ
748 492 859 576 πόλει,
881 501 912 560 in
931 499 1108 579 parricidam
1126 489 1209 560 κατὰ
1227 491 1482 581 πατροκτόνον,

165 605 203 667 ob
235 607 310 667 iram
345 596 401 666 διὰ
431 596 493 685 τὴν
526 595 649 684 ὀργήν,
686 615 754 685 post
787 614 903 686 tempus
935 608 1016 687 μέτα
1049 598 1191 687 χρόνον,
1228 614 1355 687 propter
1393 606 1480 669 illurn

166 702 358 791 δι’ἐιιεῖνον,
377 732 453 793 pone
473 712 555 773 illum
575 703 680 774 ὀπίσω
700 708 846 791 ἐκείνου,
864 720 984 792 praeter
1003 732 1049 773 me
1069 705 1231 792 παρεκτὸς
1248 708 1348 794 ἐμοῦ,
1368 713 1481 777 subtus

166 820 276 881 lectum
300 809 363 881 ὑπὸ
392 840 455 899 την
482 818 617 899 κλίνην,
647 818 702 881 sub
727 819 861 881 umbram
884 809 949 881 ὑπὸ
974 812 1087 898 σκιάν,
1115 838 1206 900 super
1229 819 1335 881 collem
1361 813 1479 884 ἐπάνω

167 921 220 988 ἐπὶ
243 924 303 988 τοῦ
326 925 471 1006 βουνοῦ,
495 946 584 1007 supra
608 928 758 989 fortunam
782 917 864 1008 ὑπὲρ
887 917 949 1006 τὴν
971 920 1090 1007 τύχην,
1114 935 1196 987 trans
1214 925 1348 988 Tiberim
1368 923 1480 1011 πέραν
1503 942 1516 983 s

166 1030 227 1097 τοῦ
254 1030 431 1114 Τιβέρεως,
455 1053 549 1113 usqne
573 1034 609 1094 ad
633 1052 714 1094 mare
737 1028 832 1114 μέχρι
855 1024 1044 1112 θαλάσσης,
1068 1033 1145 1095 ultra
1164 1042 1289 1095 aetatem
1308 1024 1396 1115 ὑπὲρ
1413 1028 1480 1118 τὴν

168 1131 312 1222 ἡλικίαν,
345 1140 476 1221 ablativi,
508 1158 579 1219 prae
607 1139 684 1201 bello
712 1131 768 1201 διὰ
797 1136 858 1201 τοῦ
884 1134 1047 1220 πολέμου,
1079 1142 1143 1201 sine
1172 1160 1265 1222 puero
1288 1136 1392 1223 χωρὶς
1414 1138 1481 1206 τοῦ

167 1241 303 1327 παιδός,
345 1257 432 1309 tenus
468 1246 548 1327 pube
585 1242 680 1329 μέχρι
720 1237 818 1328 ἥβης,
859 1265 1045 1328 communes,
1087 1248 1131 1326 [in
1173 1249 1352 1329 parricidam
1393 1228 1481 1313 mvii

168 1348 413 1439 πατροκτόνου]
437 1356 467 1415 in
492 1372 562 1433 agro
586 1349 622 1416 ἐν
646 1345 753 1440 ἀγρῷ,
776 1357 807 1416 in
826 1373 930 1435 agrum
949 1353 996 1428 εἰς
1014 1345 1135 1435 ἀγρόν,
1160 1376 1250 1437 super
1265 1357 1385 1419 Priamo
1404 1353 1481 1440 περὶ

171 1453 344 1544 Πριάμου,
368 1480 460 1541 snper
484 1460 589 1522 collem
613 1452 724 1523 ἐπάνω
746 1458 895 1541 βουνοῦ,
923 1461 979 1522 snb
1008 1469 1086 1522 tecto
1115 1453 1180 1525 ὐπὸ
1207 1460 1247 1545 τῇ
1276 1460 1393 1547 στέγῃ,
1420 1464 1482 1528 sun
1496 1479 1520 1518 1⁰

172 1568 307 1631 umbram
330 1560 396 1630 ὑπὸ
419 1559 482 1649 τὴν
505 1559 612 1629 σκιάν.
659 1567 756 1628 verbis
779 1575 878 1629 antem
906 1575 1045 1648 aptantur
1072 1568 1141 1650 bae,
1169 1589 1200 1630 as
1228 1559 1293 1631 ἆπό
1321 1570 1482 1653 aspellere,

171 1676 200 1736 di
225 1667 281 1736 dcci
305 1675 459 1755 diducere,
483 1675 529 1735 dis
553 1666 609 1735 disi
633 1674 773 1757 disicere,
796 1693 831 1735 co
855 1667 919 1736 σύν
943 1681 1093 1755 coemere,
1117 1694 1172 1736 con
1192 1669 1271 1757 perci
1291 1687 1482 1761 convertere,

172 1803 204 1843 se
229 1775 285 1843 dcci
311 1801 482 1863 secernere,
507 1801 538 1841 re
562 1774 641 1862 μετά
665 1800 805 1842 revocare
829 1831 835 1844 .
861 1784 939 1842 intcr
967 1801 1016 1842 eas
1047 1800 1121 1861 quae
1150 1792 1274 1845 accentu
1303 1795 1419 1846 mutato
1449 1789 1482 1847 in

175 1890 311 1963 adverbia
336 1889 445 1951 cadunt
468 1889 522 1950 hac
547 1900 630 1964 sunt,
658 1890 734 1949 inira
759 1890 835 1949 intra
859 1908 948 1968 snpra
978 1889 1054 1949 ultra
1078 1892 1151 1950 citra
1175 1893 1252 1951 circa
1272 1894 1353 1953 iuxta
1374 1902 1483 1955 contra

173 1997 279 2059 strbtus
304 2015 402 2057 coram
426 2005 493 2056 aute
518 2003 592 2075 post.
1498 2015 1522 2053 rs

263 2103 297 2163 lu
324 2105 503 2183 praepositio
532 2104 676 2180 significat
705 2102 791 2162 niodo
819 2102 848 2161 id
878 2102 956 2181 quod
986 2112 1032 2162 est
1060 2102 1141 2163 valde
1170 2112 1200 2165 et
1228 2107 1285 2164 rim
1313 2105 1398 2166 verbi
1432 2111 1484 2170 cui

174 2211 367 2291 praeponitur
390 2217 494 2290 auget,
517 2217 549 2270 ut
572 2210 722 2287 increpuit
746 2211 890 2270 insonuit:
915 2208 1052 2288 Virgilius

378 2315 525 2376 Turnus
549 2325 587 2375 ut
609 2315 787 2376 infractos
811 2316 960 2376 adverso
984 2317 1095 2378 lllarte
1119 2317 1273 2378 Latinos.

176 2423 262 2484 inodo
282 2424 426 2501 significat
445 2422 522 2483 idem
542 2423 620 2502 quod
641 2441 698 2483 non
718 2432 749 2483 et
769 2425 825 2482 vim
846 2422 927 2489 verbi
946 2425 1107 2503 imminuit,
1127 2432 1160 2485 nt
1178 2423 1333 2486 invalidus.
1356 2431 1486 2507 ponitur

175 2541 206 2593 et
229 2550 282 2611 pro
307 2551 342 2592 eo
366 2531 445 2610 quod
468 2539 514 2590 est
537 2532 630 2610 inter,
652 2540 686 2591 nt
1500 2551 1528 2591 so

339 2637 570 2699 Penthesilea
595 2638 720 2698 lurcns
743 2636 942 2717 mediisque
966 2641 1000 2699 in
1025 2638 1173 2700 milibus
1196 2639 1298 2700 ardet

176 2755 205 2807 et

363 2862 423 2913 aut
446 2851 564 2932 Capyn
589 2862 648 2913 ant
672 2852 782 2913 celsis
805 2854 840 2913 in
862 2852 1045 2932 puppibus
1068 2872 1162 2914 arma
1187 2854 1291 2915 Caici.

178 2963 298 3040 ponitur
322 2969 352 3022 et
375 2978 428 3040 pro
453 2959 607 3040 adversus,
631 2960 688 3034 nt]

382 3066 465 3144 qnid
491 3084 588 3127 meus
611 3067 747 3127 Aeneas
770 3069 805 3127 in
829 3074 863 3128 te
886 3071 1111 3129 committere
1135 3078 1270 3129 tantuna

178 3183 209 3236 el

463 3283 538 3359 ipse
562 3281 648 3341 deos
671 3284 707 3342 in
732 3281 893 3342 Dardana
917 3286 1072 3343 suscitat
1095 3301 1196 3344 arma.

179 3391 300 3469 ponitur
323 3395 353 3447 et
376 3405 430 3467 pro
453 3387 545 3448 modo
566 3388 727 3466 qualitatis,
751 3397 784 3449 ut

862 3515 964 3575 quem
988 3495 1097 3576 pellis
1120 3499 1219 3558 aenis

397 3606 432 3662 in
452 3607 609 3679 plumam
633 3605 790 3682 squamis
813 3621 898 3663 auro
922 3612 1092 3664 conserta
1117 3603 1264 3683 tegebat
1500 3623 1529 3662 so

180 3735 393 3746 .-—----·——.

270 3801 360 3856 donee
374 3801 569 3870 ‚scarponensis
611 3796 828 3872 1ιιατροιιόνον]
843 3820 986 3869 αροςκοπη
1059 3805 1139 3857 idm
1154 3823 1186 3872 eq
1202 3823 1266 3872 οργε
1339 3808 1484 3880 λαλίνην]

181 3901 265 3950 seseq
339 3888 405 3934 bro
425 3880 511 3949 βοννο
583 3879 674 3947 πέραν
692 3882 742 3935 τοῦ
764 3878 903 3953 Τιβέρεως
921 3895 970 3934 om.
1048 3884 1205 3944 8ααιαδος
1281 3885 1435 3937 eommunis
1454 3886 1486 3940 in

180 3962 324 4032 persidam
407 3965 439 4012 10
458 3959 491 4030 τῇ
511 3958 606 4032 στέγῃ]
626 3968 712 4031 τῆστῆ
796 3966 826 4013 11
849 3961 950 4027 aptant
967 3959 1037 4014 hisee
1116 3967 1146 4015 12
1166 3962 1297 4018 dissicere
1370 3969 1403 4016 13
1423 3968 1485 4035 eus]

182 4059 216 4097 es
283 4040 497 4111 snpra].subtre
567 4047 597 4095 17
613 4037 743 4110 inernpit'
803 4044 836 4093 18
850 4038 979 4108 adverso]
996 4042 1092 4094 enerto
1167 4048 1198 4097 m
1213 4043 1376 4113 preponitur
1449 4051 1485 4101 20

180 4125 213 4176 ut
231 4123 259 4176 in
277 4120 452 4191 penthesilea
523 4128 556 4175 22
576 4126 606 4176 et
623 4137 673 4176 om.
745 4126 779 4174 23
799 4120 888 4175 celsus
906 4137 975 4175 corr.
996 4151 1027 4160 -
1044 4120 1071 4192 is
1141 4129 1175 4176 29
1195 4142 1277 4193 qoem
1301 4125 1381 4193 pellis
1405 4126 1486 4182 senis

181 4205 232 4274 (oet
250 4235 285 4243 -
302 4205 362 4269 nes]
382 4203 505 4272 squamis
577 4208 611 4255 30
629 4201 745 4272 tegebat
762 4217 806 4255 res
824 4202 910 4268 etque
928 4200 1010 4254 huius
1028 4200 1057 4254 in
1076 4201 1176 4258 sociem

271 4399 396 4461 οπεραν
415 4411 465 4459 την
483 4393 603 4463 τοβερην
621 4388 810 4444 transtiberim
834 4393 840 4456 Ι
866 4408 946 4459 μεχρι
972 4393 1118 4459 θαλασαης
1144 4410 1230 4461 nsque
1258 4410 1333 4448 mare
1359 4395 1396 4448 M
1469 4405 1485 4453 7

182 4472 301 4529 ablstini
319 4488 399 4525 ossus
418 4473 484 4525 sunt
504 4471 540 4524 M
610 4467 657 4524 διὰ
677 4467 727 4524 τὸν
746 4467 868 4539 πόλεμον
888 4469 1021 4539 Ηαρινιιο
1092 4491 1175 4540 χωρις
1193 4493 1242 4526 ιον
1262 4477 1378 4528 noiomo
1399 4477 1436 4529 M

184 4561 215 4607 11
235 4552 327 4607 uerbis
346 4553 479 4621 optantur
498 4570 555 4604 απο
573 4569 603 4604 os
623 4551 758 4619 ospellere
778 4550 815 4603 M
898 4557 930 4605 16
949 4551 981 4604 In
999 4551 1182 4622 praepositio]
1202 4553 1293 4607 Dione.
1309 4572 1338 4622 p.
1350 4559 1449 4620 tim

184 4638 217 4686 18
237 4631 357 4701 Turnus]
383 4630 459 4698 Verq.
480 4635 548 4685 Aen.
570 4631 642 4683 XII
660 4636 675 4684 1
757 4638 790 4685 21
810 4629 999 4701 Penthesilea]
1026 4631 1102 4700 Verp.
1122 4633 1190 4685 nen.
1212 4634 1300 4687 Issi
1383 4640 1416 4687 23
1436 4638 1488 4690 ent

184 4711 291 4781 Capyn]
317 4711 393 4780 Verq.
414 4715 482 4764 Aen.
503 4712 523 4763 1
541 4715 596 4765 183
668 4716 702 4763 25
721 4711 788 4781 quid
807 4710 898 4781 mens]
924 4710 1000 4780 Verq.
1017 4712 1085 4766 Διιι.
1101 4712 1121 4763 Ι
1133 4717 1188 4767 231
1263 4712 1384 4782 tuipse]
1406 4713 1486 4785 γαρ.

184 4792 252 4846 Aen.
273 4791 315 4843 II
332 4796 387 4845 618
458 4796 491 4844 29
512 4805 593 4859 quem
612 4789 705 4859 pellis]
732 4790 807 4859 Verp.
827 4792 896 4845 Aen.
918 4790 970 4843 XI
987 4795 1042 4846 5⁴70
