3316 5474
165 349 232 414 382
728 345 902 402 DOSI'I'HEI

165 450 320 496 mmmm

167 544 237 596 sont
260 553 335 615 quae
364 553 474 616 perso
502 531 623 612 quidem
651 533 858 615 proferuntur,
887 534 939 594 sod
966 554 1021 614 per
1049 553 1081 595 se
1109 538 1257 613 syllabam
1286 536 1383 596 iacere
1412 554 1473 596 uon

167 652 300 723 possunt
346 651 418 703 sunt
440 648 539 702 autem
562 658 688 703 numero
708 639 773 722 VH,
795 642 810 702 1
830 640 840 702 l
863 660 892 703 m
915 660 934 702 n
958 661 974 702 r
997 660 1013 702 s
1035 661 1062 705 x.
1109 661 1143 704 er
1168 643 1214 704 his
1237 643 1345 724 duplex
1369 654 1417 706 est
1441 663 1474 705 x:

167 757 282 811 constat
304 751 384 810 osrim
408 757 459 809 aut
481 766 517 808 ox
542 765 560 827 g
583 756 613 808 et
636 765 664 829 s,
693 756 727 809 ut
753 766 807 809 rex
835 751 929 832 regis,
957 757 1008 810 aut
1036 768 1071 810 ex
1095 770 1112 810 ο
1135 760 1165 811 et
1193 770 1222 831 s,
1252 760 1284 811 αι
1311 753 1360 831 pir
1388 752 1476 832 picis,

167 857 292 937 ideoque
321 856 419 917 littera
446 864 580 934 negatur.
626 864 724 917 mutae
753 864 824 917 sunt
850 874 926 935 quae
954 875 1010 918 nec
1039 876 1093 936 per
1121 875 1153 917 so
1186 858 1315 938 proferri
1346 866 1476 936 possunt

168 982 223 1024 noo
250 964 398 1040 syllabam
425 961 532 1022 facere.
579 969 650 1021 sunt
676 970 776 1022 antem
803 980 928 1023 numero
957 962 1048 1044 Villi,
1080 962 1099 1024 b
1127 983 1144 1024 ο
1171 963 1189 1024 d
1218 983 1236 1043 g
1264 963 1283 1024 h
1310 963 1329 1024 k
1357 983 1376 1043 p
1405 983 1423 1043 q
1453 973 1475 1026 t.
1503 985 1517 1025 s

168 1090 203 1131 or
237 1069 283 1130 his
316 1086 516 1150 superuacuae
545 1068 722 1148 quibusdam
749 1069 888 1131 ridentur
915 1069 933 1129 1
963 1079 993 1131 et
1021 1090 1054 1152 q,
1087 1071 1164 1150 quod
1193 1091 1210 1131 ο
1237 1070 1335 1131 littora
1368 1070 1475 1131 harum

168 1179 266 1240 lorum
288 1178 384 1257 possit
406 1175 538 1255 impiere.
559 1173 564 1257 Ι
584 1175 603 1236 h
623 1195 742 1256 qnoque
761 1178 949 1258 aspirationis
972 1187 1057 1258 nota,
1079 1196 1140 1238 nou
1163 1177 1260 1239 littera
1279 1179 1475 1239 existimatur.

170 1307 186 1367 y
209 1294 240 1346 et
262 1305 278 1346 z
300 1293 425 1364 propter
447 1302 553 1364 graeca
577 1285 696 1345 nomina
719 1283 910 1345 admittimus.

257 1395 281 1453 Α
313 1392 411 1453 littera
443 1391 564 1473 vocalis,
597 1409 673 1471 quae
705 1391 826 1470 quidem
857 1409 912 1472 por
945 1410 977 1452 se
1010 1392 1080 1454 iacit
1111 1395 1260 1470 syllabam
1291 1391 1410 1453 brevem
1444 1402 1477 1453 et
1541 1396 1543 1401 ’

169 1502 285 1582 longam
313 1503 444 1579 itemque
473 1517 584 1560 conexa
613 1518 681 1561 cum
705 1497 770 1561 aliis
792 1509 853 1561 tam
874 1501 1043 1581 praeposita
1067 1519 1155 1580 quam
1178 1499 1273 1564 media
1299 1502 1477 1582 finiensque,
1492 1523 1520 1563 ιο

169 1617 204 1671 ut
230 1607 334 1668 Ahala:
362 1615 431 1667 nola
459 1608 549 1666 otiam
576 1608 793 1688 praenominis,
820 1625 889 1668 oum
912 1606 1019 1669 Aulum
1049 1608 1110 1669 sola
1138 1607 1291 1687 significat.
1336 1606 1477 1669 elittera

170 1715 279 1776 vocalis
302 1732 357 1794 por
380 1732 412 1774 se
436 1715 585 1773 nominata
610 1715 741 1793 itemque
766 1731 834 1774 oum
857 1713 922 1776 aliis
945 1717 1046 1776 iuncta
1069 1725 1099 1776 ot
1121 1715 1227 1776 breves
1244 1717 1320 1777 'iacit
1341 1718 1477 1793 syllabas

171 1833 201 1884 et
224 1822 334 1901 longas.
380 1823 390 1880 i
413 1818 511 1880 littera
535 1819 642 1880 vocalis
666 1819 817 1882 interdum
835 1825 983 1883 transiens
1002 1825 1033 1884 iu
1052 1825 1278 1884 consonantium
1297 1833 1476 1903 potestatem

170 1948 224 2010 per
256 1947 288 1989 se
321 1946 377 1988 neo
406 1929 504 1987 minus
537 1925 601 1986 aliis
634 1928 744 1987 sociata
776 1936 836 1989 tarn
865 1927 971 1989 breves
1000 1931 1070 1990 saoit
1091 1933 1225 2008 syllabus
1248 1949 1336 2010 qnam
1361 1931 1478 2010 longas:

172 2046 240 2098 nota
263 2037 393 2116 ursmari,
417 2051 486 2095 cum
508 2051 601 2094 nuum
626 2034 778 2112 significat.
824 2053 842 2095 ο
865 2033 964 2096 littora
987 2035 1094 2097 vocalis
1120 2044 1178 2096 tam
1201 2039 1362 2116 corripitur
1386 2055 1476 2118 quam
1492 2059 1518 2098 ιε

172 2142 348 2225 producitur
381 2150 410 2200 ot
443 2138 601 2220 singularis
634 2150 663 2201 ot
695 2159 764 2202 cum
797 2140 862 2202 aliis
895 2143 1038 2223 copulata.
1094 2163 1112 2204 u
1146 2142 1243 2204 littora
1277 2143 1384 2204 vocalis
1417 2164 1478 2206 nou

173 2281 386 2291 -——--—-—

263 2348 353 2403 Codex
372 2347 568 2417 Saupnllensis.
608 2355 620 2401 1
642 2346 781 2416 syllabam
799 2363 850 2404 om.
923 2355 938 2402 2
954 2367 1068 2405 numero
1082 2366 1131 2405 osu.
1205 2357 1221 2404 3
1241 2352 1273 2405 ut
1287 2356 1350 2405 aule
1364 2350 1412 2419 pix
1426 2368 1478 2407 om.

210 2436 226 2484 5
245 2428 384 2499 syllabam
402 2444 452 2481 om.
526 2433 541 2480 9
561 2424 699 2496 syllabam
713 2442 763 2481 om.
839 2433 872 2481 10
885 2429 962 2501 torn]
973 2429 1059 2483 etium
1132 2430 1271 2485 lisoium
1345 2436 1376 2484 12
1391 2431 1479 2487 breue

245 2508 368 2580 syllabus
387 2525 437 2562 σοι.
512 2513 545 2561 14
563 2505 634 2578 tam]
655 2505 740 2562 etium
812 2507 905 2565 breuis
923 2509 993 2564 facit
1010 2526 1096 2579 quam
1170 2517 1202 2565 1ο
1221 2510 1292 2582 tam]
1313 2512 1398 2566 otiam

175 2706 259 2777 ἀλλὰ
277 2703 357 2775 καθ’
381 2703 481 2774 ἑαυτὰ
500 2701 672 2792 συλλαβῆν
689 2708 827 2792 ποιῆσαι
846 2703 887 2774 οὐ
907 2705 1056 2776 δύναται.
1084 2712 1174 2776 ἔστιν
1194 2707 1231 2775 δὲ
1250 2705 1310 2777 τὸν
1329 2706 1480 2795 ἀριθμὸν

176 2816 256 2885 έπτά
323 2815 389 2882 ,έιι
416 2811 544 2881 τούτων
574 2815 717 2881 διπλοῦν
745 2813 835 2881 ἐστιν
864 2810 901 2882 τὸ
930 2840 957 2882 x.
1003 2815 1204 2902 συνέστηκεν
1228 2813 1292 2904 γὰρ
1315 2811 1336 2902 ῆ
1361 2818 1395 2883 έκ
1418 2822 1482 2885 τοῦ

176 2923 268 3010 guni
287 2947 314 3010 s,
338 2916 383 3000 ὥς
405 2917 443 2988 τὸ
466 2945 519 2987 rex
538 2930 633 3008 τιμία,
657 2914 678 3006 ῆ
698 2921 734 2987 ἐκ
752 2923 813 2987 τοῦ
832 2946 848 2987 ο
866 2921 922 2988 καὶ
941 2946 970 3009 s,
992 2918 1037 3002 ὥς
1055 2920 1091 2990 τὸ
1112 2931 1161 3008 pix
1180 2932 1262 3009 picis.
1300 2921 1356 2990 διὰ
1379 2927 1480 2991 τοῦτο

176 3029 312 3118 γράμμα
344 3025 501 3114 ἀρνεῖται.
555 3024 676 3113 ἅφωνό
714 3026 804 3094 ἐστιν
836 3021 858 3094 ἃ
891 3025 967 3095 οὔτε
996 3025 1075 3095 καθ’
1116 3027 1215 3096 ἑαυτὰ
1252 3031 1482 3115 έκφωνεῖσθαι

178 3137 319 3206 δύναται
343 3133 418 3203 οὔτε
441 3132 613 3221 συλλαβὴν
636 3135 784 3219 ποιῆσαι,
830 3137 921 3202 ἔστιν
945 3133 983 3202 δὲ
1002 3143 1008 3217 Ι
1027 3133 1086 3203 τὸν
1110 3133 1261 3224 ἀριθμὸν
1292 3138 1398 3204 ἐννέα.
1445 3137 1482 3204 έιι
1510 3173 1524 3213 5

176 3243 305 3314 τούτων
333 3239 473 3329 περισσό
500 3260 588 3309 τισιν
618 3240 826 3328 δοκιμάζεται
855 3239 891 3309 τὸ
920 3248 940 3309 k
967 3242 1021 3309 καὶ
1048 3241 1086 3310 τό
1111 3269 1143 3331 q,
1172 3241 1282 3312 ὅτιτὸ
1307 3271 1323 3311 ο
1346 3242 1483 3332 γράμμα

67 3428 72 3438 ,
177 3350 238 3420 τὸν
269 3348 398 3418 τούτων
431 3347 534 3417 τόπον
569 3348 711 3417 δύναται
747 3345 993 3437 ἀναπληρῶσαι.
1047 3350 1103 3418 καὶ
1134 3348 1171 3418 τὸ
1206 3357 1225 3417 h
1257 3356 1315 3438 τῆς
1347 3355 1483 3431 δασείας

178 3471 328 3545 σημεῖον,
358 3453 433 3543 οὐχὶ
460 3455 595 3544 γράμμα
623 3453 902 3544 ὑπολαμβάνεται.
952 3455 990 3525 τό
1022 3483 1044 3525 ν
1078 3455 1116 3524 δέ
1147 3464 1206 3525 καί
1233 3456 1271 3526 τὸ
1306 3465 1322 3540 ζ
1353 3455 1409 3525 διὰ
1441 3456 1483 3526 τὰ

180 3561 335 3653 έλληυικδι
360 3561 508 3649 ὀνόματα
530 3562 794 3651 προσβάλλομευ.

268 3668 450 3766 ᾼγρόμμα
477 3675 624 3757 φωνῆεν,
657 3669 737 3758 ὅπερ
769 3668 830 3758 μέν
863 3662 926 3738 οὖν
958 3669 1038 3738 καθ’
1070 3668 1167 3739 ἑαυτό
1194 3687 1286 3740 ποιεῖ
1311 3670 1483 3760 συλλαβὴν
1500 3712 1526 3750 10

181 3785 339 3864 βραχεῖαν
361 3777 416 3843 καὶ
440 3775 581 3863 μακρόν,
605 3774 727 3863 ὁμοίως
750 3775 788 3844 δέ
811 3778 1073 3864 συνεζευγμένον
1095 3776 1176 3866 μετὰ
1199 3777 1310 3848 ἄλλων
1329 3781 1383 3847 καὶ
1402 3805 1483 3868 προ-

181 3882 390 3971 ταοσόμενον
413 3883 469 3950 καὶ
492 3885 595 3970 μέσον
617 3884 673 3951 καὶ
697 3885 749 3952 ἐπὶ
771 3886 900 3971 τέλους,
923 3880 968 3965 ὡς
990 3883 1027 3952 τὸ
1047 3891 1152 3974 Ahala,
1173 3887 1228 3953 aul
1248 3901 1386 3973 σημεῖον
1405 3913 1483 3973 χρη-

182 3993 358 4080 ματισμοῦ,
391 3986 489 4057 ὁπότε
518 3981 632 4058 Αὖλον
664 3989 772 4077 μόνον
804 3995 967 4078 σημαίνει.
1017 4018 1033 4058 ο
1065 3991 1201 4081 γράμμα
1233 3997 1368 4080 φωνῆεν
1400 3990 1480 4060 καθ’

182 4095 280 4169 ἑαυτό
304 4093 499 4185 ὀνομασθὲν
523 4095 646 4184 ὁμοίως
667 4123 702 4165 τε
725 4096 805 4185 μετὰ
828 4095 941 4166 ἄλλων
964 4098 1103 4186 ζευχθέν
1131 4101 1186 4168 καὶ
1214 4105 1370 4187 βραχείας
1396 4113 1488 4167 ποιεί

183 4203 350 4291 συλλαβὰς
372 4205 427 4271 καὶ
450 4203 585 4292 μακρός.
632 4214 641 4272 i
664 4204 799 4292 γράμμα
822 4210 959 4295 φωνῆεν
984 4204 1058 4275 ἔσθ’
1085 4204 1139 4275 ὅτε
1167 4207 1408 4295 μετερχόμενον
1437 4211 1485 4287 εἰς
1500 4248 1527 4286 15

183 4317 244 4401 τῆν
271 4316 339 4381 τῶν
367 4310 560 4399 συμφώνων
589 4311 735 4399 δύναμιν
762 4311 841 4381 καθ’
873 4312 986 4399 ἑαυτό,
1020 4313 1119 4382 οὐδέν
1153 4319 1290 4383 ἔλαττον
1321 4315 1376 4381 καὶ
1404 4313 1485 4400 μετὰ

183 4421 294 4490 ἄλλων
318 4421 523 4507 ἐζευγμένον,
545 4420 600 4486 καὶ
623 4427 778 4507 βραχείας
799 4435 889 4488 ποιεῖ
910 4419 1077 4507 συλλαβὰς
1099 4421 1154 4488 καὶ
1178 4422 1316 4509 μακρός·
1345 4436 1484 4508 σημεῖον

185 4527 348 4614 ἀριθμοῦ,
373 4524 471 4595 ὁπότε
495 4530 553 4596 ἕνα
577 4532 739 4613 σημαίνει.
785 4553 802 4593 ο
821 4526 954 4615 γράμμα
973 4531 1110 4614 φωνῆεν
1128 4528 1184 4596 καὶ
1202 4530 1411 4597 συστέλλεται
1430 4531 1486 4598 καλ

185 4637 361 4702 ἐκτείνεται
378 4636 435 4702 καὶ
453 4632 560 4721 μόνον
578 4634 633 4701 καὶ
652 4630 732 4721 μετὰ
751 4631 862 4700 ἄλλων
881 4633 1112 4722 ζευγνύμενον.
1158 4660 1177 4700 ιι
1197 4633 1330 4721 γράμμα
1349 4640 1486 4722 φωνῆεν

274 4838 291 4886 3
309 4832 383 4902 regis
402 4847 451 4887 ουτ.
525 4837 540 4885 ‘l
560 4849 609 4884 και
626 4847 705 4884 τοντε
725 4830 841 4891 δασείας
913 4834 947 4883 12
966 4848 1003 4893 ας
1020 4847 1052 4885 το
1071 4833 1125 4884 αλιι
