3316 5474
547 367 720 422 exultent
739 365 1006 423 ELOCVTIONVM
1365 363 1429 429 467

127 481 148 518 p.
163 471 208 509 224.
223 468 302 511 22511.

128 554 369 615 delectaverit
393 602 399 614 .
423 552 555 615 delector
587 552 634 612 illa
668 571 715 632 re,
747 551 980 612 idemllorten.
1013 551 1071 611 hie
1104 552 1256 630 primum
1284 549 1431 612 Catulus

127 661 329 723 delectatus
352 664 429 741 ipso
453 660 531 721 loco
555 708 562 723 .

216 769 332 830 Desiste
359 768 414 829 hae
442 786 489 849 re,
522 766 579 828 Sal.
602 765 720 827 histll
753 777 792 828 ut
823 768 966 827 actione
999 765 1212 847 desisteret,
1243 764 1310 825 Ter.
1342 763 1430 825 Phor.

128 878 295 952 (litte)
315 885 352 937 ut
375 894 458 936 erus
482 875 536 935 his
559 874 713 935 desistat
735 872 890 935 litibus.
910 874 1020 934 desiste
1045 872 1100 933 hoc
1124 872 1235 953 facere,
1259 871 1342 951 Verg.
1358 872 1428 932 den.

87 996 100 1035 ⁶
127 982 181 1043 llll
205 985 280 1056 (60)
304 983 442 1044 desiste
467 998 604 1042 manum
627 983 854 1042 committere
878 973 1064 1061 Teucris!

216 1089 348 1151 Devertit
370 1090 504 1167 domum,
528 1087 896 1167 Cie.prol)eiot.(6‚17)
920 1096 955 1147 et
976 1087 1115 1148 domum
1139 1089 1250 1166 regis,
1272 1086 1431 1166 hospitis

127 1200 193 1277 tui,
216 1197 438 1258 devertisses
453 1243 459 1256 .
474 1195 601 1256 devertit
619 1197 649 1255 in
670 1195 804 1275 domum,
822 1194 901 1255 idem
919 1213 974 1275 pro
993 1193 1100 1254 hlilone
1121 1194 1249 1269 (20,5d)
1268 1193 1428 1254 devertit

126 1309 162 1367 in
187 1306 304 1366 villam
327 1304 472 1384 Pompei
497 1352 504 1364 .

216 1412 322 1492 Deligit
344 1415 375 1472 in
399 1411 446 1472 illa
470 1430 517 1491 re,
540 1411 599 1472 Cir.
624 1413 654 1471 in
678 1410 739 1471 Cat.
763 1409 776 1470 l
799 1410 903 1485 (did)
928 1410 1019 1490 quod
1048 1428 1122 1470 eam
1150 1427 1298 1470 neeesse
1326 1417 1431 1489 putas

88 1533 114 1571 1⁰
127 1538 205 1580 esse
225 1521 259 1580 iu
283 1517 444 1579 consulis
463 1536 614 1596 corpore
634 1517 796 1597 defigere
811 1566 818 1578 .
833 1516 934 1597 deligit
948 1515 996 1577 illa
1011 1535 1056 1597 re,
1081 1516 1165 1596 Verg.
1180 1518 1252 1577 Aen.
1268 1515 1320 1575 llll
1335 1517 1427 1588 (130)

127 1626 293 1706 defigunt
316 1626 449 1687 tellure
474 1624 603 1686 hastas.

215 1734 302 1794 Disco
326 1751 362 1793 ex
385 1732 448 1814 illo,
471 1731 556 1811 Verg.
579 1732 651 1793 den.
674 1731 728 1792 llll
751 1733 846 1806 (435)

277 1839 390 1920 disee,
413 1858 516 1920 puer,
539 1841 709 1900 virtutem
733 1858 774 1899 ex
798 1857 850 1901 me
873 1857 1067 1920 verumque
1091 1839 1248 1900 lahorem
1273 1888 1279 1899 ,

127 1947 209 2007 disco
233 1946 268 2006 de
292 1945 355 2026 itio,
377 1945 445 2006 Ter.
469 1944 543 2005 Eun.
567 1947 621 2018 (II
640 1946 725 2020 2,31)
749 1955 789 2006 ut
812 1944 882 2006 sihi
905 1945 1035 2007 liceret
1058 1946 1200 2007 discere
1224 1947 1257 2007 id
1280 1946 1322 2007 de
1346 1964 1398 2006 me
1424 1993 1430 2004 .

89 2069 114 2107 ιδ
217 2053 341 2114 Dellexit
368 2053 405 2113 de
433 2054 599 2134 proposito,
632 2052 691 2113 Cio.
715 2051 820 2131 Philip.
848 2052 912 2113 XVl
935 2049 959 2131 †
980 2052 1073 2114 latero
1101 2055 1142 2112 sis
1170 2072 1212 2114 ne
1240 2054 1432 2131 vestigium

128 2161 270 2240 quidem
294 2160 447 2221 deflexit
470 2207 476 2220 .

217 2267 383 2348 Disceptata
407 2267 443 2328 lis
466 2270 526 2342 est,
550 2267 609 2328 Cio.
632 2266 758 2349 Philipp.
781 2266 859 2327 xv11
882 2286 950 2329 non
979 2276 1034 2329 est
1061 2268 1123 2328 illa
1151 2267 1332 2329 dissensio
1360 2248 1431 2327 dis-

128 2385 271 2455 ceptata
294 2375 398 2436 hello.

217 2482 388 2562 Deportavit
410 2482 544 2562 domum,
568 2483 627 2544 Cic.
646 2483 684 2544 de
702 2502 765 2564 rep.
784 2483 797 2544 l
816 2484 936 2559 (1431)
956 2501 1034 2545 enm
1058 2483 1155 2544 aliud
1179 2482 1269 2543 nihil
1293 2482 1432 2543 domum

87 2606 115 2645 so
129 2609 225 2651 suam
249 2589 519 2668 deportavisset
542 2638 549 2650 .
573 2590 739 2671 deportavit
761 2593 791 2651 in
814 2590 901 2671 illud,
924 2589 1002 2651 idem
1025 2590 1062 2651 de
1085 2598 1225 2671 praetura
1249 2589 1360 2650 urbana
1385 2592 1431 2663 (in

137 2697 637 2772 Vernantsee.120,54)haee
658 2717 725 2759 uon
744 2697 882 2759 domum
902 2716 999 2759 suam
1023 2715 1137 2776 neque
1162 2699 1197 2757 in
1221 2695 1430 2758 suhurhana

129 2806 336 2884 amicorum,
359 2803 419 2864 sed
443 2804 585 2865 Romam
607 2808 644 2865 in
662 2804 846 2884 publicum
869 2805 1077 2886 deportavit
1100 2853 1106 2864 .

217 2911 348 2973 llisredit
374 2911 480 2993 Roma,
512 2911 572 2972 Cic.
600 2914 631 2972 in
659 2910 781 2973 Verrem
809 2914 924 2973 actione
957 2915 1050 2993 prima
1079 2912 1202 2985 (18,5d)
1235 2928 1312 2971 eum
1346 2909 1431 2970 haee

129 3020 336 3098 frequentia
360 3018 466 3079 Roma
489 3018 735 3080 discesserit.
857 3014 860 3018 ’

89 3141 115 3181 aa
218 3126 395 3206 Defungitur
426 3126 486 3207 his,
519 3126 578 3187 Cin.
611 3126 749 3187 frument.
782 3129 829 3200 (in
864 3127 949 3188 Verr.
978 3129 1035 3189 III
1059 3126 1170 3200 fort)
1203 3144 1280 3187 oum
1313 3124 1431 3186 tribus

130 3232 291 3292 decumis
314 3250 377 3312 pro
401 3251 468 3292 uua
491 3232 771 3312 defungeretur,
795 3232 880 3314 Verg.
904 3234 975 3295 den.
999 3232 1036 3293 Vl
1060 3235 1130 3308 (83)

341 3359 358 3398 o
383 3339 523 3400 tandem
549 3343 687 3420 maguis
709 3341 827 3422 pelagi
850 3341 1023 3403 defuncte
1047 3341 1219 3421 periclis.

218 3447 361 3526 Desperat
384 3446 460 3506 hauc
484 3465 562 3529 rem,
585 3447 644 3508 Cic.
669 3447 705 3508 de
729 3446 882 3527 suppliciis
905 3452 952 3521 (in
974 3449 1059 3510 Verr.
1081 3450 1106 3507 Γ
1120 3449 1205 3525 d,12)
1228 3449 1432 3528 desperatis

129 3557 196 3614 iam
220 3552 385 3614 omnihus
409 3552 528 3614 rebus.

89 3676 115 3716 so
219 3662 349 3722 Dilectus
372 3661 456 3741 huie,
480 3660 564 3740 Terg.
587 3679 668 3740 geor.
693 3663 713 3721 I
732 3661 826 3734 (399)
849 3661 1004 3724 dilectae
1028 3663 1172 3723 Thetidi
1196 3661 1365 3741 alcyones
1389 3709 1396 3721 .

218 3769 297 3849 Dego
321 3768 400 3829 illam
423 3787 500 3851 rem,
520 3768 604 3848 Verg.
619 3770 690 3829 den.
706 3767 758 3829 llll
773 3770 869 3844 (550)
888 3773 966 3832 sine
985 3772 1136 3831 erimine
1160 3772 1265 3831 vitam
1288 3770 1432 3850 degere,

219 3966 310 4021 Codex
332 3967 481 4022 Parrhasii
517 3967 663 4023 ³Desiste
682 3968 736 4023 hee
753 3985 784 4023 re
863 3971 932 4024 tut
949 3972 1024 4039 ems]
1043 3967 1148 4025 uterino
1221 3968 1320 4038 tinI]
1339 3968 1377 4021 Xl

131 4046 330 4102 tdevertisset
347 4064 417 4102 corr.
437 4079 468 4088 -
491 4065 519 4103 es
599 4064 649 4117 pro
667 4048 736 4103 Milo
819 4055 852 4104 10
871 4048 1003 4120 defigere]
1022 4049 1112 4120 delige
1193 4048 1316 4120 Xll]ll1
1398 4054 1431 4103 12

129 4128 193 4198 ΧΠ]
214 4127 251 4180 Xl
335 4135 366 4182 18
385 4127 461 4182 bello
479 4144 547 4182 eorr.
566 4128 641 4183 bello
724 4134 756 4183 19
775 4128 801 4200 Ι]
820 4129 846 4181 ll
928 4134 962 4184 20
981 4129 1151 4200 deportavit]
1171 4127 1295 4199 portavit
1316 4128 1432 4182 remano

130 4210 186 4263 foco
258 4214 292 4261 25
311 4206 366 4262 cic.
386 4207 555 4263 frumentum
573 4208 664 4264 tribus
735 4215 769 4265 80
788 4210 800 4262 l
819 4226 869 4264 oon.
942 4208 1064 4264 oleiones
1136 4216 1168 4264 31
1189 4209 1303 4280 degere]
1324 4208 1434 4277 degerit

125 4289 221 4357 priore
239 4289 296 4342 loeo

219 4449 422 4521 ideleotatus]
449 4450 605 4505 delectatur
628 4451 692 4504 olim
710 4451 742 4505 in
759 4450 921 4520 [registestis
939 4451 1084 4504 Hortensii
1110 4440 1144 4504 es'r
1167 4448 1309 4504 Frontem
1331 4450 1433 4503 editum

130 4536 168 4585 est
240 4530 380 4585 3desisto
398 4531 451 4585 hnc
470 4548 499 4585 re
518 4530 728 4585 Iaindemonnns
799 4531 1001 4586 tdevertisset
1018 4548 1052 4586 ex
1068 4529 1094 4584 G
1112 4532 1198 4586 edidit
1215 4531 1432 4597 Lindenannun

130 4611 290 4666 divertisset
308 4616 332 4664 ei
350 4609 467 4664 divertit
486 4610 523 4663 M
603 4615 636 4664 ta
655 4609 794 4664 Ciceronis
815 4610 898 4664 verta
920 4626 953 4664 ex
973 4611 1139 4680 Philippicis
1156 4611 1329 4665 orationihus
1346 4610 1433 4665 dmin

129 4693 202 4745 αηάε
227 4693 315 4759 petito
341 4691 411 4758 nint,
438 4707 495 4745 non
522 4695 627 4745 constat
714 4688 872 4746 Laterensis
901 4693 938 4746 Μ
943 4689 1002 4744 PG
1087 4690 1210 4744 ethaeo
1233 4690 1337 4746 nonin
1354 4692 1431 4746 tuam

130 4772 243 4825 domum
268 4788 359 4839 neque
383 4771 411 4824 in
436 4771 595 4826 suburbano
618 4770 784 4840 amicorum,
812 4771 861 4827 sed
883 4771 999 4827 Romam
1028 4771 1057 4825 in
1084 4771 1228 4841 publicum
1255 4771 1432 4842 deportasset

131 4850 224 4905 Cicero
