3316 5474
235 376 300 440 208
696 409 702 417 ·
775 377 1004 434 CASSIODORH

235 487 256 524 p.
272 476 324 515 aare
338 476 364 515 a.

325 557 447 619 Caelehs
476 566 544 617 ante
572 558 755 618 terminalem
784 581 798 621 s
822 562 950 622 litteram
974 561 993 621 b
1022 560 1111 622 scribi
1140 559 1241 641 dehet,
1271 578 1329 619 non
1355 579 1379 639 v,
1403 561 1542 636 quoniam

237 665 394 745 vvocalis,
419 683 486 724 eum
508 667 537 724 iu
557 669 747 726 consonantis
768 669 919 727 transierit
942 675 1132 748 potestatem,
1155 685 1215 727 nora
1239 675 1337 745 potest
1356 665 1440 725 aliam
1459 684 1543 744 prae·

238 772 344 833 eedere
368 780 588 832 consonantem.
924 774 928 782 '

324 880 491 960 Adspiratie
520 888 587 940 ante
616 880 730 940 vocales
758 900 861 941 ornnes
888 883 959 960 poni
987 889 1096 960 petest3
1126 890 1194 960 post
1222 888 1418 939 consonantes
1442 888 1541 939 antem

235 996 376 1065 quattuor
399 985 602 1047 tantummodo
625 989 760 1065 ponitur,
783 1006 799 1045 c
822 997 834 1048 t
857 1007 876 1067 p
900 1006 924 1069 r,
952 997 985 1047 ut
1018 986 1111 1046 haheo
1135 986 1304 1046 Herennius
1332 986 1421 1045 heros
1449 986 1571 1046 hiemsa

235 1092 323 1152 horno
355 1093 463 1154 humus
487 1093 629 1153 Chremes
652 1092 765 1151 Thraso
788 1091 943 1173 Philippus
965 1092 1096 1153 Rhodus
1135 1093 1200 1153 ideo
1224 1103 1323 1154 autem
1351 1093 1371 1152 h
1395 1093 1543 1154 vocalibus

236 1202 422 1260 extrinsecus
445 1200 638 1279 adscribitur,
663 1209 695 1260 ut
718 1203 816 1260 minus
835 1208 956 1282 sonent,
980 1199 1212 1260 consonantibus
1232 1209 1330 1259 autem
1354 1201 1544 1280 intrinsecus

237 1314 271 1366 ut
293 1306 454 1387 plurimum
478 1316 592 1368 sonent.

324 1413 437 1474 Gnatus
464 1433 518 1494 per
541 1433 559 1492 g
582 1423 613 1475 et
636 1433 656 1474 n
679 1413 869 1474 scribendum
898 1423 959 1494 est,
986 1417 1064 1474 sicut
1087 1433 1212 1494 gnavus,
1242 1415 1310 1493 qnia
1338 1416 1368 1474 in
1398 1416 1542 1492 composi·

235 1522 317 1594 tione
340 1523 434 1600 ipsam
457 1523 587 1583 retinent
610 1540 641 1601 g,
664 1531 698 1581 ut
721 1531 845 1600 agnatus
869 1530 899 1582 ct
921 1522 1052 1600 ignavus.
1559 1535 1584 1574 10

324 1628 438 1708 Ecquid
461 1647 515 1708 per
534 1647 550 1689 e
574 1628 764 1690 scribendum
787 1631 817 1689 in
839 1630 933 1708 prima
952 1627 1074 1708 syllaba,
1098 1629 1236 1706 quoniam
1266 1627 1375 1706 enquid
1400 1629 1545 1706 significat

240 1754 259 1794 u
283 1735 380 1794 littera
404 1743 584 1795 consonante
608 1737 638 1795 in
662 1755 678 1795 c
702 1754 852 1796 conversa.

326 1841 462 1920 Saniguis
485 1844 515 1901 in
539 1843 633 1920 prima
658 1841 765 1921 syllaba
794 1861 847 1921 per
870 1861 899 1901 m
924 1841 1115 1902 scribendum
1139 1843 1169 1901 in
1193 1843 1373 1902 nominativo
1392 1842 1544 1902 dumtaxat

239 1965 323 2028 casu,
346 1951 377 2007 in
400 1950 509 2007 ceteris
532 1956 631 2008 autem
656 1947 773 2008 casibus
796 1967 898 2028 pern,
922 1950 1061 2027 quoniam
1080 1967 1109 2008 m
1133 1947 1229 2009 littera
1254 1951 1282 2008 in
1308 1967 1325 2008 n
1351 1951 1542 2008 convertitur.

330 2053 369 2113 Rs
393 2053 499 2114 latinae
523 2053 638 2114 litterae
662 2063 761 2134 prod
784 2074 887 2134 graeca
911 2055 1008 2116 littera
1028 2075 1087 2116 uon
1107 2056 1192 2117 aliter
1215 2058 1285 2135 poni
1304 2055 1413 2115 debent
1436 2057 1465 2114 iu
1486 2069 1583 2115 una15

239 2162 400 2239 eademque
420 2160 528 2239 syllaba
548 2162 722 2221 coniunctae
743 2163 799 2221 nisi
823 2164 852 2221 ln
877 2162 934 2221 unc
954 2165 1140 2237 nominativi,
1165 2165 1250 2223 carius
1273 2165 1427 2241 genetivus
1446 2164 1475 2221 iu
1497 2161 1544 2220 bis

239 2268 420 2348 desinit,'ut
442 2266 515 2327 urbs
538 2265 635 2346 urhis,
659 2267 774 2327 caelebs
798 2268 931 2350 caelibis,
954 2269 1048 2330 Arabs
1071 2269 1182 2330 Arabis.

327 2373 486 2434 Sciendum
515 2382 612 2434 autem
642 2377 772 2453 surripio
802 2393 856 2454 per
879 2394 894 2434 r
917 2378 1080 2456 geminum,
1109 2395 1168 2436 non
1196 2396 1250 2456 per
1274 2375 1291 2435 b
1315 2386 1346 2437 et
1369 2395 1383 2435 ι·
1411 2374 1542 2435 scriben-

237 2481 321 2542 dum:
345 2481 481 2542 similiter
504 2490 535 2541 et
559 2479 716 2560 [corripio]
741 2483 864 2561 arripio,
893 2472 1031 2561 quoniam
1056 2482 1074 2541 b
1098 2485 1128 2542 in
1152 2501 1167 2542 r
1192 2502 1310 2562 quoque
1336 2491 1543 2543 commutatur.

327 2587 469 2668 Suspicor
487 2597 518 2648 et
539 2588 683 2666 suspicio,
707 2586 796 2648 verba
815 2591 976 2668 composita
995 2588 1032 2648 ab
1055 2588 1202 2649 adverbiis
1222 2608 1342 2649 sursum
1361 2588 1406 2648 vel
1430 2606 1542 2667 sussuu,
1557 2602 1583 2639 ιο

237 2697 268 2755 ἱιι
290 2698 385 2774 prima
405 2694 512 2774 syllaba
535 2714 590 2774 per
610 2712 702 2754 unum
722 2713 749 2776 s,
774 2713 832 2755 non
855 2714 910 2774 per
929 2694 987 2755 diro
1007 2694 1162 2757 scribenda
1182 2704 1267 2776 sunt,
1289 2697 1429 2774 quoniam
1449 2693 1541 2773 dupli·

237 2804 298 2862 cari
326 2820 492 2863 consonans
519 2801 720 2880 subsequente
748 2802 803 2861 alia
831 2811 1012 2863 consonante
1040 2821 1099 2862 uon
1127 2810 1240 2882 potest,
1275 2805 1353 2862 sicut
1380 2820 1435 2861 uec
1463 2809 1544 2861 ante-

238 2907 375 2990 cedente,
398 2911 455 2968 nisi
479 2909 569 2970 luerit
592 2917 672 2969 muta
696 2917 763 2968 ante
788 2908 943 2988 liquidam,
967 2917 1000 2969 ut
1023 2908 1147 2988 supplex
1171 2909 1318 2987 sullragor
1341 2908 1429 2967 suillo
1453 2908 1543 2967 esurio

238 3004 372 3094 effringo.

326 3122 490 3203 Quicquam
519 3126 549 3184 in
577 3127 671 3204 prima
700 3123 808 3203 syllaba
836 3143 890 3203 per
913 3143 930 3183 c
954 3122 1160 3203 scribendum,
1187 3122 1265 3202 quod
1294 3122 1313 3182 d
1341 3122 1439 3183 littera
1467 3125 1496 3182 iu
1526 3134 1584 3181 025

240 3228 367 3290 litteram
391 3239 598 3291 commutatur.

327 3338 442 3415 Aggere
465 3356 520 3416 per
543 3357 561 3416 g
585 3336 775 3398 scribendum
800 3346 830 3398 et
853 3347 1044 3419 aggregatus,
1068 3356 1127 3397 non
1150 3355 1205 3416 per
1228 3337 1255 3396 d.

328 3505 341 3551 1
362 3497 500 3552 maan.
520 3499 630 3553 caelebs
649 3505 695 3565 aa,
714 3505 751 3554 10
829 3505 846 3553 4
865 3497 1020 3568 adspiratio
1038 3503 1084 3563 ra,
1102 3502 1138 3553 15
1217 3505 1233 3553 s
1252 3486 1354 3568 glans
1373 3504 1418 3568 30,
1436 3505 1473 3553 ιι)

239 3583 271 3630 11
291 3576 391 3646 ecquid
409 3583 453 3646 31,
473 3583 509 3632 10
583 3584 614 3632 13
630 3579 752 3648 samguis
771 3583 854 3647 32,9
928 3585 961 3632 lb
980 3579 1014 3632 bs
1032 3575 1136 3631 latinae
1154 3576 1268 3632 litterae
1287 3582 1369 3644 33,7
1433 3585 1466 3633 18
1486 3597 1542 3631 sur-

237 3657 310 3726 ripio
329 3661 428 3723 34,10
499 3662 534 3710 20
553 3657 678 3727 suspicor
696 3662 740 3727 34,
760 3663 795 3713 13
875 3663 910 3712 25
929 3657 1078 3727 quiequam
1097 3662 1142 3726 35,
1161 3663 1177 3712 1
1197 3657 1343 3727 Papiriou.
1362 3663 1426 3722 160,
1445 3664 1481 3710 10

240 3740 273 3788 27
293 3751 397 3806 aggero
417 3741 496 3804 35,1

327 3885 443 3936 lsom.
462 3878 521 3932 AG
572 3880 694 3936 bscribi
712 3881 796 3935 debet
815 3896 871 3935 non
888 3898 907 3932 ιι
925 3878 953 3931 Β
971 3877 989 3930 b
1009 3876 1094 3932 scribi
1112 3879 1197 3934 dehet
1213 3896 1269 3933 non
1289 3897 1339 3949 per
1357 3899 1375 3933 u
1394 3880 1447 3933 AG
1462 3897 1512 3948 per
1525 3880 1544 3933 b

238 3957 322 4012 scribi
341 3958 425 4013 debet
443 3961 473 4014 et
490 3977 544 4014 non
563 3978 613 4029 per
630 3981 647 4015 v
668 3961 767 4016 Oorrs'o
839 3965 855 4012 2
874 3957 1064 4029 consonantis]
1084 3962 1269 4015 consonantes
1287 3962 1314 4014 A
1334 3964 1503 4015 consonante
1524 3961 1546 4012 C

273 4055 328 4092 non
347 4044 411 4093 oute
429 4041 590 4109 petenham.
609 4040 700 4095 ABG
761 4039 902 4108 cauum]
922 4039 954 4092 ut
971 4039 998 4091 A
1063 4040 1243 4094 dchremens
1259 4040 1318 4095 AG
1377 4041 1464 4095 hom.
1481 4041 1544 4106 AC,

237 4118 301 4175 odd.
320 4119 348 4173 Β
439 4119 565 4174 'iminus
583 4123 683 4175 sonent
700 4119 728 4173 Β
747 4119 838 4174 minus
858 4123 939 4175 sonet
956 4118 1014 4173 AO
1101 4126 1117 4174 9
1143 4121 1220 4192 qnia]
1240 4138 1313 4191 quae
1333 4122 1428 4193 Oque
1447 4124 1473 4175 A

239 4204 273 4252 10
290 4199 412 4255 retinent
426 4199 533 4266 Carrio,
552 4201 656 4256 retinet
674 4201 765 4256 ABG
815 4203 848 4256 ut
864 4201 984 4270 agnatus
1002 4200 1030 4252 Β
1048 4202 1081 4254 ut
1093 4204 1197 4271 gnatus
1216 4201 1274 4257 AC
1327 4209 1359 4257 13
1379 4202 1549 4272 SamguisG

238 4278 359 4348 Sanguis
377 4278 438 4333 AB
528 4279 675 4334 dumtaxat
696 4281 792 4335 oruO
880 4286 912 4334 14
936 4285 984 4348 qffi
1002 4297 1031 4331 m
1049 4279 1146 4335 littera
1163 4280 1211 4335 Bc
1233 4288 1281 4350 qm
1299 4276 1437 4337 litteral}
1459 4289 1496 4350 qr‘r
1513 4286 1545 4334 eo

238 4358 336 4413 littera
354 4361 389 4414 A.
418 4359 560 4413 Rumam
574 4365 765 4428 praeceptam,
784 4361 813 4415 in
831 4379 850 4414 n
869 4363 995 4416 mutatur
1013 4379 1037 4427 a,
1057 4360 1169 4430 sanguis
1189 4360 1346 4431 sanguinis,
1364 4362 1422 4428 ipse
1441 4361 1545 4416 Cassia

237 4439 333 4492 elaios
351 4441 458 4494 uidam
472 4441 677 4508 perturbavisse
767 4448 799 4494 15
818 4459 870 4511 pre
888 4454 911 4509 ψ
930 4439 1031 4512 graeca
1049 4440 1146 4496 littera
1164 4457 1180 4499 ς
1206 4457 1257 4509 per
1275 4441 1285 4495 i
1303 4457 1387 4510 greca
1405 4440 1501 4493 littera
1518 4442 1546 4493 B

240 4532 321 4587 pcry
340 4528 441 4586 graeca
460 4521 556 4574 littera
575 4520 599 4575 0
614 4536 664 4589 per
678 4537 696 4573 v
710 4520 913 4590 graecamlita
932 4523 959 4575 A
1015 4526 1047 4574 19
1066 4520 1197 4575 similiter
1211 4521 1240 4573 et
1258 4519 1378 4588 corripio
1396 4519 1500 4588 arripio
1518 4521 1545 4572 Β

237 4594 367 4652 similiter
385 4600 489 4669 arripio
508 4602 537 4654 et
555 4600 675 4669 corripio
695 4599 719 4654 0
735 4601 839 4671 arripio
857 4602 987 4656 similiter
1006 4602 1035 4654 et
1054 4599 1174 4670 corripio
1192 4599 1219 4651 A
1273 4598 1304 4651 in
1317 4616 1331 4650 r
1346 4613 1457 4666 quoquc
1471 4615 1545 4652 com-

238 4679 332 4730 mutat
349 4680 376 4730 A
395 4678 424 4732 in
443 4696 457 4731 r
475 4676 674 4733 commutato
725 4685 759 4733 23
779 4680 902 4750 suffrago
922 4678 1094 4746 Csnffragio
1112 4679 1141 4730 A
1194 4681 1229 4729 25
1248 4677 1336 4747 quod]
1355 4677 1422 4746 quia
1436 4679 1460 4733 0
1476 4698 1501 4747 q.
1518 4683 1543 4733 A

291 4763 325 4809 2ss
349 4760 472 4811 muitetur
499 4759 556 4811 AG
624 4764 657 4813 27
681 4774 786 4828 aggero
810 4775 860 4828 per
878 4777 897 4827 g
915 4758 943 4812 Β
967 4773 1071 4828 aggaro
1089 4773 1140 4826 per
1158 4756 1176 4809 d
1195 4757 1222 4809 A
1242 4755 1346 4826 adgero
1365 4773 1415 4826 per
1433 4776 1453 4827 g
1472 4759 1495 4813 0

239 4834 412 4890 scribendum
433 4839 523 4891 crac
590 4838 802 4907 adgregatnsC
