3316 5474
640 395 688 448 DE
709 395 998 453 ORTHOGRAPHIA
1406 394 1470 461 173

160 495 294 544 μξὲθθΡε

255 578 306 640 Val
329 583 424 659 prima
448 577 570 658 syllaba,
594 580 739 659 siqnidem
763 580 773 640 l
797 582 887 642 luerit
914 580 1010 640 littera
1040 591 1213 663 consecuta,
1239 600 1331 662 perv
1361 581 1471 641 scribe·

163 695 231 769 tur,
260 696 293 749 ut
319 685 402 747 vallis
426 695 456 747 et
479 684 600 747 vallum:
630 705 696 747 nam
724 686 837 747 ballena
865 694 896 747 et
924 685 1054 747 ballistra
1082 705 1137 765 pcr
1160 685 1179 746 b
1208 686 1363 748 scribenda
1393 697 1471 748 sunt

165 797 192 854 si
216 792 316 853 verol
339 811 398 853 non
419 801 561 871 sequatur
583 791 694 874 littera,
717 813 771 874 per
790 793 809 854 b
829 801 939 854 mutam
959 793 1133 874 signabitur,
1158 802 1191 854 ut
1213 794 1471 875 balvus,'baltcus,

106 902 115 913 ‘
164 898 284 974 bathae,
307 899 402 960 idest
424 902 546 979 ianuae3
570 908 690 979 praeter
715 899 887 960 adverbium
906 899 1003 980 valde,
1027 900 1160 979 eoquod
1184 919 1237 980 per
1256 900 1472 962 detractionem

131 1007 172 1066 ai
201 1004 317 1066 litterae
345 1006 457 1067 dietum
486 1025 552 1067 esse
581 1025 640 1067 non
668 1006 791 1066 dubium
819 1014 873 1068 est.
911 1005 1003 1066 valide
1032 1008 1112 1067 enim
1139 1009 1254 1086 integra
1282 1007 1372 1067 dictio
1402 1025 1471 1067 con·

161 1114 256 1193 sistit,
287 1121 320 1173 ut
346 1112 489 1195 arbitror,
519 1121 550 1173 et
579 1113 636 1173 boe
664 1132 790 1193 namque
818 1116 898 1173 venit
926 1113 961 1173 de
991 1114 1122 1173 nomine:
1155 1113 1224 1173 lacit
1252 1115 1329 1173 enim
1359 1112 1472 1173 validus

161 1218 250 1279 validi
274 1219 376 1281 valido.
409 1239 480 1299 ergo
499 1219 592 1280 valide
612 1220 781 1281 adverbium
806 1222 903 1281 lacere
927 1218 1062 1300 debebat,
1081 1219 1159 1280 uude
1179 1222 1203 1279 si
1224 1219 1404 1280 voluerimus
1426 1222 1470 1279 in·

162 1335 335 1405 corruptam
364 1330 501 1388 emittere
529 1328 702 1407 dictionem,
732 1330 844 1407 primae
872 1327 1048 1407 syllabarum
1078 1326 1228 1388 subiaceat
1258 1327 1386 1407 regulae.
1424 1327 1471 1387 vel

161 1430 286 1513 syllaba,
316 1435 462 1512 siquidem
490 1434 551 1494 sola
579 1442 763 1514 permaneat,
792 1437 850 1495 erit
875 1437 1045 1495 coniunctio
1069 1433 1260 1515 disiunctiva,
1283 1453 1358 1513 quae
1382 1453 1471 1513 perv

118 1556 146 1593 ro
161 1539 347 1600 omnifariam
377 1540 535 1601 scribetur.
578 1543 602 1600 si
626 1558 703 1599 vero·
719 1548 808 1618 eaput
838 1540 927 1600 luerit
956 1542 1097 1618 nominis,
1125 1538 1143 1598 b
1167 1549 1277 1600 nrrrtam
1307 1540 1412 1601 babeat
1440 1543 1470 1600 in

161 1646 324 1727 scriptura,
357 1658 389 1707 ut
421 1648 531 1708 bellum
564 1646 759 1707 bellissimum
787 1654 817 1705 et
847 1644 980 1726 bellaria3
1013 1655 1134 1726 praeter
1160 1645 1253 1705 vellus
1281 1646 1470 1708 discretionis

160 1754 265 1830 gratia.
302 1771 369 1813 nam
393 1757 418 1814 si
442 1773 531 1834 perv
551 1756 643 1816 vellus
666 1753 827 1834 scribatur,
850 1772 958 1833 genere
978 1762 1086 1813 neutro
1105 1772 1139 1812 ao
1160 1752 1358 1814 declinatione
1382 1756 1469 1814 tertia

189 1972 215 2016 l.
253 1925 416 1980 Illittera
434 1925 519 1980 luerit
538 1929 687 1981 consecuta
703 1927 730 1979 Β
809 1924 939 1995 trallis]
958 1925 1048 1979 ualles
1067 1923 1157 1978 ABG
1226 1940 1291 1978 nam
1310 1925 1423 1979 ballena
1441 1927 1471 1979 et

160 2029 280 2083 balistra
298 2031 325 2084 B
343 2049 408 2086 nam
428 2033 558 2087 abelleno
575 2032 693 2087 balistre
713 2031 736 2085 0
759 2019 928 2086 natabalena
949 2030 1053 2085 balista
1074 2031 1102 2084 A
1193 2037 1208 2084 3
1236 2031 1337 2085 balbus
1358 2031 1470 2086 balteus

160 2110 246 2164 balbe
266 2110 290 2163 C
312 2111 411 2166 balbus
430 2112 540 2168 balteus
559 2115 661 2168 balaae
679 2113 706 2166 A
731 2111 841 2165 balteus
860 2112 959 2166 balbus
977 2111 1097 2166 balbuae
1115 2112 1142 2165 B
1214 2117 1231 2164 4
1250 2128 1283 2166 eo
1302 2128 1352 2166 om.
1371 2112 1399 2164 Β

161 2196 178 2243 5
199 2192 242 2244 est
259 2207 310 2244 νιν.
327 2190 356 2243 Β
428 2198 444 2245 6
463 2209 582 2262 namque
602 2193 697 2248 euenit
714 2192 806 2246 ABG
886 2199 900 2245 7
920 2190 985 2245 inde
1005 2192 1029 2245 si
1047 2188 1217 2246 uoluerimus
1236 2190 1423 2262 incorreptum
1442 2193 1469 2245 Β

168 2355 388 2362 --.——..-——
566 2357 680 2363 .—...-
694 2357 732 2362 -.-.
748 2357 757 2361 -
774 2356 926 2363 ...—..—-—-
937 2356 1021 2361 ——-
1042 2356 1257 2363 -—-——..—.—
1267 2357 1468 2363 ———...

612 2477 795 2531 MARTYRII
814 2476 864 2531 DE
882 2476 905 2529 B
923 2476 971 2530 ΕΤ
991 2475 1014 2529 V

162 2653 227 2725 tur,
253 2653 286 2704 nt
315 2643 565 2722 [Valentinianus]
594 2643 676 2704 vallis
705 2653 735 2705 et
762 2644 877 2704 vallum.
920 2662 987 2703 nam
1015 2642 1175 2703 ballaenam
1205 2652 1234 2703 et
1261 2642 1422 2705 ballistrarn
1452 2661 1468 2702 a

161 2770 267 2829 graeco
287 2770 423 2812 sermone
443 2751 500 2810 dici
520 2769 583 2811 mea
603 2745 717 2830 pittavit
736 2752 897 2829 sententia,
920 2749 995 2808 banc
1014 2740 1102 2829 παρὰ
1127 2741 1164 2808 τὸ
1185 2740 1321 2826 βάλλειν
1346 2740 1468 2827 ἑαυτὴν

160 2849 216 2915 καὶ
235 2852 374 2936 ῥίπτειν,
388 2856 466 2917 illam
486 2848 574 2936 παρὰ
594 2849 631 2931 τὸ
652 2849 789 2935 βάλλειν
808 2849 863 2914 καὶ
883 2846 1106 2936 στρωννύναι,
1121 2849 1292 2916 τουτέστιν
1306 2845 1468 2936 ἀναιρεῖν.

161 2965 187 3022 si
215 2982 284 3023 vero
312 2962 384 3023 baec
412 2983 470 3023 non
502 2972 644 3041 sequetur
667 2963 779 3041 littera,
809 2981 864 3042 per
887 2962 905 3021 b
930 2971 1041 3022 mutarn
1065 2961 1244 3042 signabitur,
1267 2973 1301 3022 ut
1323 2960 1425 3021 balvns
1449 2951 1467 3021 ὁ

133 3062 297 3147 aestate,
326 3069 441 3130 balteus
469 3077 499 3128 et
526 3068 627 3129 balbae
662 3062 782 3149 θύραι,
816 3072 872 3130 nisi
906 3089 921 3128 a
950 3067 1095 3129 vestibulo
1124 3078 1153 3129 et
1181 3066 1247 3128 albo
1275 3086 1383 3127 nomen
1412 3067 1468 3126 boe

161 3175 341 3236 arbitremur
359 3178 568 3254 compositum:
587 3184 706 3255 praeter
725 3174 895 3236 adverbium
918 3175 1008 3256 valde,
1027 3194 1062 3233 co
1082 3175 1160 3253 qnod
1180 3193 1234 3253 per
1253 3175 1467 3234 detractionem

160 3285 169 3341 i
195 3254 308 3342 litterae
332 3282 442 3343 dictum
463 3301 527 3342 csse
548 3300 606 3342 non
627 3281 749 3343 alcibium
768 3290 823 3342 est.
860 3280 952 3342 valide
972 3283 1050 3341 enim
1074 3283 1189 3359 integra
1208 3280 1297 3340 dictio
1321 3283 1468 3361 consistit,

161 3397 194 3450 nt
222 3388 363 3468 arbitror,
392 3398 421 3449 et
448 3390 504 3448 boc
533 3407 658 3467 namque
688 3391 767 3449 venit
799 3388 835 3448 de
865 3390 996 3448 nomine:
1030 3388 1099 3446 lacit
1133 3390 1212 3447 enim
1239 3385 1353 3446 validus
1381 3385 1468 3446 validi

117 3516 122 3524 ·
160 3495 263 3554 valido.
307 3515 378 3575 ergo
406 3494 497 3556 valide
526 3496 697 3556 adverbium
728 3497 824 3556 lacere
849 3494 987 3575 debebat,
1012 3493 1090 3554 vinde
1115 3496 1141 3553 si
1164 3493 1345 3555 voluerimus
1369 3497 1465 3554 incor-

121 3621 147 3658 ιο
162 3611 278 3682 ruptam
294 3604 430 3663 emittere
450 3603 620 3681 dictionem,
635 3604 746 3681 primae
766 3599 942 3681 syllabarum
962 3599 1113 3662 subiaceat
1132 3600 1259 3680 regulae.
1283 3601 1329 3661 vel
1349 3599 1467 3682 syllaba,

161 3708 307 3786 siquidem
327 3709 388 3768 sola
406 3717 590 3789 permaneat,
614 3710 860 3769 erit'coniunctio
880 3708 1070 3790 disiunctiva,
1094 3726 1168 3786 quae
1190 3727 1279 3788 perv
1299 3708 1466 3787 digammon

161 3815 353 3876 omnifariam
368 3816 524 3877 scribetur.
566 3817 592 3875 si
618 3834 689 3875 vero
712 3824 801 3894 caput
829 3815 919 3874 luerit
943 3816 1084 3887 nominis,
1114 3813 1133 3874 b
1156 3822 1266 3874 mutam
1293 3813 1412 3875 babebit
1436 3816 1465 3873 in

161 3923 322 4003 scriptura,
345 3931 378 3982 nt
402 3921 511 3984 bellum
535 3920 729 3982 bellissimum
748 3930 778 3982 ct
801 3919 922 3979 bellaria
945 3913 985 3981 τὰ
1004 3912 1212 4002 τρανήματαε
1236 3930 1354 4000 praeter
1373 3920 1466 3981 vellus

161 4027 349 4089 discretionis
367 4031 468 4114 gratia.
502 4048 569 4089 nam
588 4030 613 4089 si
631 4014 721 4109 perv
746 4028 913 4106 digammon
933 4028 1081 4088 scribatur
1106 4027 1211 4107 vellus,
1230 4047 1339 4106 genere
1359 4037 1466 4089 neutro

72 4117 84 4137 ⁹
121 4150 195 4194 uae
224 4135 420 4196 declinatione
450 4138 536 4219 tertia
566 4143 769 4215 nuncupetur,
798 4143 831 4194 ut
858 4134 959 4194 villum
988 4136 1147 4213 significet:
1177 4133 1233 4193 hoe
1262 4134 1355 4193 vellus
1387 4136 1465 4193 enim

160 4242 248 4303 brrius
276 4243 393 4304 velleris
420 4242 538 4304 dicitur.
575 4245 600 4303 si
628 4251 726 4304 antem
754 4259 808 4321 per
831 4239 850 4299 b
874 4248 986 4301 mutam
1010 4249 1144 4321 notetur,
1166 4258 1275 4318 genere
1301 4238 1464 4299 masculino

160 4367 194 4410 ae
217 4349 412 4412 declinatione
432 4350 561 4410 secunda
585 4347 794 4428 decbnabitur,
818 4355 851 4407 ut
874 4349 982 4407 scitum
1000 4345 1169 4407 denuntiet:
1192 4345 1240 4406 bic
1265 4349 1343 4405 enim
1367 4345 1463 4406 bellus

163 4481 271 4490 -.—---
301 4484 373 4490 ——0

249 4547 262 4593 1
283 4539 414 4594 ballaena
432 4543 462 4594 et
478 4540 635 4607 ballistarum
654 4538 687 4591 N
720 4540 732 4565 ·’
773 4542 789 4589 2
814 4530 932 4607 ἑαυτήν]
956 4533 1078 4605 eadberto
1097 4537 1130 4591 N
1216 4543 1233 4590 4
1256 4536 1315 4591 sive
1340 4537 1465 4592 beenon

162 4621 322 4688 sequeretur
340 4620 436 4675 littera
453 4621 485 4673 N
554 4621 664 4690 balvae]
684 4613 781 4674 bt'tlbus
799 4617 832 4670 N
901 4623 916 4671 5
936 4617 1075 4671 uertibulo
1093 4617 1127 4670 N
1196 4623 1211 4670 e
1230 4616 1382 4671 arbitretur
1400 4618 1432 4669 Ν

163 4706 179 4753 8
204 4703 233 4755 et
254 4701 308 4755 hoe
331 4718 381 4756 ona
400 4700 438 4765 N,
457 4701 520 4755 odd.
537 4701 566 4754 P
636 4706 669 4753 10
693 4699 863 4768 syllabarum
887 4697 1031 4751 subiaceat
1050 4696 1078 4750 P
1098 4696 1222 4765 syllabae
1241 4696 1382 4752 subiectae
1399 4697 1434 4751 N

164 4787 194 4834 11
214 4784 378 4851 premaneat
395 4780 429 4833 N
443 4781 597 4849 permansit
617 4781 645 4834 P
725 4776 892 4833 rehabebit
912 4775 1108 4832 PbabeatN
1188 4784 1221 4831 14
1240 4794 1305 4832 nam
1326 4809 1357 4817 -
1380 4778 1466 4832 tertia

162 4861 260 4917 ormP
331 4861 515 4932 ttae]aN
585 4860 811 4915 ltaePetN
