3316 5474
469 383 763 440 ORTHOGRAPHIA.
800 386 848 440 DE
868 386 1000 441 VERBIS
1020 385 1141 441 DVBIIS
1393 386 1453 450 107

148 496 171 533 p.
186 486 245 525 aare.
259 487 284 525 ar
299 485 323 523 r.

240 569 374 631 Stlataris
398 572 462 631 sine
486 591 502 631 c
527 572 623 634 littera
648 571 806 632 dicendum
830 571 866 631 ab
890 572 991 653 stlata,
1015 580 1077 632 rate
1102 573 1231 651 plratica.

240 677 402 739 Stellonem
425 678 515 739 dicito
540 680 603 739 siue
627 681 636 738 i
661 678 758 739 littora
782 697 798 737 a
822 678 1015 739 similitudine
1040 678 1200 739 stellarum.
1227 680 1231 752 Ι

548 1194 618 1267 DE
649 1195 844 1268 VERBIS
877 1195 1056 1268 DVBIIS

238 1409 270 1469 ln
295 1409 494 1488 singularibus
518 1411 616 1471 verbis
640 1411 731 1471 multa
755 1408 844 1471 dubia
864 1409 1018 1491 babentur.
1056 1430 1090 1472 ea
1109 1430 1163 1490 per
1182 1411 1317 1471 ordinem
1341 1416 1456 1472 littera-

118 1535 220 1578 srum
245 1535 435 1595 exequemur.

237 1622 391 1684 Atellanae
422 1642 513 1684 nuces
537 1633 567 1683 et
590 1623 741 1684 abellinae.
778 1626 855 1684 acris
879 1632 909 1684 et
932 1642 1015 1705 acer,
1044 1627 1177 1704 quamvis
1200 1624 1299 1685 dicant
1322 1625 1456 1704 plerIque

147 1733 226 1791 aeris
254 1731 441 1811 femininum,
474 1750 543 1791 acer
572 1731 781 1791 rnasoulinnm:
816 1732 858 1790 sic
889 1729 995 1790 alacris
1024 1739 1054 1791 et
1086 1730 1191 1791 alacer.
1235 1749 1389 1791 accersere
1420 1730 1456 1789 ab

148 1837 303 1917 acciend03
322 1838 443 1917 accersi,
462 1855 521 1896 non
537 1838 689 1896 accersini.
723 1855 863 1896 accusare
879 1855 1014 1917 arguere,
1034 1838 1170 1897 incusare
1185 1841 1278 1916 queri.
1307 1839 1457 1918 aselpiter,

147 1962 208 2004 non
227 1953 374 2022 acceptor.
411 1943 515 2003 adulor
533 1943 583 2003 illi.
621 1943 763 2023 adsentio,
784 1945 852 2022 quia
871 1942 997 2024 adsensi,
1022 1962 1082 2004 non
1101 1943 1261 2005 adsentior.
1295 1944 1456 2024 adstringe,

105 2077 131 2114 ιο
148 2069 208 2111 non
232 2053 370 2129 astringe.
407 2050 572 2111 adulterina
595 2049 767 2129 adulterata,
790 2057 820 2110 at
843 2049 975 2110 adultera
999 2069 1074 2129 quae
1100 2050 1254 2113 adulterat.
1292 2051 1457 2111 adventicia

148 2177 248 2238 caena,
271 2176 331 2217 non
350 2157 528 2218 adventoria.
566 2155 699 2216 aemulor
718 2155 808 2236 Illum,
833 2174 891 2216 uon
911 2155 960 2216 illi.
1001 2156 1099 2239 alium,
1122 2176 1182 2218 non
1201 2158 1286 2238 alius,
1306 2160 1374 2237 quia
1393 2157 1456 2217 alia.

148 2265 281 2345 alvearia,
306 2284 363 2325 non
388 2264 508 2324 alviuae.
546 2261 628 2321 alvus
652 2261 725 2322 baec
748 2280 844 2344 nuuc,
867 2263 919 2323 sed
944 2266 1042 2342 apium
1066 2263 1122 2324 bie.
1161 2264 1249 2344 alica,
1272 2282 1331 2325 non
1355 2263 1457 2324 balio-a.

148 2372 278 2451 alioquin
311 2372 524 2432 adbrnratimm
558 2377 612 2429 est.
664 2368 806 2451 amolum,
838 2388 897 2430 non
930 2369 1076 2449 amulum,
1116 2370 1194 2450 quod
1231 2389 1289 2431 non
1323 2371 1458 2431 molatur.

149 2477 293 2538 ambobus
326 2497 385 2538 non
416 2475 523 2557 ambis,
561 2484 591 2536 et
621 2474 771 2536 ambabus.
815 2476 979 2554 amplector
1009 2477 1114 2557 semel,
1148 2457 1303 2557 amplexor
1331 2479 1457 2557 saepius.

108 2608 134 2648 15
152 2584 281 2666 ambitio,
301 2585 417 2664 quando
437 2585 483 2664 fit,
502 2581 639 2658 ambitus
659 2601 727 2642 cum
746 2583 842 2643 lactus
862 2592 915 2644 est.
949 2602 1102 2644 amaracus
1120 2584 1201 2645 baec.
1239 2603 1308 2644 anas
1327 2594 1358 2644 et
1375 2602 1459 2665 anus,

150 2701 310 2771 nitrumque
335 2693 508 2752 leminInnm
534 2699 586 2751 est.
634 2708 726 2770 angor
750 2708 858 2751 nomen
882 2700 912 2752 et
943 2690 1066 2752 verbum
1097 2699 1151 2751 est.
1197 2689 1347 2751 antidotus
1375 2690 1457 2751 baec.

240 2934 253 2980 1
278 2927 387 2996 Flagris
411 2926 470 2981 sine
494 2943 510 2998 c
532 2924 680 2980 dicendum
704 2926 846 2980 abstracta
870 2931 930 2982 rate
955 2925 1075 2996 piratica
1091 2926 1119 2979 B
1143 2884 1217 2978 [idria
1241 2925 1301 2980 sine
1324 2942 1339 2979 c
1362 2925 1459 2979 littera

149 3007 299 3061 Mcendum
318 3009 461 3062 abstracta
479 3009 539 3060 rate
558 3005 678 3076 piratica
698 3004 721 3058 C
790 3006 863 3076 rate]
883 3009 946 3061 rata
966 3007 1003 3060 M
1073 3013 1089 3059 2
1115 3004 1273 3059 Stillionem
1292 3004 1379 3059 dicito
1399 3005 1458 3060 sine

150 3105 165 3142 e
191 3088 288 3142 littera
313 3106 330 3143 a
355 3086 539 3142 similitudine
570 3086 709 3141 stillarum
734 3088 762 3140 B
790 3087 921 3141 stilonem
951 3089 1030 3153 (corr.
1058 3086 1220 3150 stillionem)
1246 3084 1331 3138 dicito
1357 3084 1416 3138 sinc
1442 3100 1458 3137 e

149 3168 246 3223 littera
259 3169 295 3222 ad
315 3167 517 3223 similtudinem
531 3166 670 3221 stillarum
688 3166 858 3221 EXPLICIT
879 3166 903 3220 C
920 3165 1077 3248 ¹Stilliouem
1091 3167 1178 3221 dicito
1193 3167 1228 3221 ad
1244 3163 1457 3217 similitudinem

148 3248 290 3302 stillarum
306 3268 336 3317 p.
357 3250 503 3303 stelionem
522 3247 623 3300 Festus
638 3264 668 3314 p.
688 3252 749 3302 313.

240 3337 365 3392 3ΙΤΕΜ
385 3336 504 3392 CAPEE
527 3337 574 3391 DE
598 3334 729 3390 UERBIS
756 3334 876 3390 DUBIIS
897 3335 920 3388 0
942 3335 1031 3390 ITEM
1055 3337 1103 3391 DE
1128 3335 1258 3390 UERBIS
1281 3332 1403 3388 DUBllS
1421 3333 1458 3399 B,

149 3435 200 3472 ont.
218 3419 255 3471 M
317 3417 473 3489 tdubigB
536 3416 694 3470 libternrum
709 3434 758 3471 om.
775 3414 873 3469 MBG
925 3411 1461 3486 besseqnsmurpexequimurMBO

213 3506 227 3552 6
248 3499 384 3552 Auellane
402 3513 487 3551 nuces
506 3498 535 3550 et
553 3495 669 3550 abilline
691 3496 865 3552 CAnellane
884 3513 969 3552 nuces
988 3498 1018 3551 et
1036 3496 1142 3551 abiline
1160 3496 1188 3549 B
1206 3495 1308 3549 Anella
1326 3510 1410 3548 nuces
1429 3498 1459 3549 et

149 3579 279 3633 anellana
299 3578 336 3631 M
357 3577 511 3631 Auellanae
529 3594 612 3630 nuces
636 3595 691 3632 non
711 3577 857 3632 Abellinas
879 3595 910 3646 p.
939 3577 974 3642 cf.
996 3577 1074 3631 Ptin.
1092 3594 1121 3629 n.
1139 3576 1201 3630 bist.
1222 3574 1284 3628 XV
1300 3581 1350 3640 22,
1369 3581 1408 3629 88
1427 3577 1459 3630 nt

149 3659 178 3713 in
196 3659 333 3713 abellanis
353 3659 382 3710 et
399 3658 461 3725 ipso
480 3674 580 3710 nucum
599 3675 714 3728 genere,
739 3675 808 3727 quas
826 3659 911 3711 antea
930 3656 1067 3710 abellinas
1091 3656 1184 3725 patrio
1203 3655 1313 3709 nomine
1333 3654 1459 3725 appella·

149 3740 218 3793 bant
308 3742 322 3790 't
346 3735 512 3790 femininum
536 3753 593 3792 esse
611 3738 639 3790 B
730 3753 870 3791 accersere
890 3736 926 3789 ab
944 3736 1069 3790 acuendo
1090 3737 1126 3789 M
1152 3736 1288 3791 accersire
1311 3734 1348 3790 ab
1367 3751 1459 3790 accer-

149 3817 244 3872 siendo
262 3816 342 3885 BGp
429 3822 445 3870 8
464 3817 567 3871 accersi
588 3834 642 3872 non
661 3819 780 3873 acersiui
798 3818 826 3870 B
844 3815 949 3871 arcessi
968 3832 1025 3869 non
1043 3816 1214 3885 arcessiuip
1296 3823 1312 3869 9
1331 3814 1459 3869 adsentio

150 3897 216 3967 quia
233 3896 339 3951 assensi
357 3913 412 3950 non
431 3896 541 3951 adsenti
558 3897 586 3949 B
605 3899 727 3953 assentio
746 3897 813 3966 qnia
830 3895 937 3950 assensi
956 3911 1012 3948 non
1032 3896 1182 3950 assentio
1261 3893 1384 3963 astringe
1402 3910 1459 3947 non

149 3979 292 4047 adstringe
310 3977 368 4031 BG
384 3976 509 4046 astringe
529 3994 584 4032 non
604 3978 709 4048 stringe
730 3979 766 4030 M
846 3981 880 4029 10
899 3972 1059 4028 adulterina
1076 3993 1132 4030 non
1152 3977 1313 4030 adulterata
1330 3974 1459 4028 adultera

149 4077 220 4128 quae
239 4058 381 4113 adulterat
399 4056 462 4110 BG.
490 4059 606 4122 fortasse
628 4057 787 4112 adulterina
810 4073 882 4125 quae
906 4052 1067 4108 adulterata
1085 4057 1162 4122 sunt,
1187 4058 1217 4109 at
1240 4053 1369 4108 adultera
1388 4070 1459 4120 quac

149 4139 292 4194 adulterat
381 4136 545 4191 Aduentitia
564 4153 632 4191 cena
649 4155 705 4192 non
724 4133 883 4191 aduentiria
902 4134 939 4188 M
1029 4142 1060 4189 11
1086 4136 1191 4190 Allium
1210 4152 1266 4189 non
1285 4133 1368 4188 allius
1392 4133 1460 4200 quia

149 4219 217 4274 allia
235 4219 292 4273 ΒΟ
308 4217 379 4272 alios
399 4233 454 4270 non
471 4216 535 4270 aliis
554 4206 694 4285 quia'alia
714 4218 762 4271 M:
788 4218 823 4284 cf.
844 4215 951 4270 Charis.
966 4232 996 4284 p.
1018 4220 1063 4278 70,
1081 4219 1121 4269 27
1202 4221 1234 4267 12
1254 4209 1386 4266 Alnearia
1404 4226 1458 4263 non

149 4301 260 4354 alninae
278 4299 336 4352 BC
356 4298 445 4353 aluari
468 4315 523 4353 non
545 4298 637 4353 aluino
660 4299 709 4362 M,
732 4314 782 4351 om.
800 4314 823 4365 p
920 4296 1018 4349 'Alnus
1044 4296 1113 4350 haec
1132 4312 1205 4349 nunc
1223 4293 1272 4348 sed
1298 4291 1393 4361 apium
1413 4290 1459 4345 hic

149 4380 207 4433 BG
233 4378 313 4433 aluus
341 4379 411 4433 haec
438 4379 488 4432 sed
514 4396 599 4447 apum
627 4376 672 4430 hic
697 4377 734 4430 Μ
759 4376 856 4430 alueus
883 4374 952 4428 haec
980 4391 1054 4429 nunc
1082 4374 1131 4428 sed
1159 4373 1255 4442 apium
1278 4388 1309 4441 p.
1343 4372 1459 4438 fortasse

150 4460 230 4513 alvus
254 4460 324 4513 baec
346 4475 419 4512 nnnc
442 4458 559 4526 diciinr,
579 4456 632 4512 sed
651 4455 727 4526 apud
745 4456 860 4510 Accium
884 4454 967 4508 haec:
992 4454 1026 4520 cf.
1047 4452 1187 4507 Priscian.
1211 4454 1229 4508 l.
1254 4452 1326 4520 Vp.
1345 4455 1457 4517 toas.

150 4539 168 4593 l.
192 4538 239 4592 VI
257 4557 288 4609 p.
312 4544 385 4603 268,
407 4543 443 4591 16
551 4538 621 4593 alica
647 4555 702 4592 non
727 4540 774 4594 tno
800 4539 837 4604 B)
863 4536 937 4591 alica
960 4533 1018 4589 ΒΟ
1040 4533 1111 4587 haec
1136 4531 1209 4587 alica
1233 4547 1289 4585 non
1311 4530 1404 4585 halica
1427 4548 1457 4599 p,

150 4636 201 4673 ont.
222 4620 258 4673 M
362 4626 394 4672 13
419 4617 544 4686 alloquin
570 4636 638 4672 corr.
658 4617 765 4686 alioqui
790 4617 823 4684 0,
847 4615 953 4685 alioqui
974 4633 994 4683 p
1095 4619 1128 4666 14
1147 4613 1176 4666 et
1194 4611 1330 4666 ambabus
1352 4628 1403 4665 orn.
1424 4611 1461 4664 M

223 4706 255 4753 15
274 4701 399 4770 quando]
417 4703 468 4767 qssm
488 4699 586 4752 MBO
673 4715 870 4754 amaracus-
892 4703 924 4750 16
947 4694 1090 4749 antidotus
1113 4710 1164 4747 om.
1182 4693 1210 4746 B
1300 4689 1457 4761 amaracus]

151 4781 308 4833 amaranato
328 4782 365 4834 M
370 4780 403 4834 0:
438 4780 514 4849 Verg.
535 4779 604 4834 Aen.
624 4778 646 4831 I
667 4780 722 4834 693
745 4777 838 4833 mollis
863 4792 1007 4833 amaracus
1097 4791 1166 4830 anus
1190 4774 1220 4828 et
1245 4788 1311 4826 anos
1332 4772 1369 4828 M
1391 4786 1459 4829 anas

151 4863 181 4914 et
198 4859 305 4914 enesG
