3316 5474
645 387 693 440 DE
712 386 843 442 VERBIS
862 387 985 442 DVBIIS
1401 388 1463 451 109

155 498 178 535 p.
194 487 247 526 3333
261 486 285 524 a.

155 571 283 631 lanificii.
321 569 427 630 corbes
455 569 522 650 133,
552 590 609 630 333
638 571 677 631 bi.
714 591 808 632 cornu
837 572 933 652 boris,
964 590 1074 632 coruus
1097 571 1193 632 31131.
1232 592 1376 653 3333333,
1404 593 1462 634 non

155 679 670 758 333333333333313,311311313.
709 681 832 759 congius
855 678 913 739 bio.
951 678 1049 739 coclea
1070 681 1132 738 sine
1152 678 1179 738 1.
1217 683 1379 762 cocinaria,
1402 701 1460 742 non

156 786 344 844 cocinatoria.
382 785 546 846 colustrum
571 795 660 846 recte.
698 785 864 847 crustulum
884 786 949 846 hoc.
988 785 1103 867 crebro,
1128 805 1186 847 non
1205 787 1319 847 crebre.
1357 808 1463 849 cucur-

156 891 268 952 bicium
288 895 394 972 pirum,
419 910 478 952 non
497 891 727 953 cucurbitiuum.
765 897 908 975 cucumis,
932 913 991 954 non
1011 912 1160 956 cucumer.
1198 895 1380 955 curriculum
1399 895 1465 976 hoc,

127 1007 191 1058 sut
213 997 321 1078 Varro,
345 998 393 1058 alii
417 998 504 1059 bunc.

247 1105 377 1166 Delirare
405 1115 436 1167 et
463 1105 596 1167 delerare
625 1097 690 1168 ἀπὸ
713 1105 774 1168 τοῦ
797 1100 911 1188 λήρου.
953 1110 1016 1191 (131,
1040 1128 1098 1170 333
1123 1109 1178 1171 dii:
1208 1128 1275 1170 narn
1300 1117 1330 1169 et
1352 1108 1464 1168 deabus

157 1212 262 1273 Cicero
281 1213 366 1273 dixit:
390 1215 481 1292 igitur
500 1214 563 1274 deis
583 1217 668 1295 ratio,
691 1214 748 1274 diis
767 1216 960 1276 consuetudo.
997 1216 1137 1297 deletum,
1161 1235 1219 1277 non
1239 1217 1364 1277 delitum
1385 1215 1462 1295 quod

156 1321 225 1398 quis
248 1319 365 1380 delevit.
403 1319 540 1400 diploma,
564 1341 623 1381 non
647 1322 784 1401 duplonaa
808 1333 859 1383 aut
882 1322 1062 1402 duplomum.
1106 1323 1156 1383 llis
1180 1333 1272 1405 paler,
1297 1342 1355 1383 nou
1379 1322 1463 1383 Ditis.

157 1426 294 1507 dorsum,
319 1443 377 1484 non
401 1425 517 1486 dorsus.

115 1558 142 1596 ro
247 1533 391 1613 Ernmna,
426 1552 484 1593 non
513 1551 641 1593 eramna.
683 1532 770 1615 ebur,
799 1553 858 1594 non
887 1534 968 1594 3131.
1010 1535 1198 1618 elephantus,
1227 1554 1285 1596 non
1314 1535 1463 1614 elephans.

156 1642 290 1700 33311113
322 1640 393 1699 31133
425 1651 514 1700 recte.
564 1642 708 1720 eliganter
740 1640 776 1700 ab
806 1640 950 1720 eligendo.
995 1641 1158 1721 exemplar,
1192 1661 1250 1702 non
1283 1641 1464 1720 exemplare:

157 1747 306 1826 exemplar
330 1756 428 1807 antem
453 1747 531 1826 qnod
557 1748 749 1827 translertur,
778 1747 944 1827 exemplum
969 1747 1046 1826 quod
1072 1748 1181 1828 lertnr,
1209 1766 1386 1828 quamquam
1415 1748 1464 1807 alii

157 1864 268 1914 contra.
306 1856 488 1914 exenteravit
511 1844 575 1914 ἀπὸ
599 1851 667 1914 3353
691 1847 834 1930 ἐντέρων
859 1851 909 1930 [31
933 1852 1142 1931 131311311133]
1167 1873 1182 1913 3
1207 1854 1379 1914 visceribus.

247 1960 369 2021 Fabrica
393 1979 455 2039 ars,
479 1979 568 2040 opera
594 1960 715 2020 13111113.
754 1961 896 2020 lasciuum
921 1959 986 2019 boc.
1025 1961 1088 2019 laer
1113 1960 1256 2039 pluralem
1281 1980 1339 2020 noo
1364 1961 1460 2022 habet.

114 2067 348 2129 islervunculns
371 2086 386 2126 a
412 2068 542 2148 1311313,
568 2087 627 2128 333
652 2067 837 2128 furunculus.
876 2068 960 2147 ficos,
989 2086 1048 2127 non
1072 2068 1160 2145 bons,
1190 2087 1244 2128 uec
1268 2066 1387 2148 1131133,
1410 2067 1463 2128 sed

157 2176 230 2235 ficis.
266 2175 334 2254 fido,
357 2193 416 2235 non
441 2173 526 2236 srdeo.
563 2174 652 2235 libres
675 2174 714 2256 11,
738 2192 798 2234 333
822 2173 921 2234 librae.
959 2173 1188 2236 filiabus'recte.
1226 2175 1356 2254 forcipes
1380 2173 1463 2234 labri.

248 2452 261 2499 1
283 2445 386 2500 033133
396 2461 419 2512 p
436 2442 524 2498 03133
537 2445 565 2498 Β
572 2443 596 2498 0
607 2444 684 2499 33133
700 2445 749 2498 M:
770 2445 804 2511 31.
819 2443 929 2498 dedali.
945 2459 1016 2497 nom.
1026 2460 1057 2511 3.
1073 2446 1136 2509 574,
1150 2448 1184 2497 11
1257 2449 1273 2497 1
1292 2444 1374 2498 hom.
1390 2443 1415 2498 0

156 2525 303 2580 Cocinaria
321 2543 377 2580 333
395 2524 584 2579 concinatoria
598 2527 625 2579 Β
645 2524 860 2582 031133113333
880 2522 1090 2577 333133133130
1141 2530 1157 2576 3
1176 2525 1335 2593 3313313333
1388 2527 1465 2578 33313

156 2621 206 2660 om.
225 2606 253 2659 Β
307 2607 439 2675 1333331
458 2607 611 2660 crustulum
630 2606 740 2672 33311,
760 2605 824 2659 add.
840 2602 899 2657 BC
950 2621 1005 2659 non
1025 2604 1119 2659 crebre
1137 2603 1165 2656 Β
1172 2602 1195 2657 0
1211 2621 1267 2659 333
1285 2605 1368 2659 cebro
1385 2604 1422 2657 M

156 2685 353 2742 Cucurbicinm
376 2685 576 2755 (cacurbicium
599 2686 638 2755 Β)
661 2684 753 2754 pirum
779 2701 834 2739 333
858 2685 1062 2740 33331111133333
1085 2683 1144 2738 ΒΟ
1171 2684 1349 2740 03331111333
1372 2686 1464 2757 pirum

1259 2775 1303 2816 1333

156 2845 213 2882 333
231 2831 416 2886 333311111333
436 2831 474 2884 M
545 2835 635 2883 4333
655 2826 795 2898 cucumer]
814 2844 870 2881 uon
889 2845 984 2882 eumer
1001 2828 1029 2881 Β
1102 2825 1266 2881 caniculam
1286 2832 1318 2883 31
1335 2845 1418 2884 33113
1435 2829 1464 2883 Β

159 2908 323 2964 Caniculam
342 2913 374 2965 31
392 2925 473 2964 33113
491 2910 544 2963 133
558 2907 595 2961 M
610 2905 768 2962 cuniculum
786 2911 820 2963 31
837 2925 919 2963 uarro
939 2906 968 2962 0.
997 2905 1164 2961 curriculum
1177 2909 1277 2976 3331331
1290 2926 1323 2963 aa
1338 2908 1465 2964 Glmriaio

152 3006 183 3058 3.
198 2994 243 3055 77,
257 2995 290 3043 11
306 2995 331 3044 31
344 2990 438 3043 Nonio
449 3006 478 3057 3.
493 2992 552 3043 263
624 2993 640 3041 6
660 2986 784 3043 delerare
798 2995 913 3058 (3133333
926 2991 983 3044 loco
996 2987 1066 3042 BG:
1085 2988 1120 3055 cf.
1136 2987 1242 3042 0133313.
1257 3005 1287 3057 3.
1308 2994 1354 3056 76,
1368 2994 1404 3044 19

157 3071 244 3138 33313
262 3070 341 3124 13133
356 3069 394 3122 M
407 3068 556 3138 333131313
571 3065 601 3133 C,
618 3068 651 3121 in
664 3067 766 3122 1333333
780 3084 830 3122 om.
845 3069 873 3122 Β
928 3067 958 3122 (11
976 3085 1033 3122 333
1045 3067 1087 3121 dii
1100 3067 1138 3121 M
1142 3065 1165 3121 0
1181 3067 1221 3122 dii
1238 3084 1294 3121 non
1313 3068 1420 3123 (131Β3

156 3149 273 3221 deabus]
294 3149 408 3204 dacibus
425 3150 453 3202 Β
526 3155 541 3202 7
561 3147 669 3218 013333]
689 3164 740 3216 313
755 3148 883 3204 Cornelio
897 3150 910 3203 Ι
924 3149 1001 3218 33331
1016 3148 1226 3202 111331333331.
1243 3147 1347 3216 17113.
1363 3152 1463 3215 2912

765 3238 776 3277 1

192 3292 251 3347 (1313
270 3291 343 3346 33113
361 3292 389 3345 Β
396 3289 420 3343 G
435 3290 478 3344 dia
497 3291 569 3345 ratio
589 3293 632 3346 331
650 3290 688 3343 M
738 3289 781 3344 dis
800 3290 969 3345 3333331313
990 3290 1014 3344 0
1065 3288 1195 3345 Deletum
1209 3306 1265 3345 uon
1279 3288 1418 3343 delectum
1435 3288 1464 3342 Β

157 3373 274 3428 delitum
293 3376 373 3439 (corr.
391 3370 526 3439 (13131333)
545 3387 601 3425 333
620 3370 759 3425 delectum
780 3369 810 3428 0.
838 3387 856 3424 a
874 3370 968 3440 (13133,
987 3371 1064 3426 33133
1083 3371 1202 3441 simplex
1219 3371 1249 3426 in
1267 3388 1319 3423 usu
1338 3372 1463 3439 333331,

156 3453 292 3522 deletum,
311 3469 329 3506 a
346 3451 439 3507 delino
459 3451 575 3506 delitum
593 3450 730 3519 nascitur,
749 3449 825 3517 quod
843 3451 949 3506 Probus
968 3455 997 3506 31
1015 3451 1105 3521 Caper
1123 3453 1307 3521 comprobant
1324 3467 1376 3503 333
1395 3466 1463 3519 (333-

157 3551 211 3601 que
229 3533 382 3588 adiurante
403 3534 567 3588 Priscianus
586 3533 603 3585 1.
624 3530 676 3584 IX
691 3548 720 3598 3.
740 3534 804 3597 490,
823 3536 841 3585 7
930 3530 1005 3599 quod
1024 3531 1087 3599 quia
1105 3529 1228 3585 diluerat
1245 3530 1283 3584 M
1297 3531 1372 3599 quod
1390 3531 1464 3587 dele·

669 3632 684 3659 V

155 3673 306 3729 33311Βο
393 3677 409 3726 8
432 3672 565 3742 Diplnma
583 3690 639 3727 uon
659 3671 785 3742 diploma
803 3675 853 3727 331
871 3673 1035 3743 duplomum
1054 3673 1093 3727 M
1112 3673 1238 3742 diploma
1255 3688 1311 3727 non
1329 3671 1464 3742 duploma

156 3756 206 3809 331
223 3754 386 3822 duplomum
407 3751 580 3822 GDipluma
599 3769 653 3806 333
672 3751 806 3822 (13313133
824 3756 874 3807 331
892 3753 1026 3824 (13313333
1043 3756 1093 3808 331
1110 3753 1273 3822 duplomum
1291 3753 1319 3806 Β
1338 3752 1463 3821 diploma

155 3851 210 3889 333
229 3834 364 3903 dupluma
382 3837 509 3901 33331313
527 3831 771 3900 Mootepcasalano
852 3839 868 3886 9
886 3850 942 3887 333
960 3834 1058 3890 (131333
1077 3832 1212 3887 1110333
1230 3832 1344 3887 dossum
1362 3834 1403 3888 B:
1427 3835 1463 3900 31.

155 3916 273 3970 (133131.
297 3931 367 3968 nom.
387 3931 417 3981 3.
442 3917 505 3978 577,
528 3917 565 3967 21
592 3910 763 3965 Ρ11331331.
789 3911 860 3982 Vp.
880 3917 944 3979 170,
967 3919 985 3968 3
1077 3919 1109 3967 10
1131 3912 1209 3966 Ebur
1235 3929 1293 3967 non
1311 3912 1379 3968 3133
1397 3913 1464 3981 (3313

156 3995 234 4064 (quia
256 4010 307 4048 orn.
332 3993 367 4061 0)
391 3993 459 4046 3131
481 4008 583 4046 nomeu
609 3989 741 4058 331Βο,
765 3991 912 4046 3133333
935 3993 1005 4047 3133
1028 3991 1076 4062 (331
1099 3992 1169 4047 3133
1192 4007 1249 4045 333
1272 3994 1315 4047 331
1337 3999 1464 4062 33333313

156 4076 245 4130 Moot.
272 4067 475 4141 133133333133
493 4088 549 4126 non
569 4071 649 4138 ebor,
668 4071 736 4139 quia
754 4072 888 4126 31313313
909 4075 965 4128 est:
984 4074 1019 4140 31.
1038 4074 1071 4128 (13
1088 4073 1152 4127 dab.
1171 4089 1243 4126 nom.
1258 4089 1289 4142 3.
1308 4077 1409 4138 arad

156 4154 333 4225 elephantus]
353 4152 467 4220 elephas
486 4151 546 4206 Bo
617 4158 649 4205 11
670 4150 893 4206 333111311Βο
963 4160 995 4207 12
1020 4153 1163 4224 exemplar
1181 4152 1286 4222 331333]
1307 4152 1462 4220 exemplari

156 4236 249 4288 331333
273 4234 301 4287 Β
394 4233 469 4301 quod
493 4233 594 4304 133133]
619 4232 695 4300 quod
717 4249 772 4286 non
794 4231 963 4287 13333131131
986 4234 1014 4287 Β
1021 4233 1045 4288 G
1136 4240 1169 4288 13
1192 4232 1335 4287 3313333113
1359 4233 1463 4299 333133

156 4313 318 4368 ΕΝΤΙΕΡΟΝ
337 4330 355 4367 3
367 4312 520 4366 3133331133
533 4313 569 4367 31
588 4311 723 4379 1131331313
743 4310 767 4365 0
784 4316 898 4367 33131313
912 4328 930 4365 3
943 4313 1096 4368 3133331133
1110 4313 1147 4368 31
1164 4311 1343 4367 interioribus
1358 4312 1395 4379 B,
1413 4314 1464 4368 ubi

156 4393 324 4448 exinterauit
341 4394 373 4447 in
390 4394 514 4461 13313133
528 4393 697 4461 adscriptum
711 4397 750 4445 est
812 4387 1107 4450 ὸΠΟΤΟΝΙΝΤΙΕΡΟΝ
1122 4391 1160 4445 M
1221 4395 1254 4444 14
1269 4392 1327 4463 313]
1342 4392 1421 4448 33113
1434 4395 1462 4448 Β

156 4482 220 4589 urbd
239 4534 262 4588 0
322 4535 397 4606 faex]
416 4534 462 4589 fex
477 4533 574 4588 111Βο
589 4534 642 4589 flax
661 4538 787 4603 excerpta
801 4532 1051 4604 Mmrtepesaalana.
1079 4553 1118 4590 aa
1133 4535 1194 4589 1331
1264 4541 1296 4590 15
1316 4536 1462 4594 133331333-

155 4613 214 4667 1333
231 4629 250 4668 3
267 4614 375 4668 1333333
395 4632 450 4670 333
467 4615 666 4670 1333333313133
686 4611 710 4666 0
725 4614 919 4669 feruuuculum
932 4633 988 4670 333
1001 4614 1200 4670 fumunculum
1213 4612 1242 4666 B
1311 4617 1393 4674 11333
1407 4637 1462 4675 333

156 4693 222 4747 licus
236 4694 274 4747 M
277 4692 300 4748 0
314 4694 396 4749 Ficus
409 4712 465 4749 333
478 4695 544 4750 ficos
558 4696 606 4749 Bc
669 4700 701 4748 16
721 4694 803 4750 fibras
820 4695 851 4749 hi
868 4714 925 4751 non
942 4696 1029 4752 fibrae
1047 4695 1106 4750 Bo
1120 4695 1203 4749 libres
1222 4693 1252 4747 11
1269 4713 1326 4751 333
1344 4698 1398 4754 133
1417 4698 1458 4755 M.

156 4790 194 4826 33
207 4775 302 4842 potior
319 4774 405 4829 fibrae
424 4791 479 4829 nou
498 4775 600 4831 1111331
619 4774 653 4840 31.
676 4773 815 4829 Priscian
835 4777 852 4830 1.
877 4775 924 4830 VI
935 4795 967 4847 3,
985 4782 1055 4844 232,
1072 4783 1092 4832 8
1181 4776 1340 4848 33313]3113
1359 4777 1398 4831 M

156 4850 286 4924 13331333]
306 4853 413 4924 forceps
431 4852 492 4907 BG
