3316 5474
640 374 690 429 DE
711 372 1002 430 ORTHOGRAPHIA
1412 373 1475 436 165

165 489 189 525 p.
203 477 259 518 mes
271 477 298 516 P.

166 563 248 641 quod
272 570 319 622 est
340 580 479 640 urguere.
516 578 624 639 urgere
648 562 726 619 enim
751 560 890 638 dicimus,
913 577 972 618 non
994 577 1138 639 urguere:
1160 558 1306 638 Vergilius
1330 555 1474 638 ‘urgen-

166 677 227 729 tur
248 663 402 748 poenis'.
439 671 503 729 sine
526 687 547 728 u
570 671 701 747 positum
724 676 770 729 est
792 677 823 729 et
845 667 931 749 illud,

327 811 462 872 ungere
486 793 558 854 tela
581 811 683 852 monn
707 793 915 870 ferrumque
939 809 1077 852 armore
1101 811 1245 852 veneno.

166 935 237 978 nom
260 919 420 996 quominus
443 936 543 995 unguo
568 916 674 977 debeat
696 916 755 976 dici
777 917 930 977 evidenter
954 928 1088 998 apparet,
1112 917 1189 996 quod
1214 917 1328 978 nullum
1351 914 1474 976 verbum

136 1032 215 1085 sest
243 1042 281 1084 uo
312 1025 501 1085 terminatum
528 1028 589 1085 sive
616 1025 740 1085 iunctim
764 1025 826 1083 sive
850 1023 959 1103 solute,
987 1033 1020 1083 ut
1048 1043 1107 1084 non
1132 1024 1255 1085 eandem
1279 1043 1297 1083 u
1322 1031 1421 1083 servet
1443 1025 1474 1083 in

165 1133 344 1212 praeterito,
378 1136 412 1190 ut
440 1131 522 1191 volvo
551 1131 640 1212 volvi,
672 1148 746 1190 eruo
774 1132 847 1189 erui.
893 1149 973 1210 ringo
1000 1149 1071 1191 sero
1099 1150 1156 1191 uon
1186 1133 1291 1211 ungui,
1323 1130 1375 1191 sed
1403 1133 1475 1191 unxi

258 1373 271 1418 1
297 1365 372 1434 qnod
396 1367 440 1419 est
461 1381 579 1435 urguere
597 1362 626 1417 Β
649 1364 723 1433 quod
748 1366 792 1418 est
813 1381 912 1434 urgere
930 1366 958 1419 A
977 1382 1049 1434 quoe
1069 1369 1111 1420 est
1129 1383 1246 1436 urguere
1266 1365 1290 1420 G
1364 1366 1476 1434 urgenti

169 1447 269 1516 poenis
289 1448 322 1501 0:
347 1448 425 1517 Verp.
444 1447 513 1501 Aen.
538 1445 584 1499 VI
602 1450 655 1499 561
728 1444 825 1499 tsine
843 1445 873 1516 u]
894 1445 934 1500 sie
952 1446 1026 1500 enim
1045 1448 1073 1501 A
1145 1453 1284 1515 tongere
1303 1445 1353 1502 §A
1376 1462 1475 1514 urgere

163 1528 235 1583 BG:
256 1529 333 1599 Verg.
348 1530 417 1583 Aen.
438 1527 548 1580 VIIII
560 1531 615 1580 770
669 1524 806 1594 tunguo]
826 1523 940 1594 ungoO
991 1526 1066 1595 quod
1080 1527 1187 1580 nullum
1203 1528 1230 1580 A
1249 1525 1316 1594 quin
1328 1524 1477 1578 nullumG

165 1625 239 1676 quae
264 1610 343 1676 (corr.
368 1607 445 1678 quin)
468 1606 576 1659 nullum
600 1604 627 1657 B
718 1610 734 1657 b
757 1603 817 1660 siue
840 1603 957 1658 iunctim
980 1604 1039 1659 sine
1062 1605 1152 1660 solute
1177 1605 1201 1659 0
1221 1605 1280 1659 siue
1303 1604 1391 1658 iuncti
1415 1604 1474 1658 siue

165 1686 257 1742 solute
276 1688 303 1741 A
322 1687 381 1742 siue
399 1687 526 1740 iunctum
545 1685 604 1740 sine
624 1685 747 1739 solutum
762 1701 829 1739 corr.
846 1685 905 1738 sius
919 1685 1037 1739 iunctim
1052 1688 1111 1741 sius
1126 1686 1216 1741 solute
1229 1684 1257 1738 B
1276 1684 1335 1738 siue
1354 1683 1471 1737 innotim

164 1766 226 1820 sins
245 1767 359 1822 solutim
378 1783 395 1825 ς
413 1773 439 1822 et
456 1767 539 1821 codes
557 1764 707 1818 Bernensis
724 1769 782 1818 243
872 1772 888 1819 6
912 1781 987 1834 ungo
1010 1782 1075 1819 uero
1094 1766 1122 1819 B
1145 1781 1239 1835 unguo
1257 1780 1324 1819 uero
1342 1762 1410 1816 AG:
1437 1763 1472 1829 cf.

165 1846 303 1901 neuun.
327 1847 344 1901 l.
366 1846 396 1898 X
415 1863 446 1914 p.
466 1850 590 1910 503,16.
621 1863 687 1899 nam
710 1861 803 1914 unguo
827 1845 910 1899 Nisus
935 1845 1048 1914 quidem
1071 1851 1100 1901 st
1122 1846 1287 1915 Papiriouus
1310 1845 1339 1898 et
1366 1843 1474 1897 Probus

164 1932 226 1982 tam
244 1925 331 1996 ungui
354 1943 438 1994 quom
456 1923 524 1978 unxi
541 1924 640 1979 dicunt
661 1925 753 1981 fucere
772 1925 938 1994 praeterito,
957 1924 1098 1980 Charisius
1117 1941 1182 1980 vero
1201 1923 1268 1979 unxi
1289 1925 1401 1978 tantum

247 2364 277 2383 ⁸
338 2381 725 2479 uunuuuuu
766 2379 924 2480 SIVE
966 2375 1299 2480 u‘nuuunll

529 2568 590 2635 nn
613 2568 641 2633 Β
664 2568 921 2634 urrunnu
944 2568 1108 2635 vocum

259 2782 358 2842 Artem
381 2780 500 2860 quidem
524 2781 743 2859 grammaticam
763 2781 873 2840 uostris
892 2779 1064 2841 auctoribus
1082 2787 1163 2841 recte
1182 2781 1333 2842 scribendi
1350 2781 1472 2860 loquen-

165 2879 368 2968 diquegrstis
386 2890 481 2948 visum
501 2887 558 2947 luit
582 2887 721 2946 insistere
740 2894 771 2946 et
793 2886 1001 2947 illustrissimis
1021 2889 1083 2948 suis
1102 2907 1157 2949 nos
1176 2888 1333 2948 conlucere
1358 2888 1471 2949 sudori·

137 2995 238 3076 ebus,
261 3002 295 3056 ut
317 2995 471 3055 manifesta
494 2993 560 3053 luce
583 3011 638 3072 per
661 3011 764 3054 eorum
788 2993 906 3072 regulas
933 2993 1102 3073 gradientes
1130 2998 1193 3056 sine
1218 2995 1345 3074 quodam
1368 3014 1471 3055 errore

165 3104 248 3181 signa
271 3104 405 3181 viamque
430 3100 595 3161 litterarum
620 3118 787 3178 sequamur.
830 3099 849 3160 b
873 3109 971 3161 autem
994 3100 1136 3183 litteram,
1168 3120 1256 3181 quom
1279 3105 1337 3182 ipsi
1360 3111 1470 3163 mutem

166 3211 317 3269 nominare
346 3207 527 3289 maluerunt,
554 3216 584 3267 et
613 3227 630 3266 v
653 3206 798 3286 vocalem,
826 3225 914 3286 quam
942 3210 1013 3286 poni
1041 3226 1128 3288 saepe
1158 3227 1212 3288 pro
1236 3211 1300 3268 eius
1324 3216 1470 3288 potestate

165 3317 386 3396 cognoscimuS,
405 3334 463 3375 nou
483 3301 655 3394 diligentius
674 3315 849 3374 exercitatos
869 3313 991 3394 dedere,
1015 3332 1073 3392 quo
1093 3314 1180 3374 modo
1199 3316 1315 3375 cunctis
1335 3315 1468 3375 dictioni·

165 3421 221 3482 bos
245 3423 339 3482 inseri·
359 3420 499 3502 debeant,
522 3422 623 3481 nescio
648 3439 705 3500 qua
728 3419 765 3480 de
789 3438 885 3480 causo,
923 3429 973 3480 out
996 3422 1075 3480 enim
1098 3420 1222 3482 huiusce
1247 3424 1346 3501 operis
1370 3432 1468 3483 sucto-

127 3555 152 3594 ιο
165 3547 215 3589 res
243 3527 341 3609 latuit,
369 3537 419 3589 sut
443 3546 492 3588 eus
515 3536 721 3607 contempsere
746 3528 830 3606 quasi
858 3525 937 3586 leves
961 3535 1011 3586 out
1034 3535 1068 3587 nt
1091 3535 1188 3587 certos
1216 3529 1290 3608 ipsis
1314 3529 1469 3608 neglexere

166 3637 297 3696 nimium.
334 3636 544 3715 sedquoniam
564 3653 619 3695 neo
644 3633 700 3694 tole
720 3633 851 3694 studium
871 3635 1046 3712 cuiusquam
1069 3636 1234 3713 inspexisse
1254 3639 1469 3718 cognoscimus,

166 3751 196 3803 et
219 3761 293 3821 quae
312 3742 389 3822 opud
413 3741 479 3802 illos
502 3741 622 3801 humilis
642 3741 855 3820 manifestoque
878 3749 960 3822 sunt,
983 3740 1060 3820 opud
1085 3759 1139 3802 nos
1163 3759 1266 3821 magns
1289 3751 1319 3802 et
1343 3742 1468 3803 obscura

166 3850 346 3930 consistunt,
364 3849 460 3930 placet
479 3849 535 3909 hoc
554 3849 765 3909 commentario
785 3856 887 3908 nostro
907 3850 1037 3928 acceptis
1056 3846 1218 3908 seminibus
1242 3847 1277 3908 al)
1296 3849 1468 3911 Adamantio

164 3974 231 4016 meo
254 3965 352 4037 patre,
376 3958 427 4036 qui
450 3957 635 4016 sanctissimo
658 3954 891 4033 gravissimoque
919 3955 1028 4014 iudicio
1052 3961 1155 4014 tumor
1184 3953 1346 4034 doctorque
1370 3955 1478 4033 clocu-v

251 4190 285 4243 N
299 4191 383 4245 codex
400 4190 603 4259 Neapolitanus
622 4187 673 4242 IV
688 4188 716 4241 A
734 4193 768 4242 11

254 4278 282 4331 P
298 4280 381 4333 codex
402 4279 552 4345 Pontiani,
570 4294 645 4333 nunc
664 4278 841 4332 Monacensis
860 4282 916 4331 766

255 4376 267 4422 1
296 4367 507 4422 ADAMANTII
536 4365 617 4420 SIVE
644 4365 826 4421 MARTYRII
851 4365 899 4418 DE
924 4365 1041 4418 PRIMA
1068 4365 1222 4420 NOMlNlS
1251 4366 1417 4420 SYLLABA
1444 4367 1473 4419 P

200 4448 351 4503 Adamanti
369 4449 401 4501 N
471 4453 487 4500 3
507 4445 620 4515 quidem
639 4445 667 4498 P
682 4445 848 4515 quibusdam
865 4444 899 4497 N
967 4447 1042 4499 reete
1061 4445 1254 4515 scribendique
1276 4445 1370 4514 gratio
1388 4464 1468 4500 snum
1543 4492 1546 4498 ,

164 4529 219 4584 fuit
236 4529 264 4583 P
287 4579 291 4586 ,
319 4527 477 4584 tdebennt
496 4526 524 4579 P
540 4525 645 4580 debent
661 4525 696 4579 N
751 4529 801 4579 nut
819 4524 893 4579 enim
911 4524 1027 4579 huiusce
1046 4525 1136 4595 operis
1153 4528 1265 4580 sutores
1284 4525 1369 4579 latuit
1388 4525 1417 4578 P
1432 4543 1469 4581 uu

164 4611 238 4665 enim
252 4611 334 4666 huius
348 4610 440 4680 operis
453 4610 552 4663 auctor
566 4624 616 4661 nos
631 4607 715 4662 lntuit
731 4606 766 4659 N
818 4610 848 4658 11
870 4603 1014 4659 cuiusdam
1030 4605 1094 4660 NP
1145 4612 1178 4659 14
1196 4607 1277 4675 patre
1291 4604 1467 4660 sanctissimo

164 4691 213 4759 qui
235 4691 315 4761 gravi
339 4705 504 4758 summoque
528 4687 631 4743 iudicio
655 4691 737 4742 autor
758 4686 913 4755 ductorque
936 4684 1101 4741 elocutionis
1123 4684 1227 4739 latinns
1251 4684 1326 4740 risus
1347 4688 1391 4740 est
1413 4702 1468 4741 uon

164 4770 266 4826 futtilis
280 4770 328 4839 qui
347 4768 493 4824 facundiae
511 4767 612 4836 plenus
626 4767 697 4822 nulli
714 4784 803 4837 poene
817 4767 944 4823 veterum
958 4765 1121 4821 elocutionis
1135 4764 1239 4820 latinus
1253 4766 1349 4834 portes
1362 4765 1467 4837 primus

164 4851 239 4906 visus
258 4854 301 4906 est
319 4846 487 4904 concessisse
505 4849 643 4916 quantum
661 4852 762 4905 notura
782 4848 810 4901 P
880 4846 1031 4904 elocutioni
1048 4846 1082 4899 N
