3316 5474
625 395 673 450 Dii
692 397 789 451 All-TE
809 396 972 452 Marruca
1386 399 1445 461 251

144 508 166 545 p.
182 496 242 535 raas.
257 496 283 534 rr
297 495 321 534 ι».

234 579 346 641 Sedet
373 581 430 641 boc
454 582 758 664 commemorandum,
787 583 870 662 quia,
893 600 961 642 cum
988 584 1106 642 uomina
1129 601 1204 661 quae
1227 584 1257 643 iu
1282 585 1329 642 ius
1353 581 1398 642 vel
1422 584 1453 642 in

145 688 207 746 ium
236 688 434 747 terminantur
462 688 520 749 duro
549 693 559 752 i
587 693 618 751 in
647 692 782 770 genetivo
810 688 920 749 babere
948 687 1075 750 debeant
1103 707 1173 749 casu
1206 690 1332 750 duarum
1362 707 1455 768 aeque

145 791 337 871 syllabarum,
362 795 477 855 metrici
501 815 560 858 nou
584 814 746 876 numquam
769 798 800 856 in
824 794 928 855 eodem
951 797 1087 874 genetivo
1107 813 1177 855 casu
1203 813 1290 855 uuam
1316 793 1454 873 syllabam

144 907 260 977 ponunt
287 919 341 979 pro
365 900 493 983 duabus,
522 903 567 964 rel
594 901 690 963 ablata
714 901 850 962 videlicet
874 919 932 962 una
955 903 964 961 i
988 901 1025 961 de
1049 901 1164 962 duabus
1188 901 1232 961 vel
1257 901 1400 962 ambabus
1423 904 1453 962 iu

118 1023 234 1067 sarnam
249 1005 388 1085 syllabam
408 1011 573 1092 geminatis,
588 1011 721 1089 quamvis
734 1007 764 1069 id
784 1010 849 1070 lieri
867 1027 955 1089 posse
970 1007 1085 1069 Donato
1100 1015 1175 1069 teste
1194 1008 1316 1087 plurimi
1336 1015 1455 1086 negent
1569 1092 1576 1097 ι

145 1111 217 1173 dicit
239 1115 319 1174 euim
343 1113 485 1176 Paulinus

305 1218 492 1282 oblectans
515 1224 657 1304 inopem
682 1241 791 1284 sensu
814 1223 1011 1301 fructuque
1034 1221 1180 1301 peculii.

146 1324 224 1404 quod
248 1328 273 1386 si
297 1329 364 1406 quis
387 1328 494 1391 dixerit
516 1329 564 1391 hic
587 1347 656 1390 eum
679 1346 761 1390 more
781 1330 971 1407 antiquorum
995 1327 1142 1406 dactylum
1169 1331 1200 1388 iu
1230 1329 1288 1388 bne
1316 1331 1453 1408 posuisse

147 1432 299 1515 versiculi,
323 1434 400 1513 legat
423 1436 501 1514 quod
526 1437 604 1498 idem
627 1434 696 1496 alibi
718 1435 806 1516 dicit,

105 1561 131 1599 ro
305 1542 466 1620 excoluit
488 1543 624 1622 biiugis
647 1544 826 1622 laquearii
848 1551 885 1602 et
907 1560 1082 1603 marmore
1106 1541 1215 1603 labri:

145 1646 249 1708 excolu
272 1646 419 1728 dactylus,
441 1649 528 1710 itbiiu
551 1648 700 1731 dactylus,
721 1649 854 1729 gislaque
875 1648 1016 1728 dactylus.
1054 1651 1105 1727 qui
1130 1657 1176 1709 est
1199 1666 1271 1728 ergo
1290 1668 1343 1729 pes
1362 1668 1450 1729 quar·

146 1751 216 1815 tus?
244 1757 344 1816 ariiet:
367 1754 456 1816 babet
480 1758 558 1816 enim
582 1764 723 1836 quattuor
746 1755 885 1836 syllabas,
907 1755 1025 1835 longam
1048 1752 1169 1816 brevem
1190 1763 1221 1817 et
1243 1755 1317 1816 duas
1340 1755 1452 1838 longas.

146 1863 283 1950 epitritus
311 1864 342 1922 in
372 1862 492 1924 beroico
517 1881 604 1924 versu
628 1881 777 1924 essenon
804 1871 911 1943 potest
954 1863 1030 1924 forte
1054 1880 1125 1940 ergo
1154 1861 1305 1941 spondeus
1329 1872 1374 1924 est
1402 1863 1451 1925 ab·

138 1975 281 2037 ¹sumente
309 1968 459 2049 synalipba
487 1969 562 2029 duas
585 1969 700 2030 vocales
723 1956 915 2049 superventu
929 1971 1033 2050 unius,
1060 1968 1139 2048 quod
1168 1987 1227 2029 uon
1257 1969 1342 2031 lacile
1367 1971 1412 2031 sel
1435 1990 1451 2032 a

109 2095 134 2135 rs
148 2076 346 2151 grammaticis
374 2078 554 2155 permissum
583 2076 626 2137 rel
655 2096 670 2137 a
698 2079 795 2156 poetis
823 2084 999 2155 usurpatum
1026 2077 1172 2156 inuenies,
1200 2079 1317 2138 tametsi
1345 2077 1455 2138 dixerit

111 2161 118 2173 ⁹
145 2178 326 2243 Fortunatus
1336 2161 1338 2165 ,

305 2288 489 2352 vincentii
510 2291 706 2371 Hispaniae
729 2294 848 2372 surgit
870 2291 911 2352 ab
935 2309 1017 2353 arce
1042 2291 1159 2352 decus.

146 2396 232 2454 carius
250 2399 365 2457 scansio
385 2417 488 2459 versus
507 2416 560 2479 par
578 2407 625 2459 est
646 2399 785 2480 praelati,
807 2401 865 2460 nisi
883 2400 960 2461 lorte
980 2399 1112 2478 regulam
1131 2398 1236 2459 Lucilii
1255 2397 1350 2459 s'ecuti
1371 2407 1451 2481 sunt,

146 2503 197 2579 qui
216 2499 360 2563 Lucilium
381 2512 411 2564 et
429 2504 585 2566 Aemilium
605 2513 635 2567 et
654 2514 754 2568 cetera
772 2494 891 2566 nomina
909 2524 985 2586 quae
1000 2514 1067 2566 aute
1082 2525 1101 2565 ιι
1121 2503 1231 2565 habeut
1249 2506 1259 2564 i
1280 2522 1339 2564 non
1357 2503 1453 2564 solum

105 2629 132 2669 ιο
145 2609 175 2667 iu
200 2611 345 2689 vocativo,
359 2610 419 2671 ‘sed
444 2615 533 2673 ctiam
554 2615 585 2673 iu
609 2615 745 2693 genetivo
765 2631 835 2674 casu
857 2631 912 2693 per
931 2630 1024 2673 uuum
1043 2614 1053 2672 i
1072 2613 1220 2672 existimat
1239 2610 1330 2671 scribi
1352 2628 1451 2690 posse.

235 2743 334 2810 QVOD
353 2745 401 2800 ET
420 2745 653 2804 AVCTORITAS
673 2748 788 2804 SAEPE
807 2748 855 2802 ET
874 2746 1096 2802 uacassrbus
1116 2745 1361 2801 uuuulcossvu

634 2836 806 2892 DECRETA
825 2836 961 2892 VIOLET

234 2948 270 3006 At
298 2956 395 3009 tamen
424 2949 599 3011 intuendum
623 2958 669 3012 est
694 2950 780 3011 nobis
808 2953 877 3031 quia
905 2960 935 3011 et
960 2951 1121 3012 auctoritas
1151 2968 1210 3011 non
1239 2968 1400 3030 numquam
1424 2956 1455 3010 et

146 3055 307 3114 necessitas
331 3057 471 3116 metricae
495 3055 666 3136 disciplinae
689 3056 807 3136 regulas
838 3057 918 3117 licite
941 3058 1118 3118 contemnit:
1146 3058 1308 3117 necessitas
1332 3055 1453 3136 quidem

104 3179 131 3219 aa
145 3161 176 3219 in
204 3158 250 3219 bis
273 3161 371 3221 verbis
391 3157 396 3242 Ι
416 3181 491 3242 quae
520 3181 579 3223 non
608 3162 693 3223 aliter
720 3165 750 3223 in
780 3181 868 3223 versu
895 3164 967 3242 poni
994 3170 1133 3243 possunt,
1162 3171 1194 3223 ul
1221 3175 1291 3223 sunt
1320 3179 1452 3240 eaquae

145 3276 285 3346 quattuor
313 3267 436 3349 syllabas
464 3269 569 3330 breves
598 3270 721 3353 habent,
759 3269 840 3331 ltalia
872 3268 991 3330 basilica
1024 3268 1140 3350 religio,
1172 3269 1218 3329 vel
1250 3276 1314 3330 tres
1342 3270 1453 3348 primas

145 3372 264 3454 breves,
286 3384 320 3436 ut
343 3375 497 3458 reliquiae,
521 3377 567 3438 rel
589 3396 678 3438 unam
701 3380 732 3438 in
756 3376 852 3439 medio
877 3363 1012 3458 brevem,
1035 3386 1069 3438 ut
1092 3379 1200 3437 veritas
1224 3378 1356 3456 trinitas,
1376 3394 1452 3454 quae

145 3498 242 3559 neque
265 3481 412 3561 dactylum
431 3492 608 3545 consuetum
627 3502 723 3564 neque
747 3483 911 3563 spondeum
935 3484 1032 3544 lacere
1056 3492 1196 3564 possunt,
1219 3483 1298 3562 qarod
1322 3483 1452 3563 propriis

146 3585 314 3647 nominibus
338 3592 462 3651 manime
487 3590 562 3652 solet
585 3593 713 3652 evenire.
750 3590 840 3652 huius
863 3590 1032 3671 exemplum

105 3711 132 3752 so
305 3693 443 3757 ltaliam
466 3701 651 3778 sequimur
675 3700 873 3778 lugientem
896 3706 932 3759 et
955 3700 1150 3777 mergimur
1178 3697 1298 3760 undis:

145 3801 281 3861 icoutra
305 3811 440 3864 araturam
463 3806 626 3885 prolonga
650 3808 763 3887 posuit,
787 3806 855 3884 quia
882 3823 941 3865 non
964 3804 1049 3866 aliter
1073 3804 1199 3887 ltaliam,
1223 3823 1312 3884 quam
1335 3807 1454 3884 saepius

146 3914 210 3967 erat
232 3910 452 3992 nominaturus,
475 3912 621 3992 appellare
645 3911 773 3993 valebat,
803 3913 860 3972 nisi
884 3919 935 3972 aut
958 3909 1097 3991 syllabam
1126 3929 1201 3990 qrrae
1227 3919 1330 3971 natura
1354 3910 1453 3971 brevis

218 4090 565 4159 lelom.FLP,udd.5
619 4089 1182 4159 ueliniumFuelquaeiniumsLP
1232 4090 1452 4161 auoquc]quo-

146 4184 201 4235 qno
213 4168 239 4220 L
294 4177 310 4223 4
324 4172 433 4239 ponunt
446 4189 497 4240 pro
507 4172 615 4227 duabus
625 4172 688 4226 FP
696 4187 748 4242 pro
757 4170 866 4226 duabus
876 4170 903 4224 L
916 4187 967 4240 pro
977 4169 1084 4223 duabus
1097 4168 1244 4237 proferunt
1258 4169 1268 4223 l
1321 4168 1453 4225 bdonato

145 4249 219 4303 besta
232 4249 346 4318 plurimi
355 4250 384 4302 F
396 4249 499 4305 donato
514 4253 637 4307 bestente
650 4248 765 4321 plurimi
775 4249 827 4308 ςΡ
839 4249 954 4319 plurimi
963 4249 1068 4304 donato
1082 4250 1155 4302 leste
1164 4249 1205 4303 L:
1220 4248 1331 4315 Doup.
1342 4253 1452 4314 367,19

181 4331 333 4399 santiquo
353 4330 379 4381 L
435 4336 467 4383 11
487 4331 550 4399 quis
569 4335 612 4387 est
625 4332 652 4385 L
709 4328 1029 4399 somnolentarum*
1083 4333 1115 4382 17
1130 4327 1283 4398 Hispaniae
1297 4327 1453 4396 Rctsclaiua,

145 4407 275 4479 hispania
293 4409 405 4466 FLPs
491 4414 587 4480 surget
604 4426 674 4466 corr.
694 4409 730 4465 -it
750 4409 778 4463 P
863 4413 896 4463 18
920 4425 990 4528 perpi
1005 4425 1074 4465 corr.
1093 4425 1144 4478 par
1162 4409 1190 4462 P
1271 4405 1360 4461 lucilii
1382 4423 1452 4464 corr.

146 4540 213 4595 lucii
233 4541 272 4595 P:
290 4544 324 4609 cf.
345 4543 452 4597 Obareis.
467 4559 498 4611 p.
519 4547 600 4609 laid
674 4549 706 4598 19
725 4541 852 4596 lucilium
871 4541 898 4595 L
915 4540 1020 4595 lucium
1039 4540 1186 4595 Plocium
1205 4540 1235 4594 1⁸⁸
1296 4545 1332 4595 20
1344 4537 1374 4594 in
1388 4545 1452 4596 autc

145 4621 275 4676 vocativo
293 4639 343 4677 ons.
364 4622 401 4688 F,
420 4624 483 4678 add.
504 4623 565 4677 LP
625 4623 712 4678 eiiam
730 4638 780 4678 orn.
800 4621 867 4691 FP,
885 4623 949 4676 add.
969 4622 996 4676 L
1051 4620 1193 4676 existimat
1212 4621 1301 4676 scribe
1319 4638 1401 4692 posse
1424 4622 1455 4676 F

145 4700 308 4757 existimaui
320 4704 404 4760 scribi
419 4720 500 4774 posse
516 4704 542 4758 L
557 4702 641 4759 scribi
654 4719 736 4772 posse
751 4701 913 4757 existimaui
927 4701 979 4760 ςΡ
1031 4709 1064 4756 21
1080 4702 1154 4770 quod
1170 4733 1201 4742 -
1216 4701 1307 4757 uiolet
1319 4704 1453 4758 corstiusa

145 4784 286 4852 scriptura
300 4784 332 4836 iu
347 4783 374 4835 P
424 4790 458 4838 23
478 4783 642 4839 intuendum
657 4785 701 4838 esi
714 4780 795 4836 nobis
809 4781 872 4836 LP
883 4781 1048 4837 intuendam
1062 4782 1093 4836 F
1145 4789 1179 4838 2⁶
1193 4781 1237 4837 his
1250 4799 1300 4838 om.
1316 4783 1371 4848 ςΡ,
1387 4783 1451 4837 add.

147 4863 207 4920 FL
261 4869 295 4918 27
311 4862 409 4919 breves
423 4881 475 4920 om.
486 4865 521 4935 P,
535 4865 599 4919 add.
610 4862 669 4920 FL
724 4866 759 4920 80
773 4859 899 4939 ltaliam]
920 4860 997 4937 Verp.
1011 4863 1081 4917 Aeas.
1097 4862 1123 4916 V
1134 4869 1192 4923 629
1246 4868 1281 4920 32
1297 4863 1411 4920 uolebat
1423 4862 1454 4920 F
