3316 5474
223 336 289 401 330
795 341 963 398 linteis·

222 447 245 485 p.
260 439 285 478 ro
299 438 329 477 n.

223 521 374 584 habebunt
397 531 566 603 accentum,
592 531 625 584 ut
648 524 711 606 pir,
734 525 797 605 nix,
822 525 867 585 lix
892 573 898 586 .
923 544 1126 605 quaecumque
1150 535 1255 586 natura
1279 525 1383 604 longae
1407 525 1529 606 luerint,

223 630 412 691 circumllexo
427 637 552 690 accentu
567 630 853 711 pronuntiabuntur,
867 641 901 693 ut
919 631 985 712 dds,
1006 635 1087 712 spes,
1107 641 1162 692 rea.
1187 631 1221 691 ln
1241 625 1411 715 disyllabis}
1432 629 1529 712 quid?

224 735 254 796 Si
282 739 365 816 prior
394 747 499 798 natura
527 736 612 816 longa
645 738 736 798 luerit
767 740 933 816 posteriore
968 747 1119 818 correpta,
1150 741 1233 818 prior
1265 738 1528 819 circumflectetur,

222 851 255 902 ut
277 842 366 922 hdra,
394 843 486 904 Roma
510 892 517 904 .
541 843 618 915 Quid
642 845 666 904 si
691 849 844 920 posterior
867 847 1024 922 producto
1054 847 1113 904 sit?
1149 844 1248 927 Prior,
1276 864 1329 906 seu
1359 844 1444 926 longa
1473 864 1528 906 seu

221 949 321 1011 brevis
344 952 448 1031 luerit,
471 960 594 1012 acuatur
618 970 741 1012 necesse
765 960 824 1033 est,
847 960 881 1013 ut
903 951 997 1033 leges,
1023 951 1102 1012 silus
1122 1000 1128 1013 .
1148 955 1173 1012 si
1193 950 1294 1012 ambae
1319 951 1424 1012 breves
1448 960 1528 1032 sunt,
1557 966 1571 1007 a

220 1065 345 1118 acuetur
368 1061 477 1138 prima,
501 1067 534 1119 ut
556 1058 644 1139 dius,
667 1058 755 1118 bdmo
775 1106 782 1119 .
802 1058 879 1130 Quid
899 1061 929 1119 in
948 1058 1107 1139 trisyllabis
1126 1067 1157 1120 et
1175 1059 1370 1139 tetrasyllabis
1385 1069 1435 1120 aut
1450 1077 1526 1139 quae

220 1164 321 1245 plures
345 1164 497 1227 habebunt
520 1161 666 1245 syllabas?
703 1165 734 1225 Si
753 1164 933 1245 paenultima
952 1164 1050 1226 brevis
1069 1166 1173 1246 luerit,
1197 1185 1271 1246 quae
1291 1185 1354 1227 eam
1373 1165 1528 1247 praecedit

221 1280 358 1352 acuetur,
378 1280 411 1333 ut
429 1271 557 1351 leliuS,
575 1271 754 1333 llorte'nsius
769 1319 776 1332 .
791 1271 869 1343 Quid
888 1271 1009 1353 deinde,
1032 1275 1056 1333 si
1075 1273 1254 1353 paenultima
1271 1277 1420 1350 positione
1438 1273 1526 1354 longa

160 1418 168 1426 ι
220 1376 420 1460 luerit?·lpsa
435 1389 554 1440 acutum
570 1378 689 1440 habebit
703 1387 872 1460 accentum,
890 1378 1118 1459 praecedentem
1133 1390 1233 1441 autem
1247 1399 1365 1460 gravem
1381 1381 1477 1460 saciet,
1492 1388 1527 1441 nt

220 1486 366 1567 Catullus,
389 1486 524 1548 Metellus
548 1534 555 1548 .
579 1485 656 1557 Quid
680 1489 705 1547 si
728 1486 908 1566 paenultima
932 1487 1106 1549 naturaliter
1128 1487 1272 1568 producta
1296 1489 1399 1568 luerit,
1427 1490 1467 1549 ita
1490 1495 1527 1548 ut
1542 1501 1569 1542 ro

220 1594 321 1655 ultima
346 1592 444 1654 brevis
467 1590 528 1655 sit?
564 1592 778 1655 Paenultimam
802 1593 1086 1674 circumllectcmus‚
1110 1604 1143 1655 ut
1161 1593 1324 1676 Cethegus,
1346 1594 1525 1656 Romanus.

219 1701 296 1773 Quid
321 1704 346 1762 si
369 1701 455 1781 longa
478 1702 569 1762 luerit
592 1697 717 1762 ultima?
754 1699 954 1762 Paenultimae
978 1708 1098 1761 accitum
1129 1699 1264 1760 dabimus
1291 1709 1460 1780 accentum,
1490 1708 1526 1761 ut

218 1808 363 1888 Atbe'nae,
395 1807 528 1879 Fidenae
553 1853 560 1868 .
590 1807 667 1879 Quid
699 1826 804 1887 graeca
831 1803 978 1868 nomina?
1003 1807 1044 1867 'Si
1072 1806 1167 1867 isdem
1191 1806 1297 1867 litteris
1320 1807 1525 1887 proferuntur,

217 1933 341 1995 graecos
364 1922 505 1976 accentus
528 1913 687 1975 habebunt.
726 1933 792 1975 nam
816 1921 846 1974 et
869 1932 937 1974 cum
961 1914 1087 1974 dicimus
1111 1913 1219 1993 Thyias
1243 1921 1273 1985 et
1296 1912 1379 1991 Nais,
1402 1922 1524 1973 acutum

217 2020 370 2083 habebunt
388 2024 553 2102 posteriore
573 2030 742 2102 accentum3
766 2031 796 2082 et
811 2039 879 2082 cum
894 2019 1061 2102 Themisto,
1080 2020 1217 2102 Calypso,
1236 2019 1371 2098 Theano,
1390 2018 1523 2080 ultimam
1539 2036 1566 2076 sa

218 2128 412 2189 circumflecti
430 2128 564 2189 videmus
588 2177 595 2190 .
619 2136 779 2207 utrumque
802 2128 912 2188 latinus
936 2146 1034 2189 sermo
1058 2146 1117 2188 non
1141 2129 1266 2208 patitur,
1289 2128 1346 2186 nisi
1364 2124 1521 2186 admodum

219 2252 306 2295 raro·
331 2235 392 2295 sola
411 2239 543 2296 occurrit
562 2253 633 2315 ergo
653 2236 837 2315 coniunctio,
855 2237 885 2295 in
906 2253 962 2314 qua
981 2215 1130 2314 posterior
1150 2233 1339 2295 circumflexa
1358 2232 1521 2312 depreben-

217 2340 299 2402 ditur
323 2390 329 2402 .
352 2345 423 2403 item
447 2341 618 2404 adverbium
646 2360 723 2422 pone
747 2344 912 2421 posteriore
936 2350 1056 2402 acutum
1084 2342 1191 2421 recipit
1218 2347 1388 2421 accentum,
1417 2358 1454 2400 ne
1484 2341 1523 2400 sit

217 2446 349 2510 verbum.

124 2581 196 2631 19³,21
307 2554 388 2626 Quae
419 2563 465 2616 est
495 2557 588 2635 ligura
618 2557 698 2616 acuti
728 2551 891 2616 accentus?
934 2554 946 2614 l
977 2554 1129 2636 obliquum
1160 2559 1190 2616 in
1221 2556 1373 2618 dexteram
1405 2562 1521 2634 partem
1537 2571 1566 2610 so

209 2660 361 2722 “scandens
376 2659 437 2742 ital
444 2710 450 2722 .
461 2662 543 2734 Orias
558 2672 603 2724 est
614 2663 707 2724 lorma
721 2665 818 2743 gravis
832 2660 995 2724 accentus?
1018 2663 1192 2740 lobliquom
1202 2665 1233 2722 in
1244 2663 1394 2724 dexteram
1405 2669 1521 2741 partem

289 2806 381 2878 liax]
400 2823 456 2876 pax
476 2807 512 2859 M
569 2808 773 2878 quaecumque]
794 2824 867 2877 quae
887 2809 924 2862 M
980 2809 1193 2865 toiroumflexu
1212 2809 1359 2862 accentum
1378 2806 1416 2860 M
1469 2805 1520 2860 dos

216 2903 278 2957 spes
296 2904 339 2941 res
364 2886 390 2939 V
406 2887 456 2941 dos
473 2903 523 2955 pes
542 2902 587 2940 res
605 2886 669 2940 BF
685 2887 734 2942 dos
753 2904 796 2942 res
814 2904 863 2956 pes
892 2889 929 2942 Μ
990 2890 1042 2946 lut.
1062 2890 1093 2944 in
1117 2889 1269 2945 dissillabis
1293 2885 1369 2956 quod
1396 2885 1419 2940 si
1444 2885 1521 2954 prior

214 2968 316 3020 natura
346 2966 433 3036 longa
463 2965 548 3021 luerit
575 2967 606 3020 It.
627 2966 785 3036 posteriora
811 2971 942 3037 correpta
968 2970 1044 3038 prior
1066 2969 1293 3024 circumflectitur
1315 2969 1347 3021 ut
1370 2983 1419 3021 ora
1441 2981 1522 3021 roma

215 3047 267 3100 lut.
305 3046 372 3114 quid
408 3045 433 3100 si
470 3045 546 3116 prior
578 3046 672 3100 breuis
703 3046 788 3102 merit
819 3051 936 3103 acuatur
967 3065 1079 3105 necesse
1111 3052 1144 3103 ut
1175 3048 1252 3117 agios
1284 3046 1353 3100 alies
1385 3044 1410 3098 si
1437 3046 1519 3100 ambe

214 3125 316 3180 bracus
339 3129 404 3181 sunt
425 3131 540 3182 acuetur
566 3126 656 3197 prima
679 3129 711 3180 ιιι
733 3127 801 3182 deus
824 3129 907 3183 homo
931 3128 984 3188 lat.
1010 3129 1078 3200 quid
1102 3122 1146 3184 int
1176 3125 1337 3182 trissillabis
1370 3129 1399 3180 et
1433 3127 1520 3179 tetra·

214 3205 329 3275 syllabis
361 3210 446 3276 atque
478 3208 572 3278 plures
604 3207 748 3261 habebunt
779 3208 903 3278 syllabas
930 3209 963 3263 n.
992 3208 1016 3266 si
1042 3209 1198 3279 penultima
1224 3206 1317 3262 breuis
1349 3204 1434 3259 fuerit
1465 3223 1521 3275 que

157 3286 160 3292 ’
214 3302 276 3340 eam
309 3287 453 3356 praecedit
484 3289 600 3342 acuetur
631 3289 663 3341 ut
691 3285 790 3341 tullius
822 3285 978 3341 hortentius
1007 3288 1045 3342 M
1075 3289 1128 3342 lnt.
1161 3287 1190 3342 in
1218 3284 1372 3357 dysyllabis
1400 3285 1467 3355 qnid
1496 3287 1520 3339 si

213 3366 274 3435 prio
297 3366 384 3436 longa
406 3367 467 3422 erit.
492 3368 523 3421 R.
547 3367 700 3439 posteriore
724 3369 853 3437 correpta
875 3365 962 3436 prior¹
978 3366 1212 3422 circumflectetur
1236 3370 1272 3434 ιιιι
1285 3383 1335 3421 ora
1352 3383 1432 3421 roma
1451 3366 1519 3435 qnid

213 3444 237 3499 si
255 3444 332 3513 prior
349 3447 442 3501 breuis
461 3446 553 3502 luerit.
573 3448 605 3502 R.
625 3448 763 3518 posterior
786 3463 835 3501 seu
860 3445 945 3516 longa
968 3463 1018 3500 seu
1040 3445 1134 3501 breuis
1156 3447 1242 3503 luerit
1266 3449 1383 3501 acuatur
1405 3461 1519 3500 necesse

213 3526 256 3579 est
274 3525 367 3580 ALES
390 3525 490 3581 AGER
512 3530 542 3582 et
564 3527 589 3581 si
612 3527 713 3582 ambae
735 3527 821 3581 breue
846 3528 912 3580 sunt
935 3528 1051 3581 acuetur
1072 3525 1164 3595 prima
1185 3530 1219 3582 ut
1241 3527 1309 3582 deus
1335 3527 1418 3580 homo
1438 3568 1444 3580 .
1464 3525 1518 3579 lnt.

213 3605 281 3675 quid
302 3604 336 3659 in
356 3605 426 3673 trib3
450 3607 566 3675 syllabis
594 3611 624 3662 et
649 3605 841 3677 tetrasyllabis
869 3607 919 3659 aut
948 3621 1020 3674 quae
1047 3605 1141 3674 plures
1169 3606 1291 3676 syllabas
1321 3605 1467 3660 habebunt
1494 3603 1518 3657 si

212 3685 369 3754 penultima
387 3684 480 3740 breuis
498 3684 584 3741 inerit
602 3702 673 3755 quae
692 3702 755 3741 eam
773 3687 889 3740 acuetur
906 3688 939 3740 ut
952 3685 1051 3740 tullius
1066 3685 1202 3741 ortentins
1216 3690 1246 3742 et
1260 3685 1355 3741 anima
1369 3684 1401 3739 F
1415 3685 1468 3739 lut.
1488 3683 1519 3738 in

215 3763 375 3833 dissyllabis
394 3764 461 3833 quid
481 3765 504 3818 si
528 3765 605 3834 prior
627 3767 729 3821 natura
751 3766 838 3835 longa
860 3765 914 3820 orit
931 3765 963 3819 R.
983 3767 1144 3834 posteriora.
1160 3767 1289 3836 correpta
1306 3765 1383 3834 prior
1401 3764 1518 3818 circum·

212 3841 339 3898 flectetur
357 3847 390 3899 ut
407 3860 485 3899 roma
503 3846 556 3899 Int.
577 3844 645 3914 quid
663 3845 688 3899 si
706 3845 782 3915 prior
800 3845 893 3900 breuis
918 3842 1004 3899 fuerit
1021 3843 1055 3898 R.
1074 3844 1150 3913 prior
1173 3861 1221 3900 seu
1243 3844 1330 3915 longa
1352 3861 1401 3899 seu
1424 3843 1517 3897 breuis

211 3922 298 3978 luerit
316 3942 388 3993 quae
407 3941 440 3981 ea
459 3922 604 3994 praecedit
621 3926 737 3979 acuetur
755 3927 787 3978 ut
805 3924 903 3980 tullius
921 3924 1079 3980 hortensius
1092 3924 1128 3979 Β.
1148 3927 1334 3995 supplemento
1347 3923 1479 3993 praebuit
1494 3922 1520 3974 V

248 4005 421 4073 8positione
440 4021 490 4059 om.
505 4003 534 4057 B
541 4005 578 4057 M
582 4002 619 4072 F,
638 4005 701 4059 odd.
723 4004 749 4056 V
791 4011 834 4059 κθ
853 4004 915 4075 ipsa
933 4007 1028 4060 autem
1047 4007 1177 4059 aocntnm
1196 4006 1224 4058 Β
1296 4003 1402 4074 antem]
1421 4004 1471 4056 aut
1489 4001 1520 4055 F

247 4085 333 4141 faciet
350 4086 378 4140 B
396 4085 465 4141 facit
483 4085 521 4138 M
535 4083 621 4139 iaciat
640 4085 670 4137 F
724 4092 756 4139 10
775 4085 914 4157 Catullus]
930 4085 1047 4141 catellus
1061 4085 1089 4137 Β
1144 4091 1176 4139 11
1196 4085 1382 4156 penultimam
1394 4078 1517 4137 'choum-

213 4164 352 4221 flectimus
373 4166 444 4220 MF
459 4163 616 4235 penultima
635 4165 878 4221 circumflectimus
897 4165 925 4217 Β
979 4165 1093 4219 cetheus
1106 4164 1135 4218 B
1191 4172 1223 4220 12
1238 4164 1324 4220 fuerit
1337 4163 1368 4217 F
1380 4161 1519 4218 eritBM

213 4248 383 4302 redicimus
411 4246 501 4301 ethius
526 4248 555 4300 et
578 4244 639 4299 nais
666 4246 703 4298 M
708 4244 738 4298 F
757 4246 876 4300 dicimus
899 4244 1027 4300 ethianas
1050 4246 1078 4298 Β
1152 4251 1184 4299 15
1204 4245 1388 4314 posteriorem
1411 4241 1439 4295 Β
1446 4242 1484 4296 Μ
1489 4240 1520 4294 F

265 4326 371 4396 calipso
399 4327 501 4382 theano
531 4326 569 4379 M
595 4323 702 4394 calipso
725 4329 809 4380 teano
837 4325 902 4381 BF
979 4327 1109 4382 ultimam
1137 4343 1188 4380 orn.
1218 4327 1256 4381 M
1333 4331 1366 4379 16
1394 4321 1517 4376 uidimus

212 4407 360 4475 utramque
379 4411 415 4460 M
483 4405 608 4476 patiatur
628 4406 665 4458 M
739 4412 770 4459 18
793 4423 882 4474 poene
907 4423 976 4462 corr.
1000 4424 1073 4477 pone
1091 4406 1120 4460 B
1192 4405 1346 4476 posteriore
1368 4405 1518 4460 Dositbeos

207 4500 236 4551 p.
257 4490 302 4551 10,
320 4485 460 4555 posterior
477 4487 551 4540 ΒΜ
554 4484 584 4538 F
654 4492 688 4539 20
707 4485 769 4539 ludi
788 4485 933 4555 obliquum
953 4488 1096 4543 dexteram
1115 4488 1225 4556 partem
1243 4485 1379 4540 scandens
1398 4486 1440 4541 ita
1457 4505 1517 4541 orso

209 4565 302 4619 littero
317 4571 381 4634 post
399 4566 440 4620 ita
458 4568 544 4622 deleo
557 4568 585 4620 Β
603 4567 616 4620 l
635 4566 756 4622 oblicum
775 4567 919 4638 dexteram
933 4570 1043 4636 partem
1057 4566 1192 4621 scandens
1206 4565 1248 4620 ita
1262 4568 1307 4620 est
1321 4566 1358 4619 M
1370 4565 1515 4635 obliquum

211 4644 355 4699 dexteram
373 4649 482 4717 partem
501 4647 654 4704 ascendens
673 4645 705 4700 F
715 4653 782 4700 uota
801 4649 877 4701 ocuti
894 4654 1020 4703 occentus
1038 4650 1070 4703 in
1087 4647 1212 4701 omnibus
1230 4647 1330 4700 omissa
1402 4652 1433 4699 21
1455 4646 1467 4698 l
1486 4647 1516 4701 in

209 4722 353 4780 dexteram
371 4730 479 4796 partem
499 4727 664 4783 discendens
683 4727 725 4781 ita
743 4732 774 4784 ·l·
793 4728 821 4780 B
840 4727 869 4781 iu
888 4728 1031 4783 dexteram
1049 4730 1159 4797 partem
1178 4727 1343 4782 discendens
1363 4726 1405 4781 ita
1423 4728 1465 4780 est
1480 4727 1518 4779 M

210 4802 238 4858 iu
257 4805 396 4861 dexteram
423 4810 533 4877 partem
557 4808 728 4864 descendens
751 4808 792 4862 ita
811 4810 824 4861 Ι
844 4806 876 4861 F
