3316 5474
594 368 642 422 DE
672 365 926 422 DIFFERENTIIS
1354 366 1418 431 529

117 480 139 516 p.
155 473 215 511 eruo.
229 472 282 510 ram
297 471 321 509 n.

209 556 452 616 Communionem
477 563 507 616 et
530 555 778 615 communitatem.
824 554 1020 613 communitas
1043 561 1090 613 est
1112 551 1347 613 communicandi
1371 571 1419 611 vo-

120 662 230 742 luntas,
254 665 423 722 communio
447 661 577 742 undique
601 663 734 722 munitio.

208 769 374 830 l'ultionem
398 778 428 829 ει
452 768 601 830 iulturam.
647 768 747 850 fultio,
770 767 839 828 dum
864 768 909 848 tit3
933 766 1056 848 fultura,
1079 785 1146 827 cum
1170 769 1245 829 lacta
1269 777 1323 828 est.

209 876 387 937 Maritimum
411 885 441 936 et
465 878 619 937 marinum.
665 876 810 936 maritima
835 875 897 936 loca
917 884 988 936 sunt
1006 874 1050 934 rel
1069 892 1162 954 prope
1182 894 1262 935 mare
1282 876 1421 935 introitus

93 993 181 1066 sest,
207 987 318 1043 marina
341 983 385 1043 vel
410 985 492 1044 navis
515 982 561 1042 vel
583 980 678 1043 belua.
1303 1037 1305 1041 .

208 1090 353 1150 ieiunium
373 1098 403 1150 et
422 1091 614 1150 ieiunitatem.
655 1092 799 1151 ieiunium
823 1089 886 1150 dies
910 1096 969 1171 est,
992 1090 1130 1151 ieiunitas
1154 1089 1212 1151 cibi
1236 1090 1420 1152 abstinentia.

209 1196 364 1276 Elinguem
387 1208 417 1258 ει
440 1197 629 1275 elinguatum.
676 1197 802 1276 elinguis
821 1195 909 1257 habet
930 1196 1074 1278 linguam,
1096 1198 1148 1259 sed
1168 1217 1224 1259 usu
1244 1200 1308 1258 cius
1327 1206 1421 1278 caret3

120 1306 288 1386 elinguatus
311 1300 441 1384 amisit}

210 1414 399 1494 suspicacem
423 1423 453 1474 et
476 1414 682 1492 suspiciosum.
728 1413 865 1491 suspicax
889 1413 999 1493 arguit,
1022 1414 1205 1492 suspiciosus
1228 1414 1343 1493 recipit.

83 1535 108 1574 ro
209 1520 389 1581 llestiarium
412 1529 442 1579 et
465 1521 634 1580 restionem.
681 1521 835 1580 restiarius
858 1521 910 1599 qui
934 1521 1017 1602 lacit,
1040 1522 1132 1580 restio
1156 1522 1207 1599 qui
1230 1519 1337 1582 vendit.

209 1629 369 1688 austerum
388 1636 419 1686 et
438 1644 583 1687 severum.
620 1636 758 1688 austerus
776 1645 881 1707 graeca
901 1627 1129 1707 consuetudine,
1152 1645 1274 1688 severus
1293 1645 1309 1687 a
1328 1646 1422 1687 saevo.

210 1733 417 1813 Eloquentiam
436 1743 466 1794 et
489 1732 648 1814 eloquium.
694 1734 863 1814 eloquentia
881 1736 1013 1815 perlecta
1032 1737 1076 1795 vis
1095 1736 1251 1815 orationis,
1273 1733 1424 1814 eloquium

123 1861 171 1902 ars
195 1844 347 1922 supposita
371 1840 523 1901 commode
548 1840 713 1919 eloquendi.

212 1949 391 2009 Servitutom
419 1957 449 2008 et
476 1949 638 2008 servitium.
688 1951 816 2009 servitus
845 1957 891 2009 est
919 1948 975 2009 sub
1005 1949 1139 2031 domino,
1172 1952 1250 2010 servi
1282 1950 1421 2028 patientia

85 2059 278 2118 15servitium
302 2058 379 2117 lacit.

211 2163 462 2242 vituperationem
487 2171 516 2223 et
545 2161 752 2243 culpationem.
798 2165 975 2244 vituperatio
999 2166 1102 2225 vitium
1130 2173 1227 2244 parat,
1255 2163 1384 2242 culpatio
1408 2180 1425 2222 a

123 2270 207 2351 culpa
232 2273 345 2351 incipit.

212 2377 369 2438 Nomiuare
394 2388 424 2439 et
447 2376 602 2457 appellare.
649 2378 809 2438 nominatio
835 2378 967 2438 nominat
989 2395 1078 2457 quem
1101 2377 1241 2459 appellat,
1269 2377 1424 2458 appellatio

123 2484 295 2565 appellantis
330 2505 382 2545 vox
416 2495 461 2545 est
493 2487 523 2544 iu
557 2484 736 2563 ministerio,
768 2491 798 2543 et
830 2483 957 2563 appellat
989 2483 1034 2544 vel
1062 2503 1078 2543 a
1106 2486 1272 2563 potentiore
1302 2492 1425 2562 propter

85 2607 112 2646 eo
125 2595 276 2672 iniuriam,
300 2590 345 2652 vel
368 2594 485 2653 invocat
508 2590 649 2651 auxilium
671 2593 875 2672 magistratus,
899 2591 943 2651 vel
967 2610 1034 2652 cum
1058 2593 1214 2672 pecuniam
1237 2593 1377 2670 reposcit.

213 2699 280 2759 Tris
304 2708 334 2759 et
357 2708 427 2759 tres
474 2699 529 2758 tris
552 2699 582 2757 in
606 2699 772 2758 accusativo
797 2715 881 2778 casu,
905 2708 966 2758 tres
989 2701 1019 2757 in
1039 2700 1217 2758 nominativo
1236 2706 1267 2758 et
1285 2698 1424 2757 vocativo.

214 2805 426 2866 Necessitatem
451 2814 480 2864 ει
504 2803 762 2864 necessitudinem.
808 2803 997 2866 necessitudo
1021 2803 1066 2863 vel
1089 2806 1241 2882 sanguinis
1265 2804 1309 2864 vel
1338 2806 1425 2864 meri-

125 2924 223 2975 torum
247 2931 315 2974 cum
344 2911 588 3021 praeceptoribus
611 2915 659 2972 oet
679 2930 747 2972 cum
771 2912 887 2991 amicis,
911 2913 1072 2972 necessitas
1095 2910 1276 2971 inmutabilis
1300 2929 1349 2971 res
1372 2919 1427 2992 est,

124 3033 158 3085 ut
181 3024 256 3083 mori
280 3021 464 3081 necessitatis
488 3027 542 3078 εει.

84 3143 110 3183 es
215 3129 319 3189 Serum
344 3136 374 3186 et
397 3144 473 3186 sero.
519 3144 620 3186 serum
644 3125 679 3186 ad
704 3127 856 3204 negotium
879 3127 1022 3206 pertinet,
1046 3144 1113 3186 sero
1138 3125 1173 3186 acl
1197 3134 1323 3205 tempus.

215 3235 310 3295 Decus
338 3243 368 3294 ει
395 3233 525 3312 gloriam.
572 3232 663 3293 decus
691 3242 737 3293 εει
765 3234 997 3294 instrumentum
1025 3235 1185 3313 cultuque,
1216 3232 1308 3312 gloria
1342 3234 1426 3312 quasi

125 3344 246 3404 lionoris
269 3360 391 3402 merces

214 3450 363 3509 llonorcm
388 3457 417 3508 et
440 3447 565 3508 laudem.
611 3446 707 3507 honor
730 3445 880 3525 dignitatis
904 3451 1118 3509 consummatio
1148 3448 1193 3508 vel
1221 3449 1358 3527 privatim
1381 3447 1426 3509 rel

126 3557 257 3638 publico,
281 3555 344 3615 laus
368 3554 497 3615 secunda
521 3555 699 3615 existimatio
723 3563 804 3614 recte
828 3555 982 3616 tactorum.

85 3679 112 3718 so
214 3662 398 3723 Familiarem
417 3670 447 3721 et
466 3660 678 3721 familiaricum.
720 3660 863 3722 familiare
882 3661 917 3721 ad
937 3662 1088 3723 dominum
1109 3681 1166 3723 non
1191 3663 1335 3743 refertur,
1359 3680 1426 3722 cum

126 3772 211 3831 amici
231 3768 387 3829 familiares
411 3771 484 3849 sint,
510 3768 713 3829 familiaricum
738 3767 817 3846 quod
837 3787 922 3828 servo
941 3771 1096 3850 competit,
1114 3778 1148 3830 ut
1167 3787 1268 3849 sagum
1288 3768 1426 3848 gladium.

215 4037 231 4083 4
257 4029 429 4085 Maritimum
453 4030 532 4085 Beda
559 4034 663 4095 278,3÷t
687 4074 693 4085 .
718 4029 794 4084 Inter
816 4029 988 4084 maritimum
1012 4032 1041 4084 et
1063 4030 1200 4084 marinum
1225 4073 1231 4084 .
1255 4029 1427 4084 maritimum

126 4111 282 4180 proximum
301 4109 372 4163 muri
391 4110 528 4177 ostendit,
548 4109 686 4163 marinum
705 4125 739 4162 ex
756 4108 818 4178 ipso
837 4109 908 4164 meri
926 4111 984 4164 cod.
1004 4112 1094 4165 Μοηι.

215 4375 232 4422 4
250 4368 421 4424 Maritimam
444 4371 474 4422 et
497 4366 633 4422 marinam
651 4367 685 4421 N
699 4367 899 4422 :Maritimum
919 4399 950 4407 —
971 4369 1055 4424 belna
1079 4384 1130 4423 orn.
1149 4384 1179 4434 ς,
1204 4368 1346 4423 maritime
1364 4369 1429 4422 sunt

127 4449 190 4503 loce
208 4449 279 4503 meri
298 4448 401 4516 vicina,
421 4448 529 4503 marina
546 4446 625 4501 navis
643 4448 689 4503 vel
707 4449 792 4503 belua
805 4449 884 4504 Beda
957 4457 987 4504 11
1008 4467 1026 4503 n
1043 4465 1126 4504 saevo
1145 4464 1162 4506 ς
1181 4466 1198 4502 ε
1216 4464 1312 4503 seuero
1326 4447 1360 4501 N
1371 4471 1377 4501 :
1392 4450 1428 4515 es.

128 4530 249 4584 Cassiod.
268 4531 301 4584 dc
319 4531 434 4599 ortlropr.
452 4535 585 4598 p.181,2
667 4534 701 4582 13
720 4528 777 4599 ars]
795 4546 860 4599 pars
878 4530 912 4583 N
917 4546 934 4588 ς
1016 4537 1049 4585 16
1068 4530 1162 4599 parat]
1181 4528 1257 4597 perit
1274 4528 1357 4582 editio
1376 4530 1428 4582 Aa·

127 4612 258 4665 carosiana
278 4653 283 4663 .
303 4612 338 4676 cs.
359 4612 462 4665 Donat.
481 4612 513 4664 in
534 4610 593 4664 Ter.
612 4609 702 4664 Andr.
718 4611 791 4678 prol.
810 4616 845 4665 15
864 4611 1037 4680 vituperant,
1056 4609 1156 4664 vitium
1176 4608 1216 4662 rei
1235 4610 1336 4677 perant

130 4696 161 4744 19
180 4691 307 4759 appellet
325 4692 360 4745 acl
381 4690 567 4760 potentiorem
587 4688 740 4744 1⁴¹olrriciua
811 4697 844 4743 20
863 4690 907 4744 vel
926 4690 1050 4761 invocat]
1071 4694 1103 4744 ut
1115 4690 1259 4746 innocnts
1330 4694 1364 4742 23
1383 4688 1429 4743 rel

128 4776 191 4825 ante
210 4787 273 4823 eum
292 4787 342 4825 om.
362 4771 395 4825 N
402 4786 418 4828 ς
499 4776 534 4825 30
552 4768 703 4825 Familiare
722 4772 752 4825 et
769 4769 949 4826 familiarium
968 4787 985 4829 ς
1066 4776 1098 4825 31
1118 4768 1330 4840 familiaricum]
1349 4767 1428 4822 lumi·

127 4850 275 4909 lieriums
