3316 5474
208 363 275 444 336
779 367 939 424 svnacrs

207 479 230 515 1¹·
247 469 277 508 16.
294 468 318 507 rt
332 467 361 510 H.

210 544 274 616 ἀπὸ
302 551 468 634 μείζονος,
496 551 525 612 id
554 560 600 613 est
628 554 735 632 maior,
763 571 799 614 ex
826 552 942 616 duabus
969 552 1064 633 longis
1093 562 1123 614 et
1151 554 1266 617 duahus
1293 555 1447 638 brevibus,
1479 567 1515 619 ut

209 661 350 742 penuria,
371 660 491 741 vicinia3
514 661 630 720 ionicus
653 648 709 720 ἀπ’
736 654 932 738 ἐλάσσονος,
959 659 989 720 id
1013 668 1059 721 est
1081 663 1192 743 minor,
1220 682 1256 723 ex
1280 662 1395 724 duabus
1416 663 1514 744 longis

210 776 241 830 et
263 766 379 829 duabus
406 765 560 849 brevibus,
588 775 621 827 ut
649 766 820 847 Diomedes,
852 766 1037 849 Palamedes3
1069 771 1207 847 epitritus
1239 772 1367 851 primus,
1398 772 1451 850 qui
1484 780 1516 832 et

211 874 344 955 hippius,
368 892 404 935 ex
427 873 511 935 brevi
534 882 565 934 et
583 873 680 935 tribus
698 874 807 955 longis,
830 882 865 936 ut
883 873 1020 955 Palatini,
1043 873 1228 959 Numantini,
1251 879 1390 956 epitritus
1408 895 1515 939 secun·

211 982 268 1043 dns
287 1000 323 1042 er
343 981 429 1061 longa
447 991 478 1043 et
497 981 579 1042 brevi
599 991 628 1042 et
647 979 762 1042 duabus
781 980 890 1062 longis,
914 990 947 1041 ut
965 980 1149 1063 conditores,
1173 982 1351 1065 funditores3
1377 987 1545 1065 epitrituss

211 1091 319 1151 tertius
343 1107 378 1150 er
403 1088 517 1150 duabus
541 1087 635 1168 longis
659 1096 690 1149 et
712 1087 795 1148 brevi
818 1096 849 1149 et
871 1087 971 1170 longa,
993 1097 1027 1150 ut
1050 1092 1200 1171 vivacitas3
1228 1092 1367 1170 epitritus
1390 1100 1516 1171 quartus

212 1216 248 1259 ex
272 1195 369 1258 trihus
391 1196 488 1276 longis
511 1204 542 1257 et
568 1196 674 1277 brevi,
695 1204 728 1257 ut
755 1195 926 1276 libertinus,
956 1195 1145 1257 choriambus
1173 1216 1209 1258 ex
1236 1197 1322 1277 longa
1346 1206 1377 1259 et
1399 1197 1516 1260 duabus

212 1303 355 1366 brevibus
377 1312 408 1364 et
429 1304 529 1383 longa,
557 1311 591 1364 ut
614 1305 808 1385 armipotens3
828 1305 1016 1383 antispastus
1043 1322 1080 1364 ex
1109 1303 1192 1365 brevi
1220 1312 1250 1364 et
1277 1303 1392 1366 duabus
1419 1304 1517 1384 longis

213 1419 243 1472 et
260 1411 357 1493 brevi,
380 1418 414 1471 ut
431 1409 581 1492 valetudo,
604 1419 769 1493 amaturum
792 1428 887 1491 paeon
910 1411 1026 1490 primus
1044 1429 1080 1471 ex
1098 1410 1184 1489 longa
1203 1419 1233 1472 et
1251 1410 1349 1472 tribus
1367 1410 1518 1492 brevibus,

214 1527 247 1579 ut
266 1516 416 1598 Oceanus,
434 1515 577 1598 ruricola,
595 1536 690 1597 paeon
705 1516 856 1579 secundus
876 1535 911 1577 ex
929 1515 1013 1578 hreri
1032 1525 1063 1578 et
1081 1517 1167 1598 longa
1185 1527 1216 1579 et
1234 1517 1349 1579 duabus
1367 1517 1518 1599 brevibus,
1535 1533 1562 1572 ro

214 1633 248 1686 ut
280 1625 428 1704 laronins3
462 1642 557 1704 paeon
592 1626 699 1684 tertius
734 1642 770 1684 ex
800 1621 916 1684 duabus
947 1622 1088 1685 brevibus
1119 1632 1148 1684 et
1178 1624 1264 1704 longa
1294 1634 1325 1686 et
1354 1623 1450 1698 brevi,
1483 1632 1519 1686 ut

214 1731 377 1811 Marianus,
390 1805 392 1808 Α
399 1748 494 1811 paeon
513 1739 639 1810 quartus
658 1748 693 1791 ex
713 1730 810 1792 trihus
829 1729 970 1792 brevibus
988 1739 1019 1792 et
1037 1730 1137 1812 longa,
1160 1740 1193 1793 ut
1213 1731 1358 1812 cupiditas
1382 1731 1519 1793 facilitas.

494 1940 554 2005 DE
578 1938 854 2006 ΗΕΧΑΜΕΤΒΟ
877 1938 1026 2007 vnttsv
1049 1939 1242 2007 HEROIOO

122 2110 196 2163 roes-r
307 2085 386 2158 Ouot
409 2097 479 2147 sunt
501 2105 610 2165 genera
634 2105 774 2147 versuum
802 2089 833 2147 in
857 2086 1000 2167 dactylico
1021 2084 1147 2149 metro?
1183 2087 1330 2166 Quinque.
1367 2087 1444 2159 Quid
1473 2098 1519 2151 est

217 2183 392 2272 dactylicum
421 2189 572 2254 metrum?
613 2193 700 2264 Quod
728 2199 844 2254 constat
871 2193 985 2274 dactylo
1015 2203 1044 2254 et
1072 2193 1234 2274 spondeo.
1259 2193 1319 2255 Cur
1348 2213 1406 2255 non
1435 2195 1519 2256 addis
1535 2209 1561 2248 1⁵

217 2299 321 2362 ultimo
336 2299 486 2360 interdum
501 2296 662 2360 trochaeo?
685 2299 760 2371 Quia
775 2299 854 2360 hono
868 2300 978 2362 iudicio
993 2303 1109 2361 metrici
1128 2301 1296 2380 complures
1314 2302 1394 2363 hunc
1413 2302 1520 2382 pedem

217 2408 254 2470 de
282 2426 370 2469 versu
399 2406 569 2468 hexametro
598 2407 814 2468 excludendum
843 2417 1026 2468 censuerunt
1054 2455 1061 2468 .
1090 2410 1198 2488 quippe
1229 2410 1325 2469 omnis
1353 2407 1460 2488 syllaba
1488 2412 1520 2470 in

218 2515 323 2577 ultimo
353 2533 441 2575 versu
472 2514 619 2575 adialoros
650 2522 708 2594 est,
740 2513 770 2574 id
803 2522 849 2575 est
880 2513 1085 2575 indifferenter
1117 2517 1275 2597 accipitur,
1306 2534 1362 2577 neo
1394 2518 1521 2577 interest

217 2630 320 2684 utrum
343 2622 487 2702 producta
506 2623 544 2682 sit
563 2639 600 2682 an
620 2629 771 2702 correpta,
794 2621 940 2701 siquidem
959 2624 1106 2702 positione
1125 2621 1211 2701 longa
1229 2624 1293 2704 liat,
1316 2642 1384 2684 cum
1405 2632 1520 2703 partem

218 2732 362 2791 orationis
385 2731 415 2789 in
440 2731 521 2789 exitu
549 2730 614 2789 finit
638 2775 644 2789 .
668 2747 704 2789 eo
732 2727 846 2790 accedit
874 2727 952 2807 quod
980 2730 1105 2789 citimus
1133 2731 1198 2790 eins
1226 2730 1306 2791 modi
1334 2749 1438 2791 versus
1466 2739 1521 2810 est,
1536 2742 1564 2782 2⁰

219 2838 271 2915 qui
295 2836 468 2897 trochaeum
492 2835 620 2897 admittit
644 2884 650 2898 .
675 2853 742 2896 nam
767 2854 835 2896 cnm
859 2837 899 2896 ita
922 2837 997 2897 ratio
1020 2846 1173 2917 exposcat,
1203 2844 1236 2897 ut
1262 2838 1292 2897 in
1320 2836 1408 2917 pleno
1433 2854 1521 2897 versu

219 2945 323 3022 viginti
343 2951 484 3022 quattuor
504 2945 508 3017 Ι
529 2951 663 3023 tempora
682 2944 756 3023 sint,
779 2942 907 3002 admisso
922 2943 1026 3021 utique
1041 2942 1180 3003 trochaeo
1195 2945 1340 3004 minuitur
1355 2953 1523 3023 temporum

221 3068 377 3131 numerus,
408 3058 437 3110 et
465 3059 555 3111 erunt
585 3057 718 3129 tempora
746 3031 849 3128 ¹viginti
879 3050 948 3124 tria,
979 3050 1031 3128 qui
1060 3056 1107 3109 est
1136 3066 1240 3109 versus
1270 3047 1399 3110 colohos.
1440 3049 1522 3120 Quae

221 3164 291 3217 sunt
310 3175 381 3236 ergo
405 3159 536 3237 quinque
560 3175 669 3236 genera
693 3174 833 3216 versuum
851 3158 882 3217 in
901 3155 1044 3236 dactylico
1068 3152 1185 3217 metro?
1221 3155 1399 3217 Hexameter
1421 3164 1522 3236 penta·

221 3272 317 3325 meter
347 3272 520 3325 tetrameter
551 3266 686 3324 trimeter
719 3264 853 3324 dimeter.
894 3262 1073 3323 hexameter
1102 3261 1213 3323 dicitur
1244 3281 1281 3323 an
1312 3259 1524 3323 hexametrus?
1538 3274 1564 3314 2⁶

221 3369 401 3450 Vtrumque,
438 3380 471 3431 ut
503 3369 642 3431 Euander
672 3378 702 3431 et
734 3368 906 3450 EuandruS,
942 3386 1071 3448 quorum
1102 3387 1196 3429 arnum
1228 3371 1309 3430 venit
1345 3387 1382 3428 en
1418 3386 1523 3447 graeca

200 3454 440 3559 enuntiatione,
468 3478 594 3538 alterum
617 3497 653 3538 ex
676 3476 766 3539 latina
794 3523 801 3536 .
829 3476 938 3556 qnippe
967 3474 1123 3538 Cornelius
1145 3475 1294 3557 Epicadus
1320 3478 1352 3536 in
1380 3495 1415 3536 eo
1438 3474 1524 3557 libro,

237 3803 248 3856 ι
314 3725 346 3773 ιο
365 3718 414 3853 pn
432 3719 663 3774 namneum
682 3717 802 3774 versv
821 3698 982 3773 nnuorc'o
1006 3719 1165 3774 amemus
1183 3720 1217 3775 ae
1233 3720 1340 3787 amaa,
1363 3720 1430 3774 uas
1452 3723 1524 3773 aaa.

222 3816 300 3856 cass.
319 3817 345 3854 v.
409 3818 437 3870 p.
456 3805 523 3857 522.

314 4040 329 4088 2
349 4032 454 4088 ionicus
471 4049 508 4102 ep
527 4029 666 4086 elluconos
684 4030 714 4084 id
732 4032 776 4084 est
793 4028 885 4083 minus
901 4030 939 4084 M
955 4029 1063 4085 ionicus
1082 4030 1277 4100 appellasonos
1295 4030 1324 4084 id
1339 4032 1382 4085 est
1396 4030 1487 4085 minor
1500 4031 1527 4083 Β

260 4122 277 4169 t
305 4113 429 4184 hippius]
455 4112 544 4181 ipsius
567 4111 639 4166 BM
709 4111 838 4181 epitritus
856 4111 993 4166 secundus
1011 4141 1046 4150 —
1064 4116 1080 4165 h
1100 4111 1254 4165 funditores
1278 4127 1328 4166 om.
1347 4110 1384 4176 B,
1408 4110 1471 4164 odd.
1493 4110 1530 4163 M

261 4194 415 4251 9ualitudo
424 4194 452 4248 B
459 4195 496 4247 M
530 4210 602 4262 peon
613 4192 719 4263 primus
732 4209 767 4246 ex
781 4190 866 4261 longa
875 4192 904 4245 et
916 4189 1006 4245 tribus
1016 4193 1045 4246 et
1058 4191 1143 4262 longe
1156 4194 1186 4246 et
1195 4190 1303 4246 duobos
1314 4193 1346 4245 ut
1354 4207 1490 4245 occeanus
1500 4190 1528 4242 B

262 4282 296 4332 to
314 4274 437 4330 ruricula
449 4274 521 4328 ΒΜ
573 4280 603 4327 11
625 4272 766 4327 mamarius
783 4272 820 4325 Μ
831 4271 983 4326 mariamne
996 4270 1024 4324 Β
1079 4277 1112 4325 13
1131 4270 1172 4324 De
1187 4272 1327 4326 exametro
1342 4286 1421 4325 uerso
1435 4269 1528 4325 eroico

228 4357 272 4424 M,
286 4372 337 4410 om.
354 4354 383 4408 B
457 4360 490 4408 14
508 4354 539 4407 in
556 4353 687 4408 dactilico
707 4355 796 4407 metro
815 4352 843 4404 Β
861 4350 890 4406 in
908 4348 1013 4404 dactilo
1031 4352 1121 4406 metro
1140 4351 1178 4405 Μ
1247 4349 1320 4415 Quid
1344 4351 1387 4403 est
1411 4348 1437 4401 V
1453 4348 1529 4418 quod

226 4438 270 4491 est
289 4436 327 4489 M
348 4437 417 4502 quot
440 4438 482 4490 est
504 4434 533 4488 B
605 4440 639 4488 16
666 4432 767 4487 ultimo
795 4430 936 4486 interdum
963 4433 1088 4485 trooeum
1114 4431 1143 4485 B
1171 4429 1201 4484 in
1228 4429 1329 4484 ultimo
1356 4429 1387 4484 in
1413 4429 1530 4495 tertium

226 4516 373 4570 trocheum
392 4516 430 4569 M
499 4514 609 4570 metrici
632 4513 788 4584 complures
813 4511 839 4563 V
859 4510 942 4565 metri
967 4509 1113 4580 conplures
1136 4510 1174 4564 M
1194 4509 1276 4564 metri
1301 4527 1364 4564 cum
1389 4511 1483 4579 plnres
1502 4510 1529 4562 Β

262 4594 374 4665 pedem]
390 4594 492 4664 pedum
506 4595 535 4649 B
608 4600 640 4647 17
659 4594 694 4647 do
708 4592 802 4664 versu]
818 4591 927 4646 diuerso
942 4591 980 4644 M
1047 4593 1216 4646 consuerunt
1234 4607 1302 4646 corr.
1323 4588 1529 4644 consueruntB

264 4681 297 4729 19
316 4673 365 4745 sit]
384 4674 417 4728 fit
435 4674 472 4728 M
533 4678 568 4728 20
586 4691 619 4729 eo
638 4672 742 4728 eccidit
759 4672 831 4726 ΒΜ
892 4677 925 4726 22
944 4670 1042 4739 utiquo
1062 4670 1089 4724 V
1104 4670 1284 4739 itaqueBM
1336 4675 1370 4723 23
1385 4685 1531 4722 numerum

228 4756 266 4810 M
337 4760 371 4808 25
390 4753 531 4808 exornetur
554 4753 657 4808 dicitur
680 4768 716 4805 an
740 4751 897 4805 exametros
917 4751 954 4803 M
970 4751 1128 4804 exeameter
1151 4750 1255 4804 dicitur
1272 4767 1307 4804 an
1325 4751 1484 4803 xecmetrns
1503 4747 1531 4801 B

263 4841 298 4890 26
316 4832 460 4904 Euander]
480 4831 630 4886 eoadenter
647 4831 675 4884 Β
747 4835 780 4884 tt
800 4845 834 4882 ex
852 4828 969 4883 latinum
987 4831 1015 4883 B
