3300 5468
607 302 656 356 DE
674 305 961 362 ORTHOGRAPHIA
1374 303 1440 367 205

127 412 153 450 μ
168 399 232 441 aare.
247 401 272 440 ra
285 402 311 441 a.

224 483 267 544 lie
285 486 428 546 divisione
448 484 633 565 syllabarum.
661 487 736 549 duae
757 489 855 567 [sunt]
874 497 1072 551 consonantes
1090 489 1227 568 impares,
1246 506 1321 566 quae
1340 495 1438 547 tamen

130 589 258 651 haerere
274 601 409 673 possunt,
423 595 449 652 si
468 591 619 653 hincinde
634 596 932 676 vocalem-accipiant,
945 597 1141 674 posteriorem
1156 593 1294 673 syllabam
1309 612 1437 673 sequun-

130 705 198 778 tur;
220 716 307 778 pares
331 698 376 758 vel
399 701 541 778 impareS,
565 699 696 778 singulae
720 701 846 781 scilicet,
876 712 906 763 et
929 704 959 761 in
984 704 1113 780 priorem
1136 712 1166 760 et
1189 704 1219 762 in
1242 703 1438 781 posteriorem

130 801 320 867 dividuntur:
347 814 491 884 potestas,
519 809 676 867 norissima
704 807 813 888 syllaba
841 816 903 868 stas
934 811 1004 887 erit,
1033 817 1134 868 noster
1162 817 1237 887 ster,
1264 816 1350 887 capto
1378 818 1438 886 pto,

102 919 186 972 aaut
216 911 267 972 ubi
294 922 356 973 tres
379 921 462 991 snnt,
492 922 525 972 ut
553 912 698 991 plostrum
722 922 831 992 strum,
861 913 989 973 lustrant
1012 924 1120 993 strant,
1148 916 1309 993 capistrum
1333 922 1438 992 strum,

132 1035 228 1098 aeque
247 1019 410 1081 claustrum
430 1028 559 1079 rastrum
578 1029 752 1100 campestre.
781 1021 843 1080 lere
862 1029 960 1080 autem
981 1030 1042 1080 tres
1061 1020 1114 1081 bae
1134 1030 1331 1081 consonantes
1350 1022 1438 1081 tertio

132 1123 200 1185 loco
222 1145 238 1185 r
260 1126 386 1206 habent,
409 1135 440 1186 et
462 1126 535 1186 aliae
558 1126 567 1186 l
591 1127 732 1208 litteram,
756 1136 790 1187 ut
807 1127 901 1188 astula
925 1138 955 1188 et
978 1130 1008 1187 iu
1032 1127 1154 1188 elisione
1178 1127 1266 1208 astla,
1288 1127 1437 1207 pestulum

128 1235 272 1309 pestium:
294 1232 379 1293 aliter
399 1232 586 1292 nullomodo
606 1232 702 1293 tribus
721 1234 952 1295 consonantibus
971 1237 1069 1294 acuitas
1090 1233 1216 1313 syllabae
1236 1233 1331 1293 datur.
1369 1252 1436 1293 cunr

131 1355 220 1416 pares
242 1348 327 1420 sunt,
358 1339 490 1418 singulae
515 1338 550 1397 ad
574 1339 704 1417 singulas
727 1339 852 1419 syllabas
874 1339 974 1400 ibunt:
997 1338 1072 1398 dnae
1096 1342 1174 1399 enim
1197 1358 1284 1419 pares
1314 1339 1438 1419 litterae,

91 1454 119 1493 ¹⁰
133 1462 187 1506 sen
210 1445 326 1506 vocales
350 1449 410 1507 sint
432 1465 486 1505 seu
510 1455 716 1525 consonantes,
739 1465 797 1506 non
817 1453 939 1505 coeunt:
963 1444 1098 1505 similiter
1115 1464 1190 1525 qrrae
1214 1444 1353 1524 syllabam
1378 1464 1437 1504 non

133 1551 257 1632 iaciunt,
280 1555 306 1613 si
330 1552 460 1613 vocalem
482 1554 640 1631 accipiant,
665 1555 781 1612 tametsi
804 1555 932 1631 impares
952 1561 1038 1632 sunt,
1060 1562 1094 1612 ut
1116 1571 1205 1631 carpo
1225 1552 1346 1611 dorsum
1365 1549 1436 1609 Por·

132 1660 205 1719 cius.
247 1678 305 1719 una
333 1678 499 1720 consonans
527 1662 605 1720 inter
633 1659 707 1719 duas
735 1659 849 1719 vocales
878 1661 971 1738 posita
1000 1661 1195 1738 posteriorem
1225 1660 1375 1737 sequitur,
1403 1666 1437 1717 ut

132 1763 216 1825 Paris
233 1765 308 1845 lapis
327 1775 418 1827 tutus.
442 1770 515 1826 atsi
534 1769 612 1827 inter
632 1766 747 1826 vocales
766 1785 932 1826 consonans
952 1768 1042 1827 inerit
1061 1775 1090 1825 et
1109 1766 1254 1843 digamma
1277 1765 1436 1844 posterius,

131 1870 224 1931 vocali
251 1872 395 1950 digamma
424 1872 603 1933 adhaerebit.
640 1875 697 1933 ianr
725 1875 804 1932 enim
828 1873 889 1932 dixi
912 1881 1034 1952 excepta
1058 1891 1075 1950 q
1102 1872 1198 1932 littera
1227 1881 1299 1950 etg
1327 1870 1435 1930 nullam

88 1984 118 2025 1⁶
131 1976 217 2037 aliam
247 1990 458 2040 consonantem
489 1998 557 2040 cnm
588 1983 653 2040 eius
683 1980 762 2040 modi
792 1980 910 2060 syllabis
941 1983 1119 2061 consistere,
1150 1990 1182 2040 ut
1216 1979 1297 2039 solvo
1328 1995 1436 2037 nervus

131 2081 214 2143 rolro
241 2085 319 2145 larua
348 2087 452 2167 pulvis.
496 2090 595 2164 itaque
624 2089 724 2147 tenuis
752 2089 777 2146 si
806 2086 989 2166 trisyllabum
1018 2095 1077 2166 est,
1111 2105 1129 2146 n
1158 2103 1324 2146 consonans
1352 2084 1387 2144 ad
1417 2103 1436 2144 u

49 2173 60 2188 ⁹
130 2190 257 2272 accedit,
281 2195 306 2252 si
330 2190 518 2272 disyllabum,
542 2192 576 2252 ad
602 2175 631 2253 e:
655 2213 747 2272 aeque
771 2192 857 2254 belua
881 2193 982 2254 malva.

219 2297 361 2379 liispicio,
390 2297 513 2358 verbum
542 2302 753 2381 compositum,
781 2303 935 2379 quaeritur
967 2310 1066 2361 utrum
1097 2318 1152 2378 per
1182 2299 1241 2360 duo
1271 2317 1285 2358 s
1315 2318 1352 2359 an
1383 2318 1436 2378 per

131 2420 223 2463 unum
251 2404 341 2465 scribi
369 2404 488 2485 debeat,
515 2414 545 2465 ει
576 2415 676 2467 utrum
704 2409 744 2466 ita
767 2386 870 2488 dividi,
897 2407 944 2467 dis
967 2416 997 2467 et
1026 2409 1133 2488 spicio,
1161 2427 1201 2468 ori
1225 2410 1260 2467 aa·
1281 2415 1310 2467 et
1332 2409 1435 2482 spicio.

89 2518 117 2557 2⁰
130 2517 160 2569 et
187 2509 340 2571 divisionis
364 2512 483 2590 quidem
507 2514 571 2572 eius
600 2512 694 2573 facilis
723 2515 798 2573 ratio
822 2522 880 2592 est,
908 2515 1046 2592 quoniam
1070 2531 1173 2573 omnes
1201 2513 1435 2592 praepositiones

130 2616 261 2695 integrae
285 2620 464 2697 separandae
488 2627 572 2698 sunt,
601 2628 703 2680 otest
730 2618 852 2679 abstulit
874 2619 926 2679 abs
950 2628 980 2680 et
1003 2619 1086 2701 tulit,
1114 2619 1267 2680 transtulit
1294 2627 1376 2678 trans
1405 2625 1435 2676 et

130 2721 210 2803 tulit,
232 2722 387 2786 abscondit
410 2724 462 2784 abs
485 2733 516 2784 ot
540 2725 641 2786 condit
664 2735 695 2787 ει
718 2736 817 2787 cetera
841 2726 887 2786 bis
910 2726 1024 2787 similia.
1061 2725 1193 2805 perduc
1212 2736 1310 2786 autem
1329 2742 1344 2784 s
1363 2726 1434 2784 scri·

128 2826 258 2890 bendum
279 2829 283 2912 Ι
303 2841 362 2911 εει,
385 2851 444 2892 non
468 2851 522 2911 per
546 2852 653 2915 unum,
682 2836 820 2913 quoniam
844 2851 879 2893 er
911 2835 1129 2912 praepositione
1153 2842 1183 2892 et
1207 2831 1296 2892 verbo
1320 2839 1436 2892 constat

129 2953 194 2996 esse
217 2941 429 3020 compositum,
457 2941 600 3017 quemad
626 2941 746 3002 modum
765 2949 812 3001 est
834 2942 985 3018 conspicio
1009 2941 1119 3019 aspicio
1148 2939 1293 3027 despicio;
1320 2956 1354 2998 ac
1382 2956 1436 3017 per

88 3051 114 3090 2⁵
130 3039 186 3101 lroc
209 3045 340 3123 perduc
359 3065 374 3105 s
397 3046 537 3125 disspicio
562 3048 651 3108 scribi
674 3047 763 3108 debet
781 3057 812 3108 et
834 3049 874 3107 ita
898 3046 1002 3126 dividi,
1025 3046 1071 3106 dis
1091 3054 1120 3106 et
1143 3047 1245 3126 spicio.
1282 3063 1341 3105 non
1361 3043 1433 3104 nulli

130 3167 198 3209 vero
221 3150 345 3231 dispicio
373 3172 427 3232 per
451 3171 543 3213 unum
567 3173 581 3212 s
604 3153 795 3215 scribendum
823 3163 941 3235 putant,
972 3154 1050 3231 qnod
1079 3154 1260 3232 praepositio
1284 3149 1433 3210 interdum

128 3253 256 3317 litteram
279 3257 396 3340 perdat,
425 3270 458 3320 nt
481 3269 528 3320 est
551 3260 658 3321 diduco
682 3260 779 3322 divido
803 3258 941 3320 diiudico.
979 3259 1031 3319 sed
1055 3258 1161 3319 melius
1184 3267 1231 3318 εει
1260 3276 1314 3336 per
1337 3256 1396 3317 duo
1420 3275 1434 3316 s

127 3362 217 3422 scribi
241 3365 390 3444 disspicio.

217 3568 230 3614 1
258 3563 306 3616 DE
331 3563 518 3621 DlUlSIONE
546 3567 793 3624 SYLLABARUM
819 3565 896 3620 titali
920 3566 977 3621 loco
998 3567 1172 3635 praescripta
1196 3569 1261 3619 aaut
1282 3564 1315 3618 in
1336 3562 1433 3617 ΑΒΘ.

126 3639 243 3705 fortasse
260 3643 290 3696 in
309 3641 446 3698 divisione
466 3647 638 3715 syllabarum
658 3650 729 3704 duae
748 3648 931 3703 consonantes
1020 3645 1153 3715 impares]
1177 3644 1206 3698 in
1230 3646 1324 3714 partes
1339 3643 1435 3711 priore

127 3719 183 3774 loco
201 3721 237 3789 B,
256 3728 370 3792 utroque
388 3723 445 3777 loeo
464 3725 491 3778 A
585 3731 681 3801 baut]
700 3732 731 3784 at
748 3727 838 3782 ABG
918 3725 1068 3798 plostrum]
1087 3724 1287 3797 plaustmmtl
1370 3727 1434 3779 'tet

126 3799 183 3854 alia
200 3802 210 3854 l
228 3801 352 3857 litteram
369 3808 400 3859 ut
414 3808 507 3862 astula
521 3810 550 3863 et
567 3809 597 3863 in
616 3810 732 3865 elisione
751 3809 838 3863 ascl’a
855 3807 995 3877 pestulnm
1009 3806 1092 3861 aliter
1110 3806 1137 3859 A
1156 3806 1186 3859 et
1204 3804 1261 3858 alia
1279 3802 1289 3856 l
1308 3802 1432 3857 litteram

126 3882 159 3931 at
176 3884 286 3937 castula
304 3886 379 3939 etin
398 3886 514 3942 elisione
534 3889 610 3943 asela
626 3890 768 3958 pestulum
783 3889 866 3943 aliter
883 3886 911 3940 Β
930 3890 960 3941 et
977 3886 1034 3941 alia
1051 3888 1062 3940 l
1080 3886 1177 3941 littera
1195 3886 1227 3938 ut
1245 3883 1338 3937 astula
1357 3884 1386 3937 et
1404 3883 1432 3936 in

125 3957 225 4015 lisione
240 3964 317 4018 asela
330 3966 471 4033 postulem
487 3969 570 4023 aliter
589 3969 613 4023 0
633 3974 663 4024 et
680 3969 754 4024 aliae
772 3969 783 4023 l
802 3969 926 4022 litteram
945 3970 977 4021 ut
995 3967 1085 4021 sstcla
1103 3965 1209 4033 (assuta
1228 3963 1337 4030 Carrio)
1357 3964 1386 4016 et
1404 3963 1432 4015 in

126 4040 240 4097 elisione
259 4044 337 4098 aecla
355 4046 499 4113 pestutum
518 4050 672 4116 (pessulum
692 4049 802 4114 Carrio)
821 4047 940 4105 aliters
1011 4045 1174 4113 asyllabas
1188 4059 1239 4098 om.
1258 4042 1285 4094 Β
1358 4040 1431 4094 enim

126 4137 174 4175 orsa.
194 4123 251 4177 AC
304 4127 398 4196 pares]
418 4129 512 4193 partes
531 4129 558 4181 A
616 4137 645 4183 11
666 4127 799 4197 impares]
818 4125 848 4180 in
862 4128 956 4195 partes
975 4128 1001 4178 A
1057 4123 1168 4178 dorsum
1187 4120 1247 4174 AB
1266 4119 1434 4173 deorsumO

161 4206 194 4254 13
213 4203 301 4272 tutus]
321 4207 401 4257 turus
419 4204 476 4256 Bo
492 4205 562 4261 tirus
580 4208 607 4261 A
671 4208 694 4262 si
713 4224 763 4261 osa.
782 4207 817 4267 A,
884 4210 916 4257 14
936 4205 1078 4275 digamma
1095 4200 1260 4256 adhaerebit
1278 4199 1304 4250 A
1323 4196 1431 4265 digam-

125 4296 187 4334 mae
205 4282 370 4338 adhaerebit
387 4285 445 4338 ΒΟ
515 4290 631 4357 excepto
651 4306 669 4358 q
688 4287 784 4341 littera
801 4303 821 4355 g
840 4282 864 4336 0
935 4291 967 4338 ts
986 4281 1137 4338 consistere
1155 4279 1213 4333 AG
1229 4275 1386 4332 consentire
1404 4277 1431 4330 Β

139 4397 142 4401 .
160 4361 239 4416 soluo
253 4379 339 4417 neruo
353 4365 437 4420 noluo
452 4366 545 4421 larnos
563 4367 657 4436 puluis
674 4367 702 4421 Β
721 4367 800 4420 soluo
814 4381 899 4419 neruo
913 4364 978 4418 uolo
998 4363 1076 4417 larua
1094 4360 1187 4430 puluis
1205 4360 1232 4412 A
1251 4357 1331 4412 soluo
1345 4374 1431 4414 neruo

125 4441 208 4495 nolbo
231 4442 344 4497 larbnos
367 4445 508 4514 puluisG
597 4452 631 4500 16
654 4464 673 4498 n
695 4463 745 4500 om.
765 4446 791 4499 A
884 4439 1242 4509 1aedeaequebe11ua
1259 4438 1286 4491 A
1305 4437 1431 4508 adaeque

124 4519 210 4575 belna
226 4522 285 4576 ΒΟ
338 4529 371 4578 18
390 4525 438 4595 an]
458 4526 508 4579 aut
526 4525 552 4577 Β
608 4532 640 4580 19
660 4527 701 4580 ita
719 4525 806 4580 dividi
821 4556 854 4564 -
872 4521 1013 4578 20facilis
1032 4537 1083 4576 osa
1102 4517 1160 4572 AG
1206 4517 1249 4571 die
1269 4518 1298 4571 et
1315 4516 1431 4586 picioB

159 4603 283 4657 audiet
301 4604 389 4674 spicio
407 4621 457 4658 om.
472 4604 499 4657 B
554 4610 589 4658 20
607 4621 702 4659 omnes
720 4606 941 4676 praepositiones
959 4601 1086 4671 integrae
1103 4597 1274 4669 separandae
1293 4599 1433 4652 suntne

123 4687 185 4734 ciffi
202 4685 374 4753 praepositio
389 4684 498 4754 integro
512 4684 667 4753 separanda
681 4687 723 4740 est
741 4687 768 4738 A
822 4690 857 4739 at
875 4683 1028 4754 conspicio]
1044 4679 1211 4751 compositio
1226 4679 1250 4736 0
1301 4685 1335 4734 26
1351 4682 1428 4753 vero]

123 4764 152 4816 ot
170 4763 197 4815 A
270 4765 357 4835 qnod]
377 4782 449 4836 quae
467 4767 494 4819 Β
514 4785 532 4836 q
550 4768 577 4820 A
650 4772 684 4821 at
703 4765 799 4821 divido
817 4766 912 4822 onst)
