3316 5474
223 331 289 397 342
797 336 956 392 AVDACIS

223 434 376 482 omum

223 517 304 580 illum
328 521 416 579 etiam
441 519 492 597 qni
514 519 546 578 iu
566 536 681 580 summo
700 530 746 580 est
764 520 888 598 gradum
908 519 1048 603 dicimus,
1072 542 1139 586 cnm
1159 524 1267 604 alioqui
1286 527 1322 588 ad
1342 531 1529 608 superiorem

222 629 371 709 planitiem
387 625 517 706 aequalis
533 626 572 685 sit
586 643 641 685 uec
656 626 705 685 bat
718 624 828 705 gradus
843 627 900 686 uisi
914 626 1107 707 depressione
1125 633 1278 710 sequentis
1293 680 1300 693 .
1315 652 1374 712 quo
1394 636 1528 716 exemplo

221 755 275 817 per
289 737 468 816 genetivum,
486 735 516 793 in
532 750 620 811 quem
635 731 723 811 cadit,
742 733 939 793 nominativus
954 751 1074 814 quoqne
1089 737 1146 796 iam
1161 755 1248 798 casus
1262 747 1308 799 est
1323 787 1329 800 .
1345 740 1397 801 sed
1416 742 1529 804 addunt

220 847 308 905 etiam
333 861 392 903 non
417 839 489 902 nulli
513 840 646 918 quamvis
671 840 735 898 sine
755 841 874 899 nomine
894 842 1053 919 septimum
1072 860 1182 904 casum.
1220 844 1298 916 Quid
1317 855 1364 906 est
1383 851 1529 928 septimus

221 946 330 1012 casus?
366 949 424 1021 Qui
447 949 532 1028 quasi
556 947 684 1024 speciem
709 944 825 1006 ablativi
850 944 940 1007 babet
964 964 1019 1007 nec
1043 955 1141 1009 tamen
1165 949 1309 1011 ablativus
1332 961 1392 1032 est,
1415 957 1526 1035 quippe
1555 971 1569 1010 s

220 1076 274 1139 per
300 1057 499 1127 accusativum
529 1051 670 1132 liquidius
700 1051 879 1133 explicatur,
909 1052 1000 1113 veluti
1031 1071 1099 1114 cum
1130 1055 1256 1118 dicimus
1288 1077 1342 1119 nos
1372 1068 1453 1121 terra
1481 1061 1526 1123 vel

220 1167 294 1227 mari
324 1172 438 1243 vectos,
474 1178 533 1220 nou
564 1160 667 1237 utique
698 1176 713 1217 a
744 1165 825 1218 terra
855 1158 900 1219 vel
930 1160 1019 1241 mari,
1053 1160 1104 1220 sed
1140 1181 1194 1241 per
1228 1172 1339 1225 terram
1369 1165 1414 1227 vel
1444 1185 1526 1229 mare

218 1275 426 1350 significamus
450 1315 456 1328 .
480 1285 516 1327 ex
540 1284 599 1344 qno
623 1283 713 1325 sensu
742 1275 788 1326 est
816 1259 980 1327 ‘multum
1008 1266 1071 1327 ille
1100 1277 1135 1330 et
1162 1272 1275 1331 terris
1302 1274 1461 1334 iactatus
1490 1284 1526 1336 et

218 1374 316 1441 alto’.

124 1504 199 1555 ιιιιι
307 1484 442 1546 Genetivi
464 1489 551 1542 casua
575 1497 649 1558 qnae
673 1478 773 1558 regula
794 1475 861 1540 est?
898 1478 1058 1542 Genetivus
1077 1500 1165 1543 casus
1185 1484 1343 1564 singularis
1361 1504 1523 1566 numquam
1538 1505 1565 1544 ιο

217 1612 234 1654 a
256 1593 437 1654 nominativo
460 1607 515 1649 suo
539 1588 636 1647 minor
659 1594 705 1647 est
728 1634 734 1647 .
759 1588 858 1665 itaque
888 1596 939 1647 aut
966 1588 1089 1649 totidem
1120 1589 1238 1670 syllabis
1261 1603 1398 1654 constare
1423 1593 1523 1677 debet,

218 1709 290 1780 quot
319 1697 529 1776 nominativus,
559 1701 610 1754 aut
640 1696 728 1754 etiam
759 1711 816 1754 nna
847 1692 955 1773 syllaba
986 1695 1139 1758 excedere.
1183 1698 1249 1769 Quo
1281 1700 1367 1760 modo
1399 1703 1520 1763 totidem

217 1801 357 1887 syllabis?
398 1802 434 1865 Vt
462 1801 601 1881 Virgilius
630 1798 756 1880 Virgilii,
784 1799 943 1860 Terentius
971 1800 1117 1883 Terentii,
1148 1813 1178 1864 et
1207 1802 1245 1863 ob
1274 1805 1304 1865 id
1332 1809 1479 1884 geminata
1502 1812 1520 1868 ι’.

216 1915 281 1986 Quo
310 1912 397 1974 modo
424 1928 483 1971 una
511 1905 620 1988 syllaba
648 1901 815 1967 excedere?
851 1904 888 1965 Vt
910 1905 1022 1967 ilector
1045 1906 1194 1991 Hectoris,
1222 1909 1331 1972 Nestor
1354 1912 1519 1975 Nestoris.

215 2018 353 2081 accidunt
383 2027 481 2079 antem
512 2017 631 2076 nomina
662 2013 805 2092 quaedam
841 2021 943 2073 contra
980 2031 1069 2093 snpra
1104 2014 1212 2076 dictam
1248 2020 1406 2100 rationem,
1443 2038 1561 2100 quaers

215 2128 330 2190 duabus
354 2124 471 2206 syllabis
495 2128 636 2184 crescunt
658 2121 688 2179 in
716 2121 867 2197 genetivo,
897 2126 931 2179 ut
957 2127 1029 2199 puta
1058 2138 1169 2201 anceps
1196 2126 1348 2206 ancipitis,
1376 2144 1520 2207 praeceps

213 2235 398 2314 praecipitis,
421 2231 522 2310 biceps
546 2228 690 2307 bicipitis,
713 2224 845 2305 supellex
869 2226 1127 2333 supellectilis.
1181 2219 1188 2230 ’

119 2356 193 2407 reon
302 2340 426 2401 Ablativi
446 2355 532 2398 casus
551 2352 625 2415 quae
642 2333 742 2413 regula
758 2328 826 2393 est?
856 2332 1006 2394 Ablativus
1021 2336 1180 2415 singularis
1195 2340 1326 2418 exceptis
1341 2339 1517 2419 quibusdam

213 2447 382 2511 nominibus
405 2447 532 2531 aptotis,
550 2452 583 2503 ιιι
606 2458 732 2519 nequam
757 2448 787 2500 et
809 2458 917 2521 nugas,
941 2459 999 2501 nna
1023 2461 1059 2502 ex
1083 2446 1215 2523 quinque
1241 2445 1391 2508 vocalibus
1416 2450 1514 2509 termi-

213 2565 300 2618 natur
315 2603 322 2616 .
337 2568 540 2634 quaecumque
569 2550 660 2628 igitur
681 2540 685 2628 Ι
707 2549 823 2607 nomina
851 2545 977 2607 ablativo
1005 2565 1075 2609 casu
1105 2568 1230 2611 numero
1258 2551 1401 2632 singulari
1428 2573 1444 2614 a
1467 2554 1513 2616 vel
1527 2571 1555 2611 ιο

211 2663 360 2725 alitteris
384 2662 495 2723 luerint
518 2658 674 2719 terminata
703 2655 872 2737 genetivum
900 2652 1044 2734 pluralem
1072 2657 1103 2715 in
1132 2674 1198 2718 rum
1227 2657 1365 2737 syllabam
1395 2662 1517 2743 eiciunt,

211 2770 341 2831 dativum
364 2777 395 2830 et
418 2764 575 2827 ablativum
604 2764 633 2822 in
663 2764 701 2835 is,
731 2769 765 2821 ιιι
791 2768 862 2840 puta
891 2767 923 2820 ut
951 2759 988 2821 ab
1015 2761 1069 2823 bac
1098 2762 1196 2824 tabula
1219 2763 1324 2826 barum
1348 2765 1516 2830 tabularum

210 2884 240 2937 et
266 2875 304 2936 ab
332 2875 389 2935 boc
417 2875 503 2935 docto
531 2870 638 2930 borum
667 2867 837 2946 doctorum,
864 2865 911 2927 bis
940 2874 970 2927 et
996 2865 1033 2928 ab
1061 2867 1108 2929 bis
1136 2867 1245 2931 tabulis
1273 2871 1319 2933 bis
1347 2883 1378 2934 et
1404 2874 1440 2934 ab
1469 2875 1515 2936 bis

208 2982 335 3044 doctis.
359 2999 434 3062 quae
463 2997 532 3040 vero
560 2979 592 3037 iu
619 2993 636 3035 e
669 2981 728 3035 aut
746 2975 777 3034 in
806 2992 824 3034 u
854 2973 965 3034 inerint
992 2976 1162 3058 terminata,
1194 2996 1210 3037 e
1247 2978 1344 3040 littera
1377 2990 1515 3062 correpta

207 3090 239 3149 in
271 3088 395 3151 ablativo
427 3088 596 3168 genetivum
628 3081 814 3163 pluralem
806 3099 837 3141 ιιι
870 3099 922 3142 um
953 3081 1034 3142 vel
1026 3101 1057 3143 ιιι
1084 3085 1145 3145 ium
1174 3084 1298 3164 syllabas
1326 3090 1447 3172 eicient,
1480 3100 1513 3152 ut
1527 3103 1554 3144 ιι

207 3196 243 3258 ab
266 3196 323 3258 boc
347 3195 448 3257 codice
473 3194 622 3271 codicum,
649 3191 761 3270 pariete
790 3170 950 3268 parietum,
982 3207 1056 3266 rupe
1085 3193 1217 3273 rupium,
1250 3196 1342 3274 stirpe
1366 3197 1514 3278 stirpium,

208 3310 295 3364 nocte
318 3305 463 3364 noctium:
487 3298 575 3360 simili
600 3296 718 3358 modo
710 3313 720 3355 1
744 3311 862 3373 quoqne
887 3293 1075 3373 aliqnando
1068 3315 1182 3378 mum,
1206 3302 1408 3375 aliquando
1395 3321 1427 3363 m
1451 3307 1512 3365 ium

206 3409 331 3491 syllabas
351 3411 433 3490 eicit,
457 3416 490 3468 nt
514 3405 549 3467 ab
572 3405 630 3465 boc
654 3402 733 3482 vigili
752 3399 888 3480 vigilum,
911 3399 1004 3481 pugili
1022 3403 1170 3488 pugilum,
1193 3405 1260 3485 agili
1280 3407 1409 3490 agilium,
1433 3409 1511 3471 lacili
1543 3487 1553 3531 n

296 3606 410 3662 lilium
435 3605 520 3659 etiam
551 3602 588 3655 Μ
614 3599 700 3654 etiam
728 3597 808 3651 illum
835 3597 863 3650 Β
935 3616 998 3655 cum
1025 3600 1153 3671 alioquin
1179 3604 1207 3657 Β
1235 3604 1310 3660 enim
1339 3606 1445 3678 alioqui
1475 3611 1512 3664 Μ

241 3695 257 3743 2
277 3686 455 3757 depressione
479 3682 505 3736 V
522 3680 664 3750 depressio
683 3678 711 3732 B
730 3677 867 3747 depositio
888 3679 925 3732 M
995 3696 1051 3749 quo
1070 3685 1197 3754 exemplo
1219 3703 1270 3755 per
1292 3687 1488 3756 genetivum
1480 3706 1511 3742 ιιι

205 3784 289 3839 quam
313 3766 390 3821 cedit
419 3764 446 3818 V
466 3762 541 3833 quod
564 3759 728 3830 exemplo
720 3777 750 3813 ιιι
773 3757 934 3828 genetiuum
958 3776 1115 3831 perquem
1139 3763 1216 3819 cudit
1241 3766 1269 3819 B
1297 3783 1353 3836 quo
1381 3770 1510 3858 exemplo

204 3847 367 3917 genetiuum
385 3860 536 3915 perquem
555 3840 631 3895 cadit
650 3841 688 3895 Μ
757 3837 853 3893 asine
871 3855 923 3894 om.
940 3839 977 3906 B,
996 3843 1061 3897 add.
1081 3844 1119 3898 Μ
1189 3844 1257 3913 quid
1276 3849 1319 3902 eat
1337 3848 1365 3902 B
1384 3848 1447 3916 quis
1466 3853 1510 3905 est

205 3928 244 3982 Μ
314 3927 444 3980 btemeu
462 3939 512 3977 om.
534 3922 577 3987 M,
601 3921 664 3975 odd.
684 3919 712 3973 B
763 3918 901 3991 quippe]
929 3921 977 3990 qui
999 3938 1031 3978 ee
1055 3922 1127 3976 ΒΜ
1144 3924 1248 3994 quippe
1272 3925 1296 3982 is
1321 3926 1354 3994 V,
1377 3925 1426 3995 qui
1447 3926 1509 3998 ipse

203 4009 268 4063 olim
295 4007 370 4062 edidi
440 4009 456 4057 6
481 3999 603 4071 liquidus
628 4000 666 4053 M
736 4003 817 4054 ivel
844 4000 927 4072 muri]
955 4003 1003 4057 uel
1029 4020 1107 4058 mare
1135 4009 1248 4072 utroque
1271 4006 1328 4060 loco
1349 4006 1422 4061 ΒΜ
1493 4016 1509 4064 8

203 4086 392 4158 significamus
419 4101 468 4139 om.
497 4081 567 4135 ΒΜ
643 4094 725 4132 seusu
758 4078 784 4131 V
811 4095 906 4134 sensus
931 4079 1004 4136 ΒΜ
1077 4082 1209 4154 mulium]
1241 4083 1318 4154 Verg.
1344 4087 1414 4142 Aen.
1439 4089 1509 4155 I‚3
1565 4118 1570 4129 ·

240 4175 271 4223 11
287 4168 409 4222 minores
426 4165 523 4234 itaque
541 4161 569 4213 B
624 4162 673 4214 ant
689 4157 822 4230 totidem]
846 4162 878 4214 ut
895 4160 1014 4216 totidem
1034 4163 1072 4217 M
1125 4168 1158 4217 ιι
1178 4181 1234 4218 uua
1256 4179 1308 4224 om
1329 4166 1377 4234 M,
1397 4167 1461 4222 add.
1479 4167 1508 4221 Β

239 4249 301 4303 131
320 4264 370 4303 orn
389 4246 461 4300 ΒΜ
514 4248 547 4296 15
567 4240 705 4295 accedunt
723 4238 797 4292 ΒΜ
850 4246 883 4294 16
902 4243 1030 4296 crescunt
1050 4243 1086 4296 M
1109 4245 1239 4298 constant
1256 4243 1284 4296 Β
1357 4251 1390 4299 17
1410 4249 1509 4318 suplex

202 4327 385 4401 supellectilis
398 4327 426 4381 B
440 4324 557 4394 supplex
571 4319 774 4389 subpellectilie
790 4321 827 4374 M
899 4327 931 4375 18
951 4322 1099 4378 liblaiivua
1113 4322 1261 4393 singularis
1275 4340 1325 4378 om.
1340 4323 1376 4391 B,
1391 4327 1455 4382 add.
1472 4328 1509 4380 M

238 4416 272 4464 19
291 4404 462 4475 nominibus]
482 4401 610 4457 omnibus
627 4400 655 4453 Β
694 4396 742 4453 ιιι
759 4403 1018 4471 nequamutnugas
1034 4403 1072 4457 M
1082 4406 1115 4458 ιιι
1129 4419 1249 4473 nequam
1267 4406 1396 4473 nugaeB
1450 4411 1506 4463 ter·

202 4493 344 4546 minantur
362 4489 389 4543 Β
461 4490 628 4540 adnumero
647 4479 784 4551 singulari
806 4499 854 4535 um
882 4496 899 4535 a
927 4480 972 4535 uel
996 4497 1012 4535 ο
1040 4481 1143 4537 litteris
1170 4483 1276 4539 fuerint
1302 4484 1456 4540 terminata
1478 4487 1506 4539 B

200 4567 310 4624 numeri
334 4564 469 4636 singulari
492 4580 517 4619 a.
536 4562 555 4617 l.
575 4579 591 4617 ο
610 4561 712 4615 litteris
735 4559 840 4614 fuerint
861 4561 1028 4617 terminatus
1053 4563 1091 4617 M
1161 4569 1194 4616 22
1214 4562 1244 4616 in
1266 4561 1329 4632 ie]
1321 4581 1351 4618 111
1369 4563 1413 4619 bis
1432 4567 1507 4620 BM

236 4649 269 4703 ut
286 4650 356 4717 pute
373 4647 410 4702 ab
428 4647 481 4700 bac
499 4642 597 4698 tabula
621 4640 672 4693 V:
689 4642 805 4706 sortasse
823 4643 855 4695 ut
872 4644 942 4709 puta
959 4643 1038 4697 velut
1056 4642 1093 4696 ab
1110 4642 1164 4696 buc
1182 4641 1281 4696 tabula
1352 4648 1386 4697 26
1406 4644 1450 4698 vel
1474 4645 1504 4699 in

200 4728 271 4800 ium]
295 4729 348 4784 uel.
368 4728 386 4782 i.
405 4746 453 4781 um
471 4724 500 4778 B
570 4728 605 4777 27
625 4722 635 4775 i
658 4739 770 4792 quoque
793 4721 945 4791 aliquando
968 4721 998 4775 in
1022 4740 1070 4776 um
1094 4721 1219 4790 syllabas
1244 4721 1311 4776 eicit
1334 4725 1366 4778 ιιι
1388 4725 1425 4780 ab
1450 4726 1505 4781 boc

200 4809 282 4881 uigili
301 4808 429 4880 uigiliam
448 4805 538 4877 pugili
555 4804 691 4874 pugilium
711 4802 783 4857 ΒΜ
