3316 5474
225 354 290 418 308
815 353 938 407 anuum

225 466 246 503 ρ.
260 455 321 495 2343.
335 457 361 494 ιι
375 454 398 495 P.

226 535 319 600 ‘cum
343 549 518 618 protenus
543 547 693 615 utraque
719 537 828 598 tellus
853 538 921 598 Vna
946 532 1072 618 ioret'3
1100 540 1237 618 protinus
1259 558 1313 618 per
1337 541 1347 598 i
1370 539 1532 618 temporale

226 649 285 717 cst,
307 636 336 712 id
356 646 401 697 est
420 639 529 716 statim,
549 629 658 718 (l'erp.
674 640 747 699 Aen.
770 640 794 696 V
806 629 885 718 485)
905 631 1088 715 ‘protinus
1111 637 1250 697 Aeneas
1273 638 1395 716 coepit
1417 636 1533 697 celeri

226 744 367 796 certare
390 728 547 812 sagitta'.
584 733 711 794 Pudoris
735 754 790 814 ρει
808 753 828 794 u
847 743 878 795 ει
896 753 949 813 ρει
968 753 985 792 ο
1005 733 1194 794 scribendum
1215 743 1274 814 εει,
1296 734 1417 814 poderis
1440 752 1494 814 per
1513 752 1531 793 o

226 842 257 894 et
283 852 338 913 per
362 853 392 913 e,
419 833 448 893 id
477 842 523 893 εει
551 835 650 894 tunica
680 831 790 913 t'alaris,
823 850 881 911 qua
905 830 1075 892 sacerdotes
1098 833 1129 891 in
1152 834 1246 892 veteri
1273 831 1337 911 lege
1362 832 1532 893 utebantur.

315 932 339 1003 Q
363 932 461 992 littera
485 940 556 991 tunc
578 939 661 991 recte
690 933 818 1010 ponitur,
847 948 914 991 cum
943 929 985 989 illi
1012 932 1112 991 statim
1135 949 1155 990 u
1183 929 1281 991 littera
1304 938 1335 990 et
1363 929 1419 990 alia
1443 949 1532 1009 quae·
1559 948 1573 988 ε

225 1031 297 1093 libet
325 1029 461 1109 pluresve
494 1029 609 1089 vocales
637 1031 812 1089 coniunctae
841 1029 965 1107 luerint,
992 1031 1032 1088 ita
1060 1036 1094 1088 ut
1120 1047 1179 1088 una
1206 1027 1315 1108 syllaba
1339 1029 1405 1095 fiat:
1433 1037 1554 1088 cetera-

226 1150 280 1211 ρει
304 1148 320 1189 c
345 1127 527 1188 scribuntur.
566 1120 645 1205 ‘qui'
669 1124 779 1204 syllaba
802 1144 856 1204 per
880 1146 897 1206 q
920 1128 967 1186 ui
989 1125 1144 1205 scribitur3
1167 1127 1193 1186 si
1216 1126 1365 1207 dividitur,
1388 1144 1478 1206 perc
1502 1134 1535 1187 ει

227 1231 257 1289 ui
285 1225 440 1287 scribenda
470 1233 523 1285 est.
571 1224 641 1295 Quit
668 1223 805 1303 verbnm,
833 1223 911 1302 quod
940 1224 974 1284 lit
996 1243 1012 1283 a
1035 1242 1113 1302 queo
1137 1225 1204 1302 quis
1227 1226 1307 1304 quit,
1329 1243 1383 1304 per
1407 1234 1432 1306 ις
1461 1222 1533 1303 quid

226 1341 390 1405 pronomen
422 1342 475 1402 ρει
505 1322 523 1382 d
555 1320 745 1382 scribendum
775 1330 830 1382 est.
882 1322 973 1402 Quot,
1003 1319 1120 1400 quando
1151 1321 1303 1382 numerale
1333 1331 1393 1403 est,
1422 1340 1477 1401 ρει
1507 1329 1533 1401 t3

227 1423 343 1502 quando
358 1440 531 1501 pronomen,
550 1420 637 1500 perd
656 1419 847 1480 scribendum
867 1429 920 1479 εει.
954 1419 1089 1490 Quantus
1103 1426 1134 1479 et
1147 1427 1248 1481 tantus
1262 1439 1316 1500 ρει
1331 1439 1350 1480 n
1366 1420 1533 1499 euphoniae
1548 1437 1575 1476 ro

227 1539 328 1580 causa:
353 1522 433 1580 venit
456 1521 534 1579 enim
559 1536 574 1576 a
599 1524 737 1596 quamtus
760 1526 790 1577 et
813 1524 931 1576 tamtus.
973 1516 1138 1596 Quicquam
1160 1528 1190 1579 ct
1215 1518 1356 1597 quicquid
1379 1521 1410 1578 in
1435 1517 1534 1578 medio

227 1638 280 1698 per
304 1638 333 1697 c,
361 1636 420 1678 non
444 1616 539 1696 perd
569 1614 658 1675 scribi
687 1614 809 1675 debent:
837 1616 867 1673 iu
896 1615 1099 1691 conpositione
1123 1619 1202 1676 enim
1229 1616 1405 1697 plerumque
1427 1616 1447 1676 d
1466 1619 1534 1677 inc

228 1725 436 1795 commutatur,
455 1724 488 1773 ut
507 1716 536 1773 in
556 1711 838 1793 praepositionibus,
857 1712 965 1773 accedo
985 1713 1147 1774 accumulo.
1182 1714 1309 1785 Querela
1329 1733 1383 1793 ρει
1403 1734 1496 1776 ιιιιιιιιι
1515 1715 1535 1788 l,

228 1816 305 1874 sicut
329 1812 447 1873 suadela
471 1810 562 1872 tutela
586 1809 706 1870 carvdela
730 1809 898 1888 corruptela
927 1810 1052 1890 loquela.
1099 1811 1223 1882 Quoties
1246 1822 1277 1872 et
1303 1814 1391 1871 toties
1414 1814 1480 1871 sine
1504 1831 1534 1893 ιι,

227 1911 298 1971 licet
321 1918 436 1970 veteres
464 1927 517 1987 per
542 1926 570 1968 ιι.
616 1907 768 1977 (illatenus
801 1908 971 1969 adverbium
1000 1908 1070 1990 loci,
1098 1909 1127 1969 id
1157 1918 1203 1970 est
1232 1928 1402 1991 quousque,
1429 1928 1484 1988 per
1507 1928 1535 1990 ε,
1549 1926 1576 1965 1⁵

229 2012 368 2090 quatinus
401 2008 570 2067 coniunctio
599 2004 738 2085 causalis,
765 2005 795 2065 id
825 2015 871 2066 est
899 2016 945 2086 ut,
974 2025 1027 2086 ρει
1051 2009 1060 2066 i
1088 2006 1279 2067 scribendum
1307 2017 1360 2069 est.
1411 2007 1534 2077 Quaeri-

229 2118 278 2170 tur
302 2107 338 2166 de
362 2104 553 2183 inquirendo,
578 2105 715 2182 queritur
738 2102 775 2162 de
798 2103 955 2183 plorando,
979 2112 1121 2183 quaestus
1145 2103 1221 2165 lucri
1244 2125 1298 2185 per
1321 2105 1535 2186 diphthongon,

229 2213 353 2285 questus
372 2202 573 2280 lacrimarum,
593 2203 783 2279 queremonia
802 2220 856 2280 ρει
871 2222 896 2262 ε.
925 2202 1130 2282 Quorundam,
1147 2205 1227 2264 sicut
1245 2203 1419 2284 eorundem,
1436 2222 1491 2283 ρει
1507 2223 1536 2284 ιι,

230 2322 289 2363 non
313 2322 367 2383 per
391 2319 429 2360 m.
475 2298 591 2369 Queror
614 2298 651 2357 de
676 2308 718 2377 ιε,
746 2299 812 2379 tihi,
842 2299 878 2359 de
902 2299 964 2380 illo;
992 2302 1064 2360 item
1087 2318 1263 2379 conqueror.
1309 2296 1391 2372 ‘Quo
1415 2298 1535 2362 vadis?'

229 2403 265 2463 ad
295 2419 382 2480 quem
412 2398 510 2458 locum
537 2396 695 2476 significat,
719 2391 792 2474 ‘qua
820 2392 938 2457 vadis?'
967 2416 1024 2475 qua
1053 2399 1097 2456 via
1126 2398 1242 2459 dicitur.
1289 2417 1348 2477 quo
1376 2399 1578 2479 aliquando²⁰

230 2516 283 2579 pro
313 2496 364 2557 uhi
397 2497 531 2575 ponitur:
562 2493 745 2572 Augustinus
776 2488 932 2554 ‘iuvenis
964 2495 1102 2554 domum
1136 2496 1318 2576 famosam,
1351 2515 1418 2575 qno
1450 2497 1535 2559 boni

230 2588 419 2674 habitaut’,
446 2594 476 2654 id
504 2601 551 2653 est
577 2591 629 2652 nbi
658 2591 798 2652 habitant.
845 2592 980 2663 Quantus
1008 2611 1096 2672 quam
1125 2611 1249 2672 magnus
1276 2595 1393 2675 dicitur,
1424 2604 1536 2674 quotus

230 2699 315 2757 cuins
339 2696 456 2774 aetatis,
479 2690 558 2754 unde
582 2698 613 2751 et
635 2699 725 2769 quota
755 2689 822 2751 luna
847 2691 970 2752 dicitur:
997 2691 1179 2769 Augustinus
1208 2687 1356 2771 ‘quotus
1382 2695 1535 2772 quisque

229 2794 265 2853 in
286 2789 290 2871 Ι
311 2792 375 2852 hac
403 2794 475 2852 vita
503 2792 662 2850 existere
691 2797 826 2868 potest,
855 2791 913 2866 qui
942 2807 1010 2848 non
1039 2790 1273 2850 convincatur
1298 2809 1377 2850 esse
1406 2809 1536 2871 pecca·

230 2886 312 2971 tor',
341 2889 370 2950 id
396 2897 442 2950 est
469 2891 500 2948 in
524 2905 582 2966 qua
605 2895 714 2967 aetate,
742 2906 801 2966 qno
825 2887 942 2947 dicrum
970 2886 1014 2947 vel
1043 2905 1188 2947 annorum
1215 2906 1350 2949 numero.
1396 2889 1579 2961 Quotidie&

230 2987 401 3050 adverbium
434 2988 550 3046 numeri
583 3003 637 3064 ρει·
666 3003 683 3062 q
717 2985 907 3046 scribendum
936 2995 994 3065 est,
1028 3003 1086 3045 non
1115 3004 1168 3065 per
1197 3004 1226 3067 e,
1254 2994 1287 3046 ιιι
1315 2997 1388 3065 quot
1416 2988 1537 3051 diebus:
1599 3062 1625 3071 ,-

231 3085 338 3147 cotidie
371 3082 543 3144 adverbium
575 3084 806 3143 continuationis
842 3103 896 3163 per
924 3103 940 3144 c
973 3091 1004 3144 et
1031 3103 1048 3143 o
1081 3083 1190 3144 dicitur
1222 3092 1253 3144 ει
1287 3084 1442 3167 scribitur,
1476 3104 1537 3148 non

230 3204 284 3266 ρει
307 3203 339 3263 q,
363 3185 431 3262 qnia
455 3200 514 3241 non
538 3200 553 3240 a
578 3189 667 3259 quota
692 3181 752 3261 die,
776 3181 827 3241 sed
852 3201 867 3242 a
891 3184 1056 3243 continenti
1079 3182 1127 3242 die
1151 3182 1263 3243 dictum
1287 3192 1340 3243 εει.
1388 3183 1536 3254 Quaestor

230 3304 246 3345 a
266 3281 444 3362 quaerendo,
464 3282 547 3358 quasi
567 3282 732 3359 quaesitor,
750 3297 804 3359 per
818 3297 852 3339 ae
872 3279 1083 3359 diphthongon.
1117 3280 1305 3358 Quanquam,
1324 3282 1407 3359 prior
1425 3281 1536 3360 syllaba

232 3403 251 3443 n
275 3380 362 3442 debet
386 3378 508 3458 hahere,
533 3396 591 3437 non
615 3397 654 3437 ιιι.
1281 3446 1286 3456 s
1550 3391 1578 3429 so

319 3477 471 3555 Reliquiae
491 3493 544 3555 per
563 3493 581 3553 q
601 3473 792 3534 scribendum
812 3482 906 3534 estet
925 3492 1017 3534 unum
1036 3475 1058 3547 l,
1082 3476 1152 3537 licet
1173 3476 1319 3554 Vergilius
1338 3470 1426 3558 (Aen.
1442 3473 1536 3560 130)

232 3580 346 3657 poetica
373 3575 492 3634 licentia
519 3572 643 3632 dixisset
671 3567 881 3650 ‘relliquiae
911 3568 1089 3634 Danaum'.
1135 3574 1246 3635 Radius
1274 3573 1443 3654 masculini,
1475 3593 1535 3635 non

232 3674 346 3735 radium
375 3671 482 3730 nentri.
527 3667 629 3727 llubor
653 3667 774 3748 coloris,
802 3667 894 3729 robur
918 3673 1050 3744 virtutis,
1080 3671 1170 3732 robor
1193 3672 1281 3733 arbor
1305 3680 1359 3733 est.
1405 3671 1537 3733 Redoleo

232 3777 424 3850 unguentum.
453 3766 577 3843 Regium
596 3766 676 3843 quod
696 3768 775 3844 regis
794 3766 858 3847 luit,
878 3768 974 3846 regale
995 3769 1073 3846 quod
1096 3788 1166 3849 rege
1181 3770 1303 3849 dignum
1323 3779 1377 3831 est.
1406 3770 1536 3832 Roseum

231 3888 285 3950 per
309 3887 354 3948 se,
383 3866 529 3924 rosarium
558 3865 690 3923 mixtum.
736 3860 868 3925 ‘Recens
897 3861 968 3925 leci'
993 3866 1132 3947 dicimus,
1163 3886 1222 3927 non
1247 3877 1393 3947 recenter,
1417 3878 1578 3929 utentes³⁵

232 3969 350 4029 nomine
374 3982 428 4044 pro
452 3960 598 4021 adverbio.
635 3961 800 4040 Rhytbmus
824 3980 943 4043 graece,
967 3962 1055 4023 latine
1079 3965 1248 4026 modulatio.
1288 3965 1331 4025 ne
1356 3969 1536 4045 praepositio

232 4085 290 4127 non
319 4072 434 4124 tantum
462 4060 547 4141 plena
576 4062 769 4139 praeponitur
792 4059 967 4139 quibusdam
996 4063 1131 4141 partibus
1155 4066 1312 4144 orationis,
1341 4071 1375 4123 ut
1404 4075 1537 4127 removet

232 4164 353 4224 relricat
376 4161 515 4238 respirat,
539 4158 590 4218 sed
610 4159 675 4219 etd
701 4158 828 4218 litteram
848 4161 985 4239 assumit,
1009 4169 1042 4219 ut
1065 4160 1201 4220 redolere
1224 4161 1330 4221 redire.
1368 4160 1420 4220 sed
1444 4162 1536 4221 inter·

322 4351 336 4398 7
356 4360 406 4412 ρει
426 4360 440 4396 c
459 4342 488 4395 et
506 4338 535 4392 ui
553 4339 700 4392 scribendo
719 4342 761 4394 est
780 4339 802 4393 S
820 4356 869 4408 per
888 4338 933 4392 cui
952 4339 1097 4394 scribenda
1115 4344 1194 4410 εειρ
1217 4359 1267 4409 ρει
1286 4341 1331 4395 cui
1357 4340 1537 4410 cuiscriptum

232 4428 273 4480 est
294 4425 331 4477 M
415 4430 447 4476 10
467 4422 587 4488 quantus
606 4421 635 4474 et
653 4422 747 4474 tantus
766 4438 852 4490 pern
873 4421 910 4473 Μ
927 4421 1047 4488 quantus
1066 4437 1152 4489 pern
1171 4425 1231 4489 (per
1244 4438 1262 4488 ,s
1277 4431 1310 4489 ρ)
1329 4424 1359 4476 et
1378 4425 1472 4475 tantus
1490 4423 1538 4490 pS

288 4511 320 4557 14
339 4502 451 4571 loquela
469 4519 519 4555 om.
535 4519 557 4569 p
565 4502 612 4566 M,
632 4503 693 4556 add.
712 4501 733 4554 S
807 4508 838 4555 16
859 4499 1003 4569 quaeritur
1021 4499 1055 4553 de
1074 4499 1239 4569 inquirendo
1260 4518 1362 4571 perae
1381 4502 1537 4571 diptdugon

233 4583 312 4652 (dipt.
332 4598 381 4634 om.
398 4585 430 4650 p)
450 4585 576 4649 queritur
594 4582 629 4636 de
647 4582 783 4650 plorando
802 4598 852 4650 per
871 4598 885 4635 e
900 4581 967 4649 pb!
1056 4585 1088 4634 18
1113 4585 1226 4650 questus
1249 4582 1428 4636 lacrimarum
1451 4599 1502 4651 per
1521 4599 1537 4637 e

232 4663 412 4732 queremonia
431 4663 553 4730 perduc
573 4663 668 4730 ede
730 4669 762 4715 21
783 4661 931 4715 formosam
952 4662 990 4714 M
1051 4661 1358 4733 23q11isque]quisS
1417 4671 1451 4718 34
1470 4682 1537 4736 rege

233 4743 348 4813 dignum
368 4741 390 4793 S
408 4741 467 4809 regi
486 4741 602 4810 dignum
617 4741 683 4808 ρΜ
759 4757 869 4794 roseum
888 4759 938 4809 per
956 4758 971 4794 o
991 4742 1130 4796 rosarium
1149 4743 1265 4797 mixtum
1285 4761 1335 4813 ρει
1353 4761 1407 4813 ap
1425 4760 1537 4799 roseum

233 4840 283 4893 per
302 4840 317 4876 e
336 4822 476 4874 roseotum
496 4821 615 4873 mixtum
634 4820 671 4873 M
1017 4804 1024 4829 ¹
