3316 5474
254 376 298 439 44
786 377 882 431 vnum
901 378 1014 432 LONGI

255 564 286 623 in
315 563 460 622 rationem
490 556 656 622 scribendi'
685 564 833 623 transiens
860 582 887 643 p.
916 559 1004 625 2219
1036 564 1166 642 primum
1199 562 1236 622 de
1267 566 1305 625 iis
1332 563 1497 642 vocabulis,
1529 568 1562 627 in

254 671 363 752 quibus
395 671 511 731 diversa
543 668 580 729 ab
613 672 814 731 enuntiatione
848 680 912 732 erat
940 672 1062 751 scriptio
1086 671 1131 731 rel
1158 673 1189 731 in
1218 670 1329 751 quibus
1351 671 1562 757 ,diversitatem

253 779 476 860 significationis
500 775 657 838 scribendo
681 780 847 857 exprimere
872 796 931 838 non
961 777 1034 838 nulli
1057 777 1224 859 voluerunt,
1247 777 1386 858 disputat.
1422 797 1493 841 nam
1514 780 1562 843 bis

254 885 478 967 quaestionibus
507 904 541 945 ea
569 886 667 945 onmia
695 903 770 963 quae
800 884 856 945 boc
885 884 950 945 loeo
974 891 1099 945 tractata
1123 893 1193 945 sunt
1217 886 1416 947 continentur.
1452 886 1561 949 deinde

254 994 290 1055 de
313 991 583 1074 praepositionibus
607 993 637 1051 in
661 993 875 1070 compositione
900 992 1033 1063 mutatis,
1057 990 1093 1051 de
1118 991 1228 1069 quibus
1251 1011 1345 1072 pauca
1367 993 1445 1073 apud
1470 994 1561 1056 Scau·

255 1120 322 1163 rum
349 1101 503 1179 leguntur,
526 1099 597 1159 dicit
620 1117 647 1177 p.
672 1094 900 1158 2224-2228.
943 1097 1083 1176 deinceps
1105 1105 1174 1176 post
1196 1096 1317 1158 brevem
1340 1100 1561 1163 adnotationem

255 1208 291 1267 de
319 1226 355 1267 eo
383 1206 462 1285 quod
490 1208 615 1267 interest
645 1206 723 1264 inter
751 1195 988 1286 ὀρθογριιφίαν
1016 1212 1046 1264 et
1076 1194 1280 1285 ὀρθοέπειαίι
1308 1204 1460 1267 subiectas
1490 1216 1563 1269 sunt

257 1315 456 1395 quaestiones,
486 1331 561 1392 quae
585 1314 665 1391 ipsae
696 1329 815 1390 quoque
846 1331 862 1371 a
893 1311 1062 1371 diversitate
1091 1312 1303 1372 enuntiationis
1330 1319 1362 1372 et
1389 1314 1562 1393 scriptionis

256 1421 496 1502 proficiscuntur,
519 1397 556 1479 de
580 1420 728 1498 scriptura
751 1437 804 1498 per
828 1420 837 1479 i
862 1418 906 1478 vel
930 1438 959 1500 u,
982 1418 1018 1479 de
1042 1418 1249 1498 adspiratione,
1273 1418 1310 1479 de
1333 1418 1486 1482 vocabulis
1507 1439 1562 1501 per

256 1529 273 1589 d
294 1528 338 1590 rel
358 1537 369 1589 t
388 1536 418 1589 et
436 1545 490 1608 per
509 1546 525 1587 c
544 1525 590 1586 rel
609 1545 628 1605 q
647 1528 774 1606 scriptis.
804 1534 972 1605 sequuntur
991 1527 1180 1604 quaestiones
1199 1526 1229 1585 in
1249 1523 1359 1604 qulbus
1377 1517 1562 1606 ὀρθοέπεια

255 1643 285 1695 et
313 1625 528 1716 ὀρθογραφία
557 1633 679 1693 contusa
710 1643 756 1693 est
783 1652 809 1712 p.
834 1630 936 1712 2232,
959 1635 1030 1693 item
1053 1649 1163 1712 paucae
1188 1633 1377 1710 quaestiones
1400 1643 1561 1696 consuetu·

253 1743 330 1803 dinis
358 1743 466 1802 veteris
495 1750 525 1800 et
554 1758 645 1799 novae
676 1759 703 1819 p.
728 1737 815 1800 2233
839 1747 869 1799 et
893 1740 1081 1818 quaestiones
1105 1739 1289 1799 diversarum
1312 1740 1562 1818 significationum

253 1868 281 1928 p.
305 1846 401 1909 2234.
438 1855 588 1927 postremo
616 1865 644 1925 p.
670 1843 758 1907 2235
782 1865 846 1925 sqq.
872 1848 984 1906 varium
1016 1864 1111 1924 genus
1139 1847 1361 1927 quaestionum,
1391 1848 1422 1907 in
1451 1846 1562 1927 quibus

255 1956 291 2015 de
315 1973 388 2015 sono
412 1953 623 2013 enuntiationis
650 1954 803 2031 quaeritur
833 1951 1000 2013 subiectum
1028 1961 1081 2013 est.
1120 1970 1174 2032 per
1203 1970 1308 2013 omnes
1330 1960 1430 2015 autem
1458 1962 1561 2034 partes

175 2144 178 2149 Ι
254 2061 322 2122 libri
349 2079 437 2141 quam
465 2059 556 2120 muita
585 2076 653 2118 eum
682 2058 787 2120 Scauri
822 2059 1071 2139 disputationibus
1099 2062 1286 2121 consentiant
1316 2059 1401 2121 lacile
1429 2069 1561 2141 apparet.

255 2188 352 2249 neque
381 2175 478 2248 potest
506 2165 635 2227 dubitari
664 2168 735 2243 quin
765 2168 890 2226 maxima
913 2169 978 2226 eius
1002 2184 1165 2227 consensus
1189 2186 1258 2247 pars
1282 2167 1318 2228 ab
1341 2166 1562 2248 antiquioribus

255 2274 427 2338 auctoribus
450 2277 501 2354 qui
525 2275 561 2335 de
586 2272 689 2332 iisdem
714 2270 804 2332 rebus
829 2275 1009 2353 scripserant
1033 2273 1193 2352 repetenda
1217 2277 1269 2355 sit,
1291 2276 1470 2355 praesertim
1493 2293 1562 2336 cnm

255 2394 285 2444 et
308 2390 375 2443 ante
401 2390 561 2460 utrumque
585 2381 808 2459 grammaticum
828 2380 965 2440 Annaeus
986 2379 1136 2440 Cornutus
1160 2388 1190 2441 et
1212 2389 1316 2460 postea
1334 2380 1446 2443 illarius
1464 2381 1561 2443 Victo·

255 2494 340 2552 rinus
364 2488 507 2569 quaedam
531 2506 567 2548 ex
590 2487 636 2547 bis
660 2486 817 2565 queritis
840 2489 1008 2547 communia
1036 2496 1106 2547 sunt
1129 2486 1265 2549 similiter
1288 2490 1489 2548 tractaverint.
1525 2488 1561 2550 de

258 2617 317 2677 quo
351 2607 419 2677 post
448 2595 673 2656 ll'ilmannsium
702 2595 737 2655 do
770 2592 858 2661 Varr.
874 2594 939 2654 libr.
964 2612 1085 2673 gramm.
1108 2613 1136 2673 p.
1162 2591 1205 2654 86
1229 2613 1272 2673 sq.
1296 2595 1370 2655 dixit
1397 2594 1562 2657 Guilelmus

257 2704 371 2783 Scbady
399 2703 435 2762 de
465 2701 537 2761 llari
567 2700 709 2760 Victorini
737 2699 804 2761 libri
833 2700 844 2759 Ι
873 2703 968 2779 capite
998 2701 1034 2759 lV
1058 2695 1191 2781 (Bonnae
1215 2720 1239 2762 a.
1266 2696 1366 2784 1869)
1389 2721 1417 2781 p.
1442 2699 1486 2763 22
1510 2721 1563 2783 sq,

256 2815 306 2891 qui
326 2811 421 2872 Verrii
440 2808 538 2867 Flacci
560 2806 652 2866 libros
675 2808 711 2867 de
735 2806 944 2885 orthographia
968 2809 1141 2886 primarium
1164 2827 1268 2869 eorum
1291 2811 1425 2869 omnium
1449 2809 1562 2870 iontem

256 2920 348 2979 inisse
383 2916 587 2976 demonstrare
616 2913 737 2974 studuit.
782 2914 925 2991 quaedam
954 2922 1051 2974 tamen
1079 2917 1119 2974 ita
1143 2923 1311 2995 comparata
1334 2923 1418 2998 sunt,
1441 2923 1476 2976 ut
1498 2918 1562 2995 ipse

257 3025 361 3085 Scauri
390 3021 466 3083 liber
489 3021 590 3098 Longo
614 3027 681 3079 ante
706 3019 808 3079 oculos
832 3021 924 3080 luisse
954 3021 1095 3082 videatur.
1142 3040 1200 3100 qua
1228 3022 1258 3081 iu
1287 3039 1319 3082 re
1347 3039 1408 3082 non
1434 3020 1562 3083 multum

258 3130 356 3191 tribuo
381 3132 417 3190 iis
441 3130 522 3209 loeis,
546 3130 576 3187 in
600 3126 709 3205 quibus
733 3127 854 3188 eaedem
878 3145 926 3187 res
949 3146 965 3187 a
989 3128 1106 3189 dnobus
1129 3131 1328 3208 grammaticis
1347 3128 1472 3190 cratiae
1491 3136 1561 3188 sunt

256 3237 301 3299 rel
329 3237 381 3299 ubi
408 3237 549 3298 similium
578 3252 678 3295 rerum
707 3237 896 3314 quaestiones
924 3236 1028 3296 eodem
1056 3236 1160 3296 ordine
1185 3247 1311 3316 uterque
1335 3236 1503 3315 coniunxit,
1529 3242 1563 3294 ut

256 3365 389 3426 eaquae
413 3346 449 3406 de
473 3345 492 3404 b
516 3343 614 3404 littera
638 3345 748 3421 scripta
777 3350 847 3402 sunt
870 3362 898 3422 p.
922 3340 1009 3405 2258
1033 3352 1063 3404 et
1086 3363 1113 3422 p.
1139 3341 1225 3406 2211
1251 3352 1281 3403 et
1304 3343 1340 3404 de
1363 3344 1563 3423 geminatione

257 3454 400 3513 vocalium
423 3451 459 3511 ab
483 3450 571 3510 decio
590 3454 707 3509 inventa
733 3468 789 3510 uua
813 3468 881 3511 cum
904 3452 1072 3530 praeceptis
1091 3450 1196 3511 Lucilii
1214 3470 1242 3531 p.
1262 3447 1351 3511 2255
1369 3458 1400 3511 et
1417 3468 1446 3530 p.
1465 3444 1561 3509 2220.

257 3578 324 3621 nam
347 3559 419 3619 baec
443 3557 478 3617 ab
502 3559 668 3635 antiquiore
692 3566 812 3616 auctore
837 3566 955 3636 recepta
979 3576 1044 3617 esse
1069 3565 1185 3618 certum
1209 3566 1262 3617 est.
1300 3557 1353 3618 sed
1376 3574 1507 3637 eaquae
1526 3555 1562 3617 de

257 3686 282 3725 v.
308 3667 426 3725 ortibus
450 3682 503 3743 per
532 3666 541 3722 i
569 3681 630 3723 non
657 3680 712 3742 per
740 3682 760 3722 n
788 3661 945 3723 scribendo
974 3662 1106 3724 Scaurus
1134 3666 1293 3743 praecepit,
1308 3683 1336 3743 p.
1359 3660 1462 3744 2260,
1489 3680 1564 3739 erqo

256 3790 316 3831 νοτε
345 3774 517 3844 scribendo,
548 3789 607 3845 quo
637 3772 723 3829 modo
753 3780 784 3830 et
810 3778 916 3840 sotrum
945 3789 1030 3831 eterno
1060 3780 1161 3831 orclem
1190 3788 1332 3846 remquam
1360 3778 1422 3830 tom
1452 3772 1565 3831 insulse

253 3898 312 3955 per
344 3897 364 3937 u
397 3881 525 3939 artaudus
557 3881 685 3951 dicerit,
722 3879 888 3956 respexisse
926 3878 1042 3938 ridetur·
1070 3876 1190 3956 Longus
1223 3877 1259 3938 de
1287 3876 1392 3938 eodem
1421 3874 1565 3937 vocabule

258 3986 411 4064 disputans
430 4005 457 4065 p.
472 3982 569 4065 2229,
589 3989 632 4045 ito
656 3992 755 4045 turma
775 3988 912 4045 eristimo
932 3987 1160 4059 tractemundum,
1183 3994 1217 4044 nt
1239 4003 1296 4046 uec
1315 3988 1404 4045 niueis
1427 3988 1440 4045 i
1460 3987 1565 4046 littero

259 4095 347 4154 croilis
374 4095 429 4166 sit,
458 4112 514 4153 aec
542 4111 562 4152 ιι
590 4096 722 4152 litterum
749 4095 777 4150 si
802 4094 976 4167 scripseris,
1005 4094 1221 4152 careretiutienis
1248 4109 1321 4152 sono
1349 4094 1438 4151 olims
1462 4094 1565 4167 plenu,

259 4200 421 4279 eodemque
445 4200 597 4279 pertinent
621 4216 695 4276 qnae
724 4197 901 4277 generaliter
930 4197 1079 4258 adnotavit
1101 4217 1129 4277 p.
1154 4193 1251 4277 2219,
1279 4199 1465 4272 inpredtenti
1492 4197 1567 4257 milri

258 4310 408 4367 rationem
425 4307 583 4366 scribendi
599 4308 737 4365 occurrit
755 4307 854 4364 statim
876 4308 918 4364 ito
941 4308 1087 4380 quosdam
1106 4308 1259 4366 censuisse
1277 4322 1342 4365 esse
1361 4305 1564 4375 scribendum,

259 4423 292 4472 ut
322 4417 473 4487 loquimur
504 4421 532 4472 et
563 4414 711 4471 (cardimus.
757 4411 863 4472 similia
893 4420 963 4472 sunt
993 4411 1065 4471 baec
1096 4412 1133 4471 de
1163 4430 1187 4470 r.
1217 4414 1357 4487 paulum,
1387 4409 1467 4489 quod
1498 4428 1565 4471 cunr

259 4520 407 4596 geminata
437 4519 445 4578 1
477 4518 574 4579 littera
604 4517 695 4579 scribi
727 4517 868 4578 voluisset
898 4518 1029 4578 Scaurus
1059 4538 1087 4598 p.
1118 4513 1214 4597 2256,
1244 4534 1348 4578 rerum
1377 4519 1444 4578 sine
1473 4518 1565 4578 diablo

255 4634 388 4701 peccaut
411 4629 465 4701 qut
481 4630 608 4703 pomum
629 4636 657 4685 et
677 4630 836 4702 pardulum
855 4645 915 4703 per
935 4626 1221 4698 circumscribunt,
1244 4642 1313 4685 cum
1332 4626 1449 4699 ulloqui
1463 4627 1566 4701 primu

254 4735 365 4809 positio
396 4735 460 4793 etus
491 4735 609 4809 derpltcc'
630 4735 690 4793 boc
714 4736 817 4793 littero
848 4735 1030 4807 contuimur,
1059 4738 1093 4792 ut
1116 4734 1233 4807 pullum
1260 4738 1290 4791 et
1313 4733 1469 4807 pusillum,
1501 4746 1566 4789 eam

259 4839 404 4898 rationem
424 4840 527 4899 reiecit
548 4838 666 4917 Longus
685 4857 712 4917 p.
729 4835 824 4919 2238,
843 4857 952 4898 rursus
971 4842 1044 4913 quio
1063 4841 1181 4915 padum
1198 4855 1260 4913 per
1283 4839 1344 4899 duo
1363 4840 1375 4898 1
1394 4838 1565 4912 scribimus,
