3316 5474
500 378 597 433 VELll
617 379 730 434 LONGI
751 381 798 435 bi:
818 380 1105 436 ORTHOGRAPHIA
1408 382 1450 444 ti

149 490 169 526 μ.
185 480 243 519 221³.
259 479 323 518 141³.

147 564 203 623 hoc
224 583 239 623 s
258 573 287 624 et
307 574 319 624 t
338 567 448 644 pariter
467 567 620 625 renuntiat
639 566 797 628 silentium.
832 567 883 626 sed
903 570 927 626 si
948 566 1002 626 hoc
1022 575 1185 646 sectentur,
1205 563 1210 646 Ι
1231 569 1346 645 possint
1365 568 1453 626 etiam

146 670 304 750 plerasque
324 681 521 732 consonantes
541 680 570 732 et
589 690 692 734 omnes
711 674 901 734 semivocales
920 692 974 752 pro
994 673 1112 752 syllabis
1130 691 1251 753 ponere.
1289 690 1356 732 nam
1375 671 1452 752 apud

147 776 294 838 Lucilium
322 781 351 839 in
380 797 472 861 nono,
500 781 529 839 in
559 797 617 857 qno
646 779 682 838 de
710 778 817 840 litteris
847 779 991 859 disputat,
1020 797 1124 839 ornnes
1152 782 1246 839 vicem
1276 778 1453 858 syllabarum

145 884 280 965 implent,
303 903 371 946 cum
395 884 467 946 dicit

117 1001 131 1042 ⁵
267 989 324 1072 †a
348 1010 384 1052 re
410 1011 478 1053 non
502 993 650 1055 multum
673 993 774 1055 abest
797 994 862 1055 hoc
886 993 1170 1072 cacosyntheton
1195 1001 1301 1072 atque
1325 995 1453 1054 canina

307 1101 337 1158 si
359 1098 480 1179 lingua
504 1101 584 1162 dico
607 1101 698 1163 nihil
723 1101 763 1161 ad
792 1119 843 1161 me
868 1119 994 1161 nornen
1018 1100 1083 1160 hoc
1106 1098 1162 1160 illi
1185 1107 1255 1180 est,

146 1207 218 1264 item

266 1308 288 1387 †
308 1331 322 1372 s
346 1323 512 1375 nostrum
535 1324 569 1375 et
592 1318 678 1376 semi
702 1333 831 1394 graece
855 1315 949 1393 quod
973 1315 1127 1375 dicimus
1150 1317 1260 1392 sigma

306 1420 356 1480 nil
380 1425 541 1483 eneconis
565 1422 679 1483 hahet.

105 1538 132 1575 ¹⁰
146 1536 268 1606 apparet
283 1546 354 1606 ergo
373 1529 445 1590 haee
463 1529 534 1590 nihil
550 1529 627 1590 aliud
643 1548 730 1609 quam
749 1529 848 1590 locum
867 1528 993 1608 syllabae
1013 1539 1115 1589 tenere
1136 1546 1190 1588 nec
1210 1537 1308 1588 tamen
1328 1527 1452 1606 syllabas

145 1652 220 1694 esse.
259 1653 317 1694 non
341 1654 412 1715 ergo
436 1635 637 1695 accedendum
661 1644 706 1696 est
730 1637 765 1694 iis
789 1638 840 1714 qui
863 1643 968 1714 putant
1000 1637 1064 1694 sine
1095 1634 1185 1695 vocali
1214 1632 1352 1713 syllabam
1380 1637 1455 1706 fieri

141 1759 238 1816 posse,
264 1750 296 1802 ut
320 1744 408 1801 etiam
428 1742 672 1820 significationem
693 1744 772 1802 vocis
792 1743 939 1819 terminet,
963 1743 1148 1818 quoniamst
1167 1741 1318 1815 silentium
1337 1739 1450 1800 denun-

145 1849 207 1907 tiet.
244 1857 275 1907 et
302 1857 417 1909 errant:
447 1866 513 1908 nam
541 1857 571 1908 et
594 1867 610 1907 r
636 1849 780 1926 significat
809 1847 917 1926 aliquid
948 1842 1007 1928 (sic
1031 1849 1110 1907 enim
1133 1852 1264 1907 litterum
1288 1843 1453 1928 vocamus),

146 1972 243 2033 neque
267 1964 365 2015 tamen
389 1955 456 2015 ideo
480 1952 586 2033 syllaba
615 1963 666 2014 aut
693 1954 766 2014 lexis
790 1964 844 2015 est.
881 1962 911 2012 et
941 1952 1012 2013 baec
1041 1957 1104 2033 ipsa
1133 1963 1249 2015 constat
1277 1973 1312 2013 ex
1336 1974 1352 2014 c
1376 1963 1406 2015 et
1429 1973 1453 2033 s,

104 2069 130 2108 ¹⁵
147 2078 200 2120 nec
224 2060 291 2121 ideo
315 2070 344 2121 et
368 2061 446 2120 illam
470 2063 626 2139 quisquam
650 2059 789 2138 syllabam
813 2059 900 2131 dixit,
924 2059 975 2119 sed
1003 2059 1150 2138 duplicem
1170 2061 1306 2121 litteram.
1344 2059 1451 2121 deinde

145 2167 216 2244 quid
244 2168 324 2246 quod
347 2177 375 2227 et
400 2186 486 2227 voces
511 2186 569 2226 non
594 2167 741 2246 scriptiles
765 2165 874 2226 habent
902 2175 1000 2226 tamen
1030 2169 1288 2246 significationem,
1316 2169 1450 2245 quamvis

145 2273 236 2334 scribi
256 2294 314 2334 non
334 2271 471 2354 possint?
494 2293 561 2334 nam
582 2283 612 2334 et
630 2274 789 2353 digitorum
806 2292 878 2333 sono
893 2292 1004 2352 pueros
1018 2273 1054 2334 ad
1069 2273 1309 2354 respondendum
1329 2275 1451 2334 ciemns

234 2381 411 2461 lncipiamus
435 2400 513 2442 utine
536 2381 573 2440 de
597 2382 763 2441 litterarum
786 2356 932 2459 potestate
951 2382 1108 2441 disserere.
1146 2400 1178 2440 ac
1198 2382 1328 2460 primum
1348 2381 1450 2440 eadem

143 2498 190 2549 est
214 2497 381 2549 nostrarum
407 2497 537 2568 potestas
560 2488 713 2569 coralium,
737 2505 812 2566 quae
837 2489 891 2548 luit
915 2488 1097 2549 Graecorum
1116 2487 1192 2566 apud
1213 2489 1351 2565 antiquos
1370 2488 1450 2546 circa

102 2597 362 2673 2⁰correptionem
386 2596 686 2675 moderationemque,
710 2595 855 2673 siquidem
880 2594 955 2674 apud
980 2594 1046 2654 illos
1070 2597 1202 2674 quinque
1227 2602 1341 2654 tantum
1365 2593 1449 2653 luere

144 2701 273 2780 vocales,
296 2722 316 2761 α
340 2722 354 2762 e
379 2725 390 2762 ι
415 2723 433 2762 ο
459 2724 493 2781 υ,
521 2713 608 2782 atque
638 2701 691 2760 hae
716 2701 851 2762 similiter
878 2701 1120 2780 producebantur
1143 2699 1450 2779 corripiebanturque,

144 2812 222 2869 sicut
254 2808 401 2887 hodieque
431 2829 451 2868 α
480 2832 491 2869 ι
519 2830 556 2885 υ,
590 2827 665 2888 quae
693 2807 878 2887 appellantur
911 2809 987 2887 apud
1016 2808 1082 2868 illos
1109 2807 1228 2868 κοιναί.
1271 2815 1387 2886 postea,
1416 2815 1449 2867 nt

233 3016 324 3070 Codex
342 3016 491 3069 Parrhasii
529 3018 678 3083 lpossent
749 3015 836 3085 9nil]
856 3015 926 3068 nihil
1002 3021 1035 3068 10
1053 3014 1162 3083 syllaba
1180 3034 1192 3067 s
1211 3031 1272 3068 esse
1338 3022 1368 3067 11
1390 3014 1450 3068 fieri

143 3166 224 3219 posse
242 3166 293 3204 om.
387 3156 418 3203 12
437 3148 589 3204 terminent
606 3147 738 3216 qnoniam
753 3147 895 3200 silentium
915 3107 1091 3217 denuntiant:
1110 3148 1237 3201 litterae
1251 3148 1345 3215 prima
1364 3164 1449 3200 manu

143 3287 329 3353 eapenoipto
420 3289 452 3336 13
471 3282 596 3336 litteram
615 3298 665 3334 om.
750 3287 781 3333 14
800 3280 917 3334 ethaeo
936 3239 1023 3364 etiiin
1041 3284 1151 3335 constat
1169 3298 1203 3334 ex
1222 3239 1238 3348 i?
1257 3284 1317 3333 ets
1337 3280 1450 3362 Ozipsa

143 3407 275 3458 superscr.
290 3408 313 3456 e,
332 3391 450 3444 litteram
464 3406 478 3441 e
492 3405 626 3456 euperem.
641 3392 678 3440 c*
753 3394 785 3441 16
803 3386 952 3455 scriptiles]
973 3385 1114 3455 simplices
1189 3393 1221 3441 18
1243 3404 1275 3441 ac
1295 3370 1385 3456 primii

144 3476 176 3524 21
194 3470 266 3526 haec
285 3470 414 3524 similiter

234 3664 245 3710 1
267 3657 315 3711 sed
334 3655 444 3710 seilicet
461 3655 484 3709 si
503 3656 555 3711 hoc
575 3659 725 3725 sectentur,
743 3657 856 3725 possent
874 3652 902 3707 R
992 3657 1007 3704 b
1031 3654 1063 3706 in
1080 3652 1188 3708 Lucilii
1205 3655 1328 3708 versibus
1345 3653 1450 3706 retinui

142 3743 299 3807 corruptam
317 3738 417 3791 codicis
435 3739 609 3805 scripturum,
623 3738 703 3790 cuiuis
717 3741 790 3789 certo
808 3733 957 3788 mandatio
976 3734 1087 3786 inemo
1104 3750 1161 3788 non
1179 3740 1225 3789 ent.
1254 3752 1298 3788 ar
1313 3749 1366 3801 pro
1385 3747 1403 3783 a
1418 3747 1448 3784 re

143 3820 255 3871 coniecit
278 3817 314 3872 F.
335 3817 447 3871 Iunius.
488 3820 525 3869 At
548 3834 603 3871 non
626 3817 746 3870 multum
770 3816 831 3870 abit
853 3815 906 3866 hoe
930 3813 1161 3882 cacosyntheton,
1184 3817 1270 3882 atque
1293 3813 1394 3867 canina
1418 3812 1448 3866 Si

143 3896 239 3967 lingua
257 3897 332 3963 dico,
352 3895 422 3949 nihil
442 3913 473 3948 ar
491 3912 548 3961 me;
568 3913 669 3950 nomen
688 3895 740 3948 hoe
759 3895 801 3947 illi
820 3898 864 3948 est
883 3894 909 3946 I.
929 3893 1026 3946 Donec
1045 3893 1135 3946 Lucil.
1150 3898 1201 3946 snt.
1215 3894 1262 3947 rel.
1279 3911 1309 3960 p.
1324 3897 1367 3961 44,
1387 3909 1405 3946 a
1419 3910 1449 3945 re

142 3994 197 4030 non
220 3977 338 4030 multum
362 3976 444 4030 abest
467 3995 490 4039 r;
515 3975 574 4029 Hoc
596 3975 825 4043 cacosyntheton,
850 3976 934 4040 atque
960 3973 1061 4027 canina
1084 3973 1108 4025 si
1134 3973 1186 4026 tibi
1210 3973 1308 4043 lingna
1328 3973 1351 4024 n
1374 3973 1445 4035 dieo,

142 4056 211 4110 nihil
235 4056 345 4110 adtinet
362 4057 398 4110 ad
417 4072 476 4122 me,
499 4071 601 4109 nomen
625 4055 678 4107 hoc
696 4053 739 4107 illi
758 4056 801 4107 est
819 4053 966 4106 Corssenne
985 4052 1085 4106 Philol.
1105 4068 1128 4105 v.
1150 4051 1274 4105 XVIII
1287 4069 1317 4120 p.
1338 4057 1404 4118 726,
1424 4050 1449 4102 n

142 4136 306 4191 nonnullum
326 4135 412 4192 habet
430 4139 482 4192 hoc
498 4135 726 4204 cacosynthetom
745 4137 832 4201 utque
849 4134 950 4187 canina
964 4132 1010 4186 Sic
1029 4132 1126 4200 lingna
1143 4131 1207 4184 dico
1227 4131 1309 4185 ‘nibil
1329 4147 1361 4185 ar
1380 4133 1448 4184 me':

144 4233 242 4271 nomen
261 4217 369 4272 abhoc
388 4222 431 4272 est
449 4219 492 4272 llli
512 4219 544 4271 L.
567 4217 719 4271 diuellerne
736 4214 769 4266 dc
787 4231 816 4266 re
833 4219 908 4266 conr.
923 4219 995 4282 poet.
1015 4215 1062 4268 lot.
1077 4231 1107 4281 p.
1124 4218 1176 4265 139
1191 4218 1216 4265 et
1230 4212 1319 4264 Lucil.
1335 4217 1387 4264 sot.
1402 4210 1450 4263 rel.

647 4309 666 4335 l'l

139 4368 167 4418 p.
187 4356 224 4405 48
297 4351 355 4405 tsi
374 4351 427 4404 tibi
445 4352 543 4422 lingua
562 4351 601 4417 R,
620 4351 642 4403 si
663 4349 759 4418 lingua
777 4350 860 4402 codes·
884 4347 979 4400 Vrsini
1052 4349 1241 4398 8snostrum
1260 4348 1346 4412 atque
1365 4344 1448 4397 semi·

142 4447 242 4500 graece
262 4430 297 4484 F.
318 4430 415 4483 Doroa
433 4431 522 4484 Lucil.
542 4437 593 4484 sot.
612 4431 658 4484 rel.
676 4447 703 4497 p.
726 4436 789 4493 123,
808 4448 821 4481 s
841 4432 996 4482 nostrorum
1016 4426 1101 4480 etiam
1120 4443 1219 4496 graece
1241 4425 1393 4478 Muellerus

142 4510 249 4564 anihil
263 4509 365 4564 erroris
380 4508 415 4573 R,
429 4509 470 4562 nil
484 4509 584 4563 erroris
600 4509 695 4561 Donec
770 4517 801 4562 11
823 4508 962 4576 syllabam
976 4507 1085 4560 seilicet
1098 4522 1158 4560 esse
1177 4505 1205 4558 Ii
1277 4505 1337 4559 sine
1356 4507 1448 4560 vocali

143 4590 279 4659 syllabam
295 4591 327 4642 nt
340 4589 425 4642 etiam
436 4588 668 4657 significationem
680 4589 755 4643 vocis
768 4589 929 4655 terminent,
940 4585 1072 4654 quoniam
1087 4586 1229 4640 silentium
1244 4585 1412 4639 denuntient
1421 4584 1448 4637 Il

205 4676 238 4723 13
257 4670 298 4722 sic
317 4669 390 4724 enim
410 4686 540 4723 vocamus
558 4667 586 4722 R
678 4676 709 4723 15
728 4671 844 4736 sortasse
861 4669 912 4723 sed
930 4667 1070 4737 duplicem
1090 4666 1214 4720 litteram
1233 4666 1360 4720 dicimus.
1380 4664 1448 4732 quid

143 4749 216 4817 qnod
234 4755 281 4803 etc.
369 4757 402 4805 16
421 4765 503 4804 voces
521 4765 576 4802 non
596 4747 737 4816 simplices
756 4746 861 4801 habent
879 4745 907 4800 R
993 4755 1026 4804 18
1044 4765 1077 4802 ac
1096 4748 1186 4818 primo
1205 4746 1233 4802 R
1320 4754 1352 4803 19
1376 4763 1448 4814 quae

143 4836 207 4886 sunt
226 4830 393 4886 Graecorum
413 4829 440 4885 R
