3316 5474
281 1248 406 1310 bodacis
435 1249 511 1311 liber
538 1248 574 1310 de
603 1256 666 1310 arte
694 1252 883 1329 grammatica
911 1251 942 1311 in
971 1246 1088 1311 dnobus
1111 1250 1250 1311 inventus
1273 1260 1320 1311 est
1343 1246 1496 1311 codicibus

192 1373 270 1414 nono
286 1355 404 1416 saeculo
424 1359 556 1437 scriptis,
576 1355 751 1417 Bernensi
766 1353 832 1418 336
846 1367 876 1418 et
894 1357 1102 1419 Monacensi
1122 1355 1210 1419 6434
1228 1357 1298 1418 olim
1313 1357 1496 1437 Frisingensi

192 1458 265 1521 234.
295 1482 310 1522 e
331 1460 440 1542 quibus
459 1463 633 1544 Beruensis,
657 1482 745 1543 quem
765 1463 904 1543 Hagenus
919 1464 1003 1526 catal.
1022 1464 1085 1525 cod.
1101 1463 1186 1525 Bern.
1206 1484 1234 1543 p.
1250 1461 1315 1525 333
1330 1465 1497 1544 descripsit,

191 1568 271 1630 hunc
303 1570 413 1631 librum
446 1570 565 1631 exhibet
597 1572 614 1631 l.
648 1567 784 1632 8*-46
814 1575 920 1647 incipit
948 1573 1084 1633 Adducis
1112 1574 1150 1634 de
1173 1573 1289 1633 Sconri
1310 1579 1340 1633 et
1363 1572 1499 1632 Palladii

191 1679 278 1736 tibris
305 1687 453 1754 excerpta
478 1696 537 1754 per
565 1680 835 1753 interroqntionenn
863 1685 893 1739 et
919 1683 1143 1755 responsionem
1174 1683 1280 1755 script.
1311 1681 1349 1739 dc
1378 1680 1498 1738 nornine

192 1788 269 1844 artis
288 1788 500 1861 interpretatio
520 1832 526 1846 .
545 1786 606 1845 Ars
624 1787 700 1860 quid
717 1793 817 1846 est-
832 1804 860 1864 p.
875 1781 917 1845 41
938 1784 983 1845 ed.
999 1784 1060 1845 Hal.
1079 1793 1203 1846 socrant
1217 1793 1250 1845 ut
1264 1787 1414 1854 tradidit.
1430 1802 1498 1844 nam

193 1887 305 1969 reliqua
325 1893 355 1951 in
370 1909 405 1951 eo
420 1893 531 1970 scripta
546 1908 605 1951 non
620 1901 711 1952 sunt.
740 1911 776 1952 ex
795 1891 851 1951 boc
871 1892 1016 1971 quaedam
1035 1892 1220 1971 deprompsit
1238 1891 1376 1970 Hagenus
1395 1890 1497 1951 anecd.

194 1995 304 2057 llelvet.
332 2017 360 2077 p.
384 1996 510 2057 XXXlV.
552 1999 583 2058 iu
611 1998 782 2077 Monaqensi
808 1999 910 2060 codice
940 1997 1019 2059 idem
1050 1998 1126 2059 liber
1155 1998 1264 2078 legitur
1297 2000 1315 2061 l.
1343 1994 1497 2060 45—108

193 2107 301 2180 incipit
323 2107 460 2165 Audacia·
484 2108 522 2165 dc
540 2106 707 2193 Scaurini
730 2108 867 2168 Palladii
887 2108 976 2167 libris
999 2114 1146 2183 excerpta
1170 2113 1199 2166 et
1219 2125 1277 2182 per
1301 2109 1496 2182 interropoti-

193 2229 279 2271 oncrn
302 2229 447 2287 responso
471 2215 509 2273 dc
531 2215 651 2274 nornine
674 2216 751 2274 ortis
775 2260 781 2273 .
806 2217 905 2289 intqnt
927 2260 935 2274 .
959 2215 1019 2274 Ars
1046 2216 1121 2289 quid
1146 2221 1191 2275 cst
1217 2246 1256 2256 -
1284 2232 1379 2289 prece
1406 2221 1498 2274 mcta-

190 2321 309 2393 ptnsrnn
329 2366 335 2378 .
368 2321 505 2398 sequitur
519 2312 663 2381 tractatus
682 2320 718 2380 de
738 2318 913 2381 soloecismo
932 2321 951 2380 l.
974 2317 1157 2401 108-111,
1181 2339 1279 2401 qnem,
1302 2322 1370 2400 quia
1390 2320 1498 2382 detrita

194 2433 224 2484 et
246 2427 354 2504 partim
378 2425 473 2487 deleta
498 2428 646 2505 scriptura
664 2426 722 2506 legi
741 2429 789 2487 vix
806 2433 937 2509 poterat,
961 2445 1058 2507 neque
1078 2428 1239 2507 quidquam
1258 2428 1336 2507 quod
1356 2429 1500 2507 gravioris
1562 2467 1565 2472 -

194 2534 336 2593 momenti
358 2542 438 2593 esset
463 2535 560 2594 inesse
584 2533 752 2614 ridebatur,
776 2535 806 2594 in
830 2533 959 2594 editione
979 2536 1079 2595 omisi:
1103 2534 1140 2593 cl.
1160 2534 1279 2612 catalog.
1302 2533 1366 2594 cod.
1386 2533 1498 2594 Monac.

194 2659 218 2700 r.
234 2637 246 2698 l
261 2635 281 2700 3
295 2659 324 2718 p.
341 2637 413 2700 111.
451 2639 503 2700 sed
527 2641 557 2699 in
581 2658 616 2699 eo
635 2641 737 2700 codice
762 2658 821 2701 non
845 2639 941 2700 solum
965 2638 1108 2719 quaedam
1132 2659 1208 2720 quae
1232 2640 1268 2700 de
1292 2649 1388 2700 metro
1407 2660 1435 2720 p.
1458 2638 1498 2700 12

195 2754 224 2806 et
255 2744 290 2806 de
322 2746 411 2807 verbo
441 2766 469 2826 p.
500 2742 543 2807 25
571 2748 601 2807 in
629 2745 773 2817 Beruensi
801 2745 877 2806 libro
901 2744 1042 2826 leguntur
1071 2749 1192 2829 omissa,
1223 2764 1327 2807 rerum
1351 2749 1439 2807 etiam
1463 2746 1499 2808 dc

196 2862 335 2933 quattuor
363 2854 498 2933 partibus
526 2856 682 2936 orationis,
709 2853 746 2914 de
774 2853 927 2934 adverbio,
954 2854 990 2914 de
1015 2856 1186 2934 participio,
1219 2854 1255 2914 de
1281 2855 1500 2934 coniunctione,

195 2961 231 3021 dc
254 2963 473 3041 praepositione
500 2980 593 3041 pauca
621 2962 741 3022 omuino
769 2960 873 3023 relicta
903 2979 996 3040 eaque
1027 2962 1219 3041 neglegenter
1247 2979 1283 3021 ex
1308 2961 1500 3040 amplioribus

196 3071 414 3129 commentariis
438 3067 548 3129 codicis
570 3065 732 3142 bernensis
755 3076 895 3148 excerpta
918 3075 996 3129 sunt.

262 3174 385 3236 Praeter
407 3174 462 3234 hos
486 3173 618 3255 codices,
642 3175 694 3254 qui
717 3183 813 3235 totum
836 3173 963 3235 Audacis
987 3173 1096 3234 librum
1119 3177 1286 3255 continent,
1309 3182 1408 3254 partes
1432 3174 1501 3236 libri

196 3283 331 3342 inventae
355 3284 478 3342 suntin
502 3280 647 3361 pluribus.
684 3299 753 3342 cum
776 3281 878 3342 eadem
906 3282 1100 3360 inscriptione
1125 3300 1213 3360 quam
1237 3300 1326 3360 supra
1355 3285 1442 3361 posui
1467 3302 1500 3342 ea

195 3406 264 3467 pars
288 3408 362 3468 quac
386 3398 432 3450 est
455 3389 491 3449 de
516 3390 635 3448 nomine
659 3389 817 3449 coniuncta
842 3407 910 3449 cum
928 3386 1054 3449 aliorum
1072 3391 1332 3467 grammaticorum
1352 3406 1500 3450 commen·

198 3497 279 3556 tariis
303 3496 411 3576 legitur
440 3499 470 3557 in
496 3494 598 3556 codice
623 3494 900 3557 Caroliruhensi
926 3492 988 3556 112
1013 3514 1091 3556 nono
1115 3494 1233 3556 saeculo
1259 3497 1385 3577 scripto,
1415 3497 1501 3556 cuius

197 3603 399 3683 apographum
432 3603 544 3663 Allredi
572 3601 694 3664 llolderi
723 3602 945 3665 benevolentiae
976 3603 1084 3685 debeo,
1116 3605 1134 3664 l.
1163 3600 1205 3664 63
1236 3606 1388 3679 incipiunt
1417 3612 1502 3664 nrtcs

197 3705 229 3791 (l.
245 3706 368 3792 partes)
392 3713 514 3771 Audaci
536 3713 574 3771 de
592 3712 708 3771 Scnnri
725 3719 754 3772 et
773 3712 910 3772 Palladii
930 3713 1018 3772 tibris
1036 3719 1192 3788 excerpto.
1234 3712 1316 3784 Quid
1332 3719 1377 3772 cst
1395 3728 1501 3772 nornen

198 3820 393 3892 —littctibns
407 3820 566 3892 curribus,
589 3816 641 3877 nbi
663 3826 731 3878 ante
756 3822 906 3895 incipiunt
925 3821 955 3879 in
974 3820 1106 3898 margine
1126 3818 1308 3898 adscriptum
1328 3828 1374 3879 est
1393 3836 1500 3878 nomen

198 3920 423 4004 nrmtfuinns*).
461 3930 628 4002 sequuntur
647 3905 805 4002 ampliores
825 3927 1030 3986 commentarii
1048 3926 1085 3986 de
1105 3929 1237 4006 nomine,
1260 3925 1296 3986 de
1315 3927 1502 4004 pronomine,

198 4031 234 4091 de
258 4030 362 4111 verbo,
395 4029 431 4089 do
463 4027 615 4109 adverbio,
645 4029 681 4089 de
704 4031 877 4111 participio,
906 4030 942 4090 de
967 4033 1190 4112 coniunctione,
1213 4032 1249 4092 de
1272 4032 1501 4110 praepositione,

198 4137 234 4196 de
259 4138 480 4216 interiectione,
507 4136 543 4196 de
568 4134 768 4196 schematibus
797 4144 827 4195 et
854 4139 962 4216 tropis,
990 4136 1026 4196 de
1050 4135 1233 4198 barbarismo
1261 4146 1291 4197 et
1319 4135 1502 4216 soloecismo,

199 4245 228 4304 in
258 4244 366 4324 quibus
394 4243 466 4303 nihil
494 4241 573 4322 quod
604 4240 640 4301 ad
672 4241 820 4302 Audacem
850 4242 960 4302 relerri
988 4245 1085 4321 possit
1116 4244 1222 4304 inveni.
1268 4261 1304 4303 ex
1333 4242 1502 4302 Vaticano

199 4350 300 4411 codice
324 4351 382 4411 duo
407 4357 545 4429 excerpta
568 4346 719 4426 adscripto
742 4349 926 4427 grammatici
950 4350 1068 4408 nomine
1092 4349 1185 4410 edidit
1208 4349 1301 4409 blaius
1320 4347 1404 4409 class
1424 4356 1501 4408 auct.

199 4476 224 4516 r.
248 4455 285 4516 Vl
307 4477 335 4536 p.
360 4453 438 4536 589,
466 4455 592 4517 alterum
620 4453 710 4514 breve
738 4454 775 4514 de
804 4452 964 4536 elemento,
994 4457 1139 4516 Andocis.
1178 4456 1364 4517 Elementurn
1388 4490 1430 4497 -
1453 4474 1504 4517 res

271 4620 297 4687 *)
317 4619 358 4673 De
373 4618 492 4686 vulfino,
511 4616 695 4688 grammatico
709 4616 917 4685 Aurelianensi,
931 4615 989 4671 dixi
1007 4617 1043 4672 de
1061 4634 1178 4687 gramm.
1199 4617 1274 4686 quib.
1290 4617 1338 4673 lai.
1353 4616 1402 4672 inf.
1416 4635 1444 4688 p.
1459 4624 1504 4673 22.

199 4715 301 4753 nomen
320 4702 416 4754 eutem
434 4697 612 4769 grammatici
629 4697 660 4752 in
678 4696 773 4753 codice
792 4695 977 4766 adscriptum,
1002 4696 1103 4752 deinde
1126 4698 1191 4766 posi
1213 4697 1443 4752 commentorium
1468 4693 1504 4748 de

202 4777 286 4833 verbo
304 4779 468 4847 repetitum,
492 4778 564 4833 192
588 4779 651 4847 finit
673 4778 722 4832 deo
744 4779 852 4846 gratioe
875 4777 1060 4844 nnolnninns,
1084 4777 1138 4831 hoc
1156 4776 1268 4831 videtur
1285 4774 1417 4844 indicari,
1440 4791 1504 4829 eum

199 4858 305 4913 vulfini
325 4858 532 4914 commentariis
551 4859 684 4929 excerpis
701 4857 824 4914 Audacis
841 4857 872 4913 in
890 4856 1096 4913 Coroliruhensi
1116 4856 1211 4911 codice
1230 4855 1379 4912 coniuncto
1398 4871 1468 4910 esse.

1238 4946 1293 5001 21*
