3316 5474
632 337 679 391 DE
700 335 988 391 ORTHOGRAPHIA
1399 338 1462 401 199
1496 292 1501 302 '

156 452 179 488 p.
193 438 252 479 2310.
267 441 292 479 11
307 439 332 478 Ρ.

157 526 264 605 sentis,
293 533 326 584 nt
354 523 464 584 dietum
494 532 552 605 est,
580 525 737 604 temporis,
765 541 893 601 quornm
921 525 1115 603 praeteritum
1143 525 1173 583 in
1202 522 1253 583 bui
1282 532 1332 584 ant
1361 526 1392 582 in
1416 526 1461 602 psi

157 631 282 711 syllabas
301 632 425 710 desinet,
441 631 563 691 eandem
581 630 599 690 b
619 640 729 690 mutam
749 632 778 690 in
797 629 934 691 omnibus
951 630 1135 710 temporibus
1151 630 1305 691 modorum
1320 633 1461 712 omnium,

157 738 336 818 ubicumque
361 737 513 819 inciderit,
536 754 654 797 serrare
678 736 856 798 desiderant.
877 736 882 812 Ι

410 929 480 1000 ‚IX
510 928 730 995 EVTYCHIS
758 929 818 994 DE
847 927 1173 994 ADSPIRATIONE

125 1078 140 1117 s
244 1060 427 1138 Quamquam
447 1059 517 1118 alias
541 1077 659 1138 quoque
679 1077 766 1118 rores
790 1058 824 1118 ad
849 1059 1078 1138 adspirationem
1102 1061 1285 1136 pertinentes
1306 1077 1364 1118 non
1388 1079 1458 1138 pau-

154 1186 217 1242 cas,
244 1186 319 1245 quae
344 1185 402 1227 non
427 1174 512 1227 erant
539 1166 575 1226 ab
604 1166 718 1226 idoneis
741 1164 914 1226 auctoribus
937 1166 1156 1246 frequentatae,
1188 1167 1285 1226 sciens
1308 1169 1459 1247 praeterii,

154 1292 191 1334 ne
215 1276 303 1334 nimia
328 1273 510 1353 longitndine
530 1272 686 1332 voluminis
705 1290 802 1333 essem
821 1272 979 1352 molestus,
1003 1280 1114 1353 tamen,
1137 1275 1275 1350 quoniam
1300 1272 1458 1352 plerosque

153 1381 314 1459 legentium
342 1381 408 1460 plus
432 1380 455 1461 †
478 1380 548 1440 licet
570 1380 681 1439 sterilis
710 1379 839 1440 brevitas
862 1398 951 1459 quam
975 1380 1055 1440 utilis
1079 1381 1360 1469 commentariorum
1390 1400 1457 1460 pro·

152 1485 264 1568 bilitas,
286 1489 370 1566 quasi
395 1506 448 1566 per
471 1489 629 1566 epitomam
653 1486 755 1547 eadem
780 1487 851 1546 mibi
880 1495 1016 1566 repetere
1044 1465 1155 1565 placuit
1178 1496 1208 1547 et
1231 1485 1369 1546 omnibns
1397 1496 1456 1548 tam

111 1611 138 1648 ιο
153 1604 285 1654 retetnm
320 1597 497 1654 testimoniis
529 1612 616 1673 quam
645 1595 768 1655 redditis
802 1595 912 1672 ubique
940 1593 1104 1654 rationibus
1133 1596 1349 1673 praetermissis
1378 1597 1456 1674 ipsas

153 1701 355 1762 tantummodo
379 1720 476 1762 meras
500 1720 605 1762 rursus
630 1721 778 1781 exponere
802 1701 933 1783 regulas,
963 1709 996 1761 nt
1023 1711 1091 1761 ante
1121 1700 1199 1761 dicta
1227 1700 1456 1762 studiosioribus

151 1816 182 1867 et
203 1811 369 1887 posteriora
391 1811 563 1869 satisfacere
587 1809 741 1869 videantur
764 1809 811 1868 bis
833 1811 885 1886 qni
908 1807 1040 1885 longiora
1063 1805 1225 1866 fastidiunt.

239 1915 343 1975 Omnis
372 1934 425 1974 ror
454 1933 558 1994 graeca
586 1915 630 1975 rel
660 1914 784 1975 barbara
812 1933 899 1975 sunm
928 1923 1026 1974 serrat
1053 1913 1130 1993 apud
1159 1912 1307 1972 Romanos
1337 1921 1395 1973 tam
1423 1916 1454 1974 in

151 2020 300 2081 vocalibus
323 2041 410 2100 qnam
436 2025 464 2081 in
489 2022 721 2083 consonantibus
744 2025 895 2103 spiritum,
919 2029 952 2081 nt
976 2020 1063 2099 llalys
1082 2018 1202 2080 lleouba
1227 2019 1319 2098 {legio
1343 2019 1453 2081 Hieron

110 2146 135 2184 rs
150 2124 296 2187 [lomerns
320 2127 440 2207 bymen,
465 2128 536 2187 bora
560 2128 632 2206 diei,
655 2127 782 2207 'lbybris
805 2127 943 2188 leebus
967 2127 1076 2187 eborus
1100 2126 1222 2186 lllrenns
1246 2124 1398 2187 Hannibal.

237 2233 348 2294 Omnes
377 2235 493 2295 articuli
516 2255 531 2294 a
556 2235 648 2295 vocali
677 2239 853 2315 insipientes
877 2254 944 2296 eum
969 2234 1167 2314 adspiratione
1191 2234 1394 2313 proferuntur,
1421 2243 1454 2294 ut

148 2339 195 2399 bie
219 2340 291 2400 baeu
314 2341 387 2415 boe,
410 2340 440 2401 bi
463 2342 518 2402 bae
541 2343 628 2422 baec,
651 2342 762 2421 absque
786 2342 917 2403 vocativo
940 2360 967 2401 o.
1007 2350 1037 2401 et
1059 2340 1207 2400 adverbiis
1230 2349 1328 2400 tauron
1356 2341 1453 2402 locali·

148 2444 203 2504 bns
222 2447 403 2529 adspiratur,
423 2457 456 2508 nt
479 2448 527 2508 bic
550 2447 608 2508 line
633 2447 701 2507 binc
723 2447 791 2521 bac,
815 2449 872 2507 nisi
891 2465 959 2507 cnm
978 2445 1204 2527 pronominibus
1224 2456 1453 2526 componuntur,

151 2575 236 2582 ..Q

236 2636 369 2692 bdesiuii
382 2638 431 2695 §A
486 2637 687 2693 lauricius
701 2636 759 2690 Au
770 2641 793 2689 et
807 2638 895 2690 deleta
910 2636 927 2689 S
942 2636 970 2690 B
985 2635 1120 2690 Euiieelis
1135 2636 1200 2690 Pur.
1256 2642 1347 2689 'iesse
1361 2635 1419 2688 AG

147 2717 280 2784 quoniam
294 2734 344 2770 οιιι.
359 2717 396 2782 B,
410 2718 505 2771 oddb
569 2723 585 2771 8
604 2716 667 2785 plus
686 2716 754 2770 licet
773 2716 876 2770 sterilis
895 2715 1018 2771 breuitas
1037 2734 1121 2785 quam
1141 2716 1219 2770 utilis
1237 2714 1451 2769 commentario-

146 2812 207 2848 rum
221 2794 345 2849 delectat
363 2795 510 2865 prolixitas
526 2796 624 2850 Carrio
687 2796 755 2850 licet
769 2795 870 2861 ABG,
889 2796 984 2864 placet
997 2798 1022 2864 b,
1040 2797 1112 2852 libet
1125 2799 1208 2852 codex
1222 2795 1371 2849 Bernenaia
1384 2799 1450 2850 243.

144 2875 260 2941 fortasse
273 2875 351 2928 iuvat
401 2876 497 2945 quam]
513 2893 567 2944 qne
581 2876 639 2930 AO
690 2876 804 2944 dquaai
817 2891 867 2945 per
879 2878 1024 2945 ythomam
1038 2877 1141 2931 ABG:
1157 2879 1317 2946 epytomam
1332 2875 1364 2928 in
1376 2890 1450 2928 mor-

143 2955 241 3023 pineb
295 2955 435 3026 omnibus]
457 2957 579 3010 omnium
600 2955 689 3011 ABG
748 2962 782 3009 10
801 2955 1004 3024 praetermissis
1024 2957 1131 3025 Carrio,
1150 2954 1309 3026 praemissis
1328 2953 1417 3008 ABG

146 3042 179 3088 14
198 3035 271 3089 halis
290 3035 380 3089 ABG
467 3036 556 3105 Hegio
574 3036 602 3089 B
622 3036 685 3091 heio
703 3034 763 3090 Ao
856 3041 887 3088 15
907 3036 1009 3105 hymen
1029 3037 1056 3090 A
1075 3036 1178 3090 humen
1196 3037 1223 3089 Β
1242 3035 1337 3089 himen
1357 3034 1381 3088 0

144 3115 213 3168 bora
231 3115 339 3169 dierum
359 3116 386 3168 A
458 3114 559 3169 thibris
577 3115 637 3168 AB
712 3115 815 3170 hrenus
834 3116 892 3172 Ao
969 3123 1001 3170 l'l
1020 3117 1137 3183 sortasse
1154 3116 1182 3169 in
1202 3114 1342 3170 adverbiis
1361 3114 1447 3170 eiiam

144 3193 287 3247 vocalibus
306 3193 464 3264 adspiratur
535 3194 672 3249 localibus
691 3196 741 3253 §A
760 3196 903 3252 uocalibus
921 3197 979 3251 Bu

595 3489 777 3544 MARTYRII
795 3489 844 3544 DE
864 3489 886 3542 B
905 3489 952 3544 ET
972 3490 996 3544 V

142 3655 241 3715 babilo
265 3655 390 3715 hiberno
410 3675 475 3715 arno
495 3658 587 3717 doceo
606 3676 639 3717 ao
660 3657 734 3717 talia.
770 3676 837 3717 nam
856 3676 931 3735 qnae
955 3657 1106 3718 babebunt
1124 3657 1142 3716 b
1163 3666 1274 3717 mutam
1299 3659 1327 3716 in
1351 3658 1445 3735 prima

143 3781 281 3843 persona,
309 3782 435 3841 qnmmn
465 3766 658 3842 praeteritum
686 3767 716 3825 in
745 3764 796 3824 bui
819 3773 871 3824 aut
893 3766 924 3824 in
947 3767 993 3843 psi
1017 3765 1141 3844 syllabas
1164 3764 1294 3846 desinet,
1322 3764 1445 3824 eandem

142 3867 160 3927 b
188 3877 299 3929 nirrtam
323 3873 353 3929 in
377 3873 456 3930 omni
481 3880 614 3948 tempore
638 3869 793 3931 modorum
818 3872 964 3950 omnium,
992 3870 1173 3952 ubicumque
1202 3872 1353 3948 inciderit,
1383 3891 1444 3932 ser·

142 3994 208 4035 aare
232 3975 409 4037 desiderant.

113 4135 126 4172 s
481 4116 733 4180 ADAMANTII
762 4116 860 4182 SIVE
888 4117 1107 4182 Materiali

139 4219 199 4284 DE
232 4221 259 4283 B
292 4221 416 4286 MVTA
448 4222 504 4287 ΕΤ
536 4222 567 4286 V
595 4223 753 4288 VOOALI
788 4224 1025 4290 TRADVO'PA
1057 4225 1105 4288 IN
1139 4222 1442 4288 uetnsnnanrls

183 4327 469 4394 PO'l‘ESTATEM
494 4329 626 4394 LIBER
650 4329 912 4395 SINGVLARIS
934 4330 1136 4397 EXPLICIT
1160 4328 1400 4394 subterrata.

223 4529 238 4576 2
259 4541 375 4591 quorum
395 4522 563 4591 liraeieritus
583 4523 611 4575 P
624 4540 742 4591 quarum
761 4522 927 4593 praeteritus
944 4524 977 4576 N
1046 4531 1062 4578 3
1081 4523 1110 4578 iu
1125 4522 1218 4578 omnia
1236 4526 1363 4593 tempora
1381 4524 1446 4578 NP

174 4608 190 4655 5
211 4602 374 4656 adamantis
393 4602 450 4655 siue
470 4602 586 4671 Martyri
600 4602 633 4655 N
707 4610 723 4657 6
740 4603 786 4656 DE
801 4603 824 4656 B
839 4603 1000 4658 LIT'l'EEA
1014 4605 1119 4660 MVTA
1133 4606 1161 4658 P
1230 4604 1259 4658 in
1274 4621 1347 4660 cons.
1361 4608 1440 4674 poie-

139 4683 239 4737 staiem
258 4682 285 4735 P
301 4683 330 4737 in
350 4700 423 4738 cons.
438 4687 548 4753 poteste
562 4683 595 4736 N
664 4688 679 4736 7
700 4682 890 4737 l'ELlClTER
908 4700 958 4737 om.
977 4683 1011 4737 N
