3316 5474
618 373 909 431 ouruocanrum
1347 375 1412 441 309

110 488 132 525 p.
146 479 206 518 2³44.
221 477 247 516 45
261 477 285 516 P.

111 562 182 622 dum
201 562 219 622 d
243 562 342 622 littera
365 562 539 639 geminatur,
564 562 680 639 quoties
699 559 735 619 ab
755 579 790 620 ea
808 579 937 639 sequens
955 563 1062 640 incipit
1082 561 1189 639 syllaba
1210 570 1240 622 et
1263 580 1320 622 una
1345 581 1413 640 pars

110 662 252 720 orationis
272 658 415 738 expletur,
440 665 472 717 ut
491 657 615 718 reddere
636 658 761 718 dicimus
779 660 925 737 geminata
944 659 977 739 d,
997 660 1140 719 reducere
1160 668 1258 720 autem
1278 660 1416 739 simplici.

110 777 143 818 re
167 759 346 837 praepositio
366 774 468 835 saepe,
492 774 560 816 cum
579 755 614 815 ad
634 763 833 816 consonantes
852 757 979 836 accedit,
1002 759 1132 836 geminat
1150 757 1227 837 ibas,
1250 757 1329 836 quod
1353 757 1413 836 ple·

110 873 237 934 rumque
255 853 334 934 apud
353 855 490 932 antiquos
514 860 573 932 est,
596 861 630 912 ut
648 853 720 913 cado
740 854 872 934 reccido,
894 853 949 913 tuli
972 855 1088 936 rettuli,
1111 855 1188 935 pello
1210 855 1351 936 reppello,
1375 856 1412 916 do

83 953 216 1027 areddo,
240 952 304 1031 lego
328 952 447 1031 rellego.
484 951 509 1010 li
533 959 676 1030 sequente
699 951 780 1011 avel
803 970 823 1011 u
847 951 961 1012 vocales
985 971 1044 1013 non
1068 956 1245 1033 aspirantur,
1270 965 1302 1014 ut
1326 973 1413 1014 arcus

110 1052 206 1110 urtica
229 1068 317 1130 urna,
348 1052 456 1110 notatis
484 1048 554 1108 hara
582 1047 691 1110 harena
719 1049 862 1110 harundo.
915 1068 930 1109 r
958 1059 1102 1129 sequente
1130 1069 1146 1110 e
1176 1050 1282 1111 vocalis
1310 1051 1414 1112 leviter

110 1148 241 1221 eiiertur,
266 1156 298 1207 ut
322 1165 392 1207 erus
415 1149 484 1226 erit;
512 1149 536 1206 si
560 1155 661 1226 postr
684 1156 826 1226 sequatur
850 1147 868 1207 b
891 1149 938 1208 vel
961 1168 980 1209 n
1005 1148 1050 1208 vel
1073 1168 1087 1208 s
1111 1148 1157 1208 vel
1180 1168 1196 1209 e
1220 1148 1319 1229 longa,
1342 1158 1414 1210 tunc

21 1294 24 1300 .
109 1247 238 1323 graviter
260 1247 423 1325 profertur,
446 1254 479 1305 ut
502 1243 593 1303 herba
617 1243 759 1306 herbidus
781 1244 903 1305 herbilis
927 1244 1087 1326 herbosus,
1111 1248 1265 1326 proprium
1288 1236 1413 1327 uernae,

110 1342 188 1403 unde
213 1354 259 1403 est
281 1336 391 1425 (Vero.
412 1345 484 1403 Aen.
506 1343 568 1401 VH
585 1336 666 1425 684)
691 1339 861 1403 ‘Hernica
885 1361 966 1402 saxa
990 1339 1140 1424 colunt',
1164 1343 1303 1424 Hersilia,
1326 1343 1414 1404 heres

70 1455 96 1493 10
110 1439 281 1522 heredium,
308 1441 478 1502 Herennius
506 1443 661 1520 proprium
685 1448 715 1500 et
737 1440 889 1501 Hercules
932 1461 946 1501 r
969 1451 1113 1520 sequente
1136 1444 1147 1501 i
1175 1441 1268 1503 vocali
1296 1460 1414 1521 semper

110 1542 266 1619 aspiratur,
286 1547 318 1601 ut
341 1539 443 1600 hircus
465 1538 654 1617 hirquitallus
673 1538 816 1618 Hirpinus
839 1538 973 1600 hirsutus
996 1538 1093 1599 hirtus
1118 1539 1282 1600 Hirtuleius
1306 1540 1414 1600 Hirrus

109 1639 277 1717 proprium3
307 1639 363 1697 nisi
386 1647 437 1698 aut
460 1635 692 1714 monosyllabum
715 1640 768 1718 sit,
792 1644 825 1697 ut
847 1639 882 1716 ir,
905 1647 956 1697 aut
980 1657 1014 1697 ex
1040 1647 1121 1698 motu
1145 1637 1242 1719 verbi,
1265 1646 1299 1698 ut
1330 1656 1364 1697 eo
1388 1638 1413 1696 is

111 1738 186 1794 irem
210 1738 286 1816 ires,
310 1735 365 1795 lris
389 1735 417 1794 id
442 1744 488 1794 est
511 1752 612 1815 arcuo,
638 1744 689 1795 aut
711 1736 769 1795 nisi
792 1753 807 1795 a
830 1742 899 1815 post
918 1730 922 1815 l
944 1753 959 1794 r
978 1744 1133 1814 sequatur:
1157 1745 1228 1797 tuuc
1252 1737 1331 1796 euim
1355 1753 1413 1794 non

110 1835 266 1913 aspiratur,
291 1841 323 1893 ut
341 1835 385 1893 ira
403 1835 497 1892 iratus
516 1832 678 1893 iracundus
696 1835 809 1894 irascor
827 1842 858 1895 et
876 1832 1018 1913 quicquid
1038 1833 1073 1893 ab
1093 1835 1136 1893 eis
1155 1835 1197 1895 fit.
1234 1852 1249 1893 r
1269 1841 1413 1912 sequente

70 1941 129 1991 ¹⁵0
150 1932 242 1991 vocali
260 1950 320 1991 non
339 1933 496 2011 aspiratur,
515 1940 552 1991 ut
566 1930 673 2011 orbus;
692 1933 717 1992 si
737 1949 807 1991 vero
826 1922 880 1992 alia
900 1950 916 1991 r
935 1939 1077 2010 sequatur
1096 1940 1148 1992 aut
1166 1940 1190 2012 t,
1214 1942 1285 1993 tunc
1304 1933 1413 2010 aspira·

109 2038 168 2103 tur,
198 2037 233 2089 ut
261 2029 368 2089 horreo
398 2026 550 2105 [horreor]
580 2027 701 2109 horror,
729 2029 885 2109 borreum,
912 2028 1017 2089 hortus
1045 2029 1193 2110 holerum,
1226 2029 1413 2090 Hortentius:

110 2135 230 2187 notatur
258 2126 412 2187 hordeum.
458 2127 501 2186 lle
530 2128 710 2206 praepositio
733 2126 751 2186 d
775 2127 904 2188 litteram
929 2129 1115 2188 extrinsecus
1138 2131 1257 2207 accipit,
1286 2127 1413 2187 eumad

112 2224 240 2284 vocalem
267 2227 458 2304 incipientem
482 2225 564 2286 verbi
593 2225 718 2286 alicuius
741 2223 868 2304 aceedit,
896 2244 984 2304 quam
1008 2225 1026 2284 d
1050 2244 1109 2286 non
1134 2228 1254 2307 accipit,
1281 2229 1306 2286 si
1329 2224 1366 2286 ad
1394 2244 1413 2285 u

109 2333 321 2383 consonantem
352 2323 485 2404 accedat,
516 2331 550 2383 ut
581 2322 681 2383 ulcero
711 2322 882 2405 redulcero,
912 2342 965 2402 ago
996 2323 1115 2406 redigo,
1145 2344 1179 2385 eo
1208 2325 1312 2406 redeo,
1341 2344 1413 2386 voco

72 2429 100 2468 2⁰
114 2439 234 2500 revoco,
258 2423 343 2480 vinco
367 2423 495 2482 revinco.

201 2518 250 2578 Sol
282 2520 312 2578 iu
337 2527 464 2597 utroque
488 2538 613 2579 numero
636 2520 810 2584 declinatur.
847 2519 899 2581 sed
924 2520 1113 2601 singulariter
1136 2522 1180 2582 sol
1208 2524 1305 2602 ipsum
1328 2521 1413 2582 lumi·

110 2634 180 2677 nare
219 2617 381 2696 significat;
419 2624 448 2676 at
481 2616 559 2677 soles
591 2620 672 2698 ipsos
704 2618 768 2679 dies
800 2621 1002 2697 nominamus,
1034 2621 1064 2679 in
1099 2618 1206 2698 quibus
1239 2619 1282 2680 sol
1318 2628 1413 2681 totum

110 2714 265 2775 inluminat
283 2714 393 2793 polum.
435 2732 494 2773 uon
520 2714 593 2774 nulli
617 2723 716 2776 tamen
735 2724 869 2778 veterum
888 2718 951 2795 ipsa
970 2719 1099 2777 carmina
1119 2717 1196 2777 soles
1216 2720 1416 2799 nominavere,

110 2814 189 2872 sicut
208 2811 349 2873 Horatius
367 2829 493 2872 exorsus
516 2823 562 2872 est
585 2808 697 2873 ‘soles
721 2831 816 2874 meos
839 2817 933 2874 omni
956 2813 1134 2875 ecelesiae
1159 2824 1300 2877 vestrae
1320 2833 1415 2876 com·

68 2905 253 2971 ²⁵mendo'
273 2919 304 2971 et
321 2910 402 2970 lilaro
422 2905 533 2994 (bucol.
549 2909 650 2996 9,51)
674 2909 795 2992 ‘saepe
820 2929 882 2989 ego
906 2911 1032 2990 longos
1056 2911 1240 2975 Cantando
1264 2930 1414 2994 puerum

109 3010 251 3068 memini
276 3026 326 3069 me
350 3009 508 3070 condere
533 3006 655 3072 soles'.
693 3010 803 3072 Similis
822 3028 888 3071 sum
907 3013 951 3070 tui
969 3009 1116 3092 moribus,
1136 3011 1239 3071 similis
1258 3011 1312 3072 tibi
1332 3013 1414 3071 lacie.

110 3105 214 3165 Studio
234 3107 278 3166 tui
302 3107 371 3186 ieci,
395 3106 423 3166 id
444 3117 490 3167 est
508 3107 579 3168 dum
598 3099 704 3170 studeo
724 3108 793 3189 ttbi;
816 3109 916 3170 studio
936 3117 986 3170 tuo
1007 3109 1078 3188 ieci,
1100 3109 1129 3169 id
1149 3118 1197 3170 est
1217 3119 1246 3169 te
1267 3111 1413 3172 studente.

110 3203 223 3262 Sartrix
248 3203 292 3264 vel
316 3208 424 3265 sertrix
449 3224 524 3284 quae
543 3210 646 3286 sarcit,
669 3209 837 3268 sarcinator
860 3209 911 3286 qui
935 3207 1066 3266 sarcinas
1086 3216 1190 3268 servat.
1230 3207 1353 3268 Salubre
1377 3207 1413 3267 ad

109 3300 206 3361 locum
226 3303 356 3362 reiertur
375 3310 406 3362 et
426 3302 461 3362 ad
486 3303 597 3384 cibum,
624 3303 750 3364 salutare
771 3303 928 3364 consilium
948 3311 1002 3364 est.
1039 3306 1079 3364 ita
1099 3304 1217 3365 salubre
1237 3324 1296 3365 non
1317 3313 1414 3380 nocet,

68 3411 95 3450 ³⁰
110 3399 238 3459 salutare
267 3400 396 3483 prodest.
444 3401 602 3481 Suppellex
630 3419 685 3481 per
712 3401 771 3461 duo
799 3421 818 3481 p
847 3410 877 3462 et
904 3421 958 3481 per
986 3400 1045 3461 duo
1072 3403 1082 3463 l
1110 3402 1258 3464 scribitur.
1310 3402 1414 3465 Sanies

109 3495 243 3555 socordia
266 3499 330 3556 sitis
353 3507 384 3558 et
413 3500 443 3558 in
467 3508 574 3573 neutro
599 3499 695 3560 sullur
718 3499 893 3579 scrupulum
917 3502 1018 3578 sinape
1044 3500 1114 3562 siler
1138 3502 1327 3580 singulariter
1350 3511 1413 3562 tau·

110 3601 172 3653 tum
196 3594 349 3673 dicuntur;
373 3594 425 3654 sed
446 3594 592 3675 Vergilius
611 3591 730 3680 (georg.
746 3591 895 3681 111449)
916 3594 1072 3659 ‘sulfura
1093 3595 1185 3660 viva'
1205 3609 1236 3661 et
1253 3600 1413 3662 Terentius

108 3684 219 3773 (Andr.
251 3692 277 3749 V
296 3693 327 3765 4,
350 3686 411 3775 37)
436 3694 596 3755 masculine
620 3695 780 3775 scrupulus
803 3696 919 3757 retulit.
964 3696 1037 3756 Sors
1061 3699 1151 3758 sortis
1174 3706 1205 3758 et
1227 3717 1293 3759 sors
1315 3700 1414 3761 sordis

109 3789 230 3849 dicitur:
254 3788 427 3850 ambrosius
446 3785 610 3853 ‘mundet
629 3812 724 3874 vasa,
746 3813 787 3855 ne
807 3813 886 3854 sors
905 3794 1025 3874 aliqua
1044 3798 1117 3856 viui
1135 3799 1287 3875 gratiam
1306 3797 1413 3858 deeo-

70 3880 228 3967 oaloret',
257 3890 372 3948 tametsi
405 3896 514 3966 negant
547 3890 665 3969 quidam
694 3891 813 3952 sordem
841 3895 1052 3954 nominativum
1080 3895 1261 3975 singularem
1294 3895 1413 3958 habere.

195 4131 212 4177 4
230 4124 327 4178 rettuli
346 4155 379 4163 —
398 4125 522 4194 reppello
542 4155 575 4164 -—
594 4127 700 4197 rellego
714 4129 782 4198 pM
802 4129 940 4184 retuli-
966 4130 1071 4200 repello
1090 4161 1125 4170 —
1144 4130 1237 4199 relego
1260 4128 1283 4183 S
1354 4135 1370 4182 5
1389 4129 1414 4182 R

108 4203 288 4272 sequentibus
307 4221 342 4257 au
362 4203 506 4258 uoealibus
529 4222 584 4260 non
601 4206 761 4275 aspirantur
781 4239 814 4248 -
838 4209 1000 4264 euoeslem
1023 4209 1124 4264 leuiter
1147 4209 1260 4262 effertur
1282 4212 1315 4263 ut
1332 4226 1414 4263 emus

108 4299 204 4337 omum
222 4300 307 4353 ergon
326 4283 350 4336 si
368 4286 431 4352 post
449 4303 462 4337 r
481 4284 518 4338 Μ
585 4285 631 4339 vel
650 4303 700 4341 om.
716 4287 746 4354 S,
765 4289 829 4345 aad.
844 4307 867 4358 p
940 4297 956 4343 6
974 4306 989 4344 e
1008 4290 1108 4344 uocale
1129 4288 1230 4342 leuiter
1248 4288 1363 4342 effertur
1381 4291 1414 4341 ut

108 4361 131 4414 si
149 4366 214 4431 post
227 4382 241 4417 r
255 4363 277 4417 S
290 4381 305 4417 e
319 4364 447 4418 uocalem
461 4364 563 4419 leuiter
576 4365 729 4420 efferuntur
742 4370 775 4421 ut
792 4369 875 4423 horus
890 4369 944 4423 erit
962 4369 987 4423 si
1005 4371 1069 4438 posi
1087 4388 1101 4422 r
1115 4386 1137 4437 p
1204 4374 1236 4420 10
1255 4367 1411 4439 heredium]

106 4443 240 4497 heredum
259 4443 296 4496 M
373 4444 563 4514 Herenniusp
585 4445 716 4500 herenius
735 4447 800 4500 SM
877 4454 908 4502 11
928 4446 1065 4503 hirtuleus
1086 4448 1123 4501 Μ
1208 4453 1239 4501 12
1261 4464 1294 4501 ex
1313 4464 1363 4503 ovo.
1383 4448 1413 4517 S,

107 4523 253 4590 oddpM
324 4531 356 4577 13
376 4528 426 4578 out
444 4524 614 4594 nisiapM
631 4527 681 4580 aui
699 4525 799 4582 siaS
871 4535 904 4583 16
923 4527 1229 4583 horreorethorreum
1248 4529 1356 4584 oan.M

107 4601 204 4655 hortus
224 4603 424 4674 Hortensiusp
495 4612 528 4659 23
548 4606 655 4678 polum]
674 4608 810 4677 populum
830 4609 867 4662 M
928 4615 963 4662 24
982 4607 1128 4663 oratiusS
1189 4614 1225 4664 26
1242 4626 1288 4664 me
1306 4625 1357 4666 can.
1378 4611 1415 4665 M

160 4690 193 4737 27
213 4685 306 4739 studio
323 4685 366 4739 tui
384 4686 438 4740 leci
454 4703 475 4755 p
493 4687 585 4742 studio
602 4687 657 4742 tibi
674 4687 729 4743 feei
748 4689 785 4742 M
800 4689 897 4745 studeo
917 4689 971 4745 tibi
988 4688 1043 4743 feci
1060 4687 1083 4743 S
1169 4689 1261 4743 studio
1280 4692 1329 4744 tuo
1350 4690 1417 4759 ΡΜ

107 4763 206 4816 studeo
226 4766 274 4818 tuo
293 4765 315 4817 S
383 4772 416 4820 28
436 4767 520 4837 quae]
544 4767 592 4836 qui
612 4767 668 4836 M.
717 4775 751 4824 30
771 4769 869 4825 Sanies
888 4802 921 4810 -
940 4776 974 4823 33
993 4768 1139 4838 scrupulus
1159 4768 1257 4824 retulit
1273 4785 1323 4825 oon.
1344 4769 1381 4822 M

107 4850 140 4895 31
161 4843 257 4912 sitisp
280 4846 389 4901 satisS
456 4848 553 4918 sinape
572 4849 594 4906 S
612 4849 741 4920 sinapip
813 4856 848 4905 34
866 4866 925 4906 sors
944 4849 1040 4919 aliqua
1058 4850 1124 4905 SM
1138 4850 1228 4906 sordis
1246 4849 1378 4922 sliquap
