<?xml version="1.0" encoding="UTF-8"?>
<!DOCTYPE html PUBLIC "-//W3C//DTD XHTML 1.0 Transitional//EN"
    "http://www.w3.org/TR/xhtml1/DTD/xhtml1-transitional.dtd">
<html xmlns="http://www.w3.org/1999/xhtml" xml:lang="en" lang="en">
 <head>
  <title>
</title>
<meta http-equiv="Content-Type" content="text/html;charset=utf-8" />
  <meta name='ocr-system' content='tesseract 3.04.00' />
  <meta name='ocr-capabilities' content='ocr_page ocr_carea ocr_par ocr_line ocrx_word'/>
</head>
<body>
  <div class='ocr_page' id='page_1' title='image "./grammaticilatin00keilgoog/grammaticilatin00keilgoog_0149.png"; bbox 0 0 3316 5474; ppageno 0'>
   <div class='ocr_carea' id='block_1_1' title="bbox 239 365 1005 430">
    <p class='ocr_par' dir='ltr' id='par_1_1' title="bbox 239 365 1005 430">
     <span class='ocr_line' id='line_1_1' title="bbox 239 365 1005 430; baseline -0.008 -4"><span class='ocrx_word' id='word_1_1' title='bbox 239 366 302 430; x_wconf 87' lang='grc'>130</span> <span class='ocrx_word' id='word_1_2' title='bbox 776 365 1005 424; x_wconf 78' lang='lat' dir='ltr'>cassionouu</span> 
     </span>
    </p>
   </div>
   <div class='ocr_carea' id='block_1_2' title="bbox 145 550 1534 636">
    <p class='ocr_par' dir='ltr' id='par_1_2' title="bbox 145 550 1534 636">
     <span class='ocr_line' id='line_1_2' title="bbox 145 550 1534 636; baseline 0.005 -26"><span class='ocrx_word' id='word_1_3' title='bbox 145 587 149 595; x_wconf 94' lang='lat'>·</span> <span class='ocrx_word' id='word_1_4' title='bbox 235 550 393 630; x_wconf 77' lang='lat' dir='ltr'>archetypo</span> <span class='ocrx_word' id='word_1_5' title='bbox 422 550 527 611; x_wconf 79' lang='lat' dir='ltr'>‹liictos</span> <span class='ocrx_word' id='word_1_6' title='bbox 555 571 621 612; x_wconf 88' lang='lat' dir='ltr'>esse</span> <span class='ocrx_word' id='word_1_7' title='bbox 649 561 803 634; x_wconf 76' lang='lat' dir='ltr'>appareat,</span> <span class='ocrx_word' id='word_1_8' title='bbox 834 553 980 613; x_wconf 82' lang='lat' dir='ltr'>diversam</span> <span class='ocrx_word' id='word_1_9' title='bbox 1008 553 1044 612; x_wconf 89' lang='lat' dir='ltr'>ah</span> <span class='ocrx_word' id='word_1_10' title='bbox 1075 553 1131 614; x_wconf 92' lang='lat' dir='ltr'>illis</span> <span class='ocrx_word' id='word_1_11' title='bbox 1159 557 1336 634; x_wconf 73' lang='lat' dir='ltr'>scripturam</span> <span class='ocrx_word' id='word_1_12' title='bbox 1365 558 1534 636; x_wconf 77' lang='lat' dir='ltr'>saepissime</span> 
     </span>
    </p>
   </div>
   <div class='ocr_carea' id='block_1_3' title="bbox 222 657 1535 4897">
    <p class='ocr_par' dir='ltr' id='par_1_3' title="bbox 224 657 1535 3938">
     <span class='ocr_line' id='line_1_3' title="bbox 234 657 1535 741; baseline 0.005 -24"><span class='ocrx_word' id='word_1_13' title='bbox 234 657 385 737; x_wconf 78' lang='lat' dir='ltr'>praebent.</span> <span class='ocrx_word' id='word_1_14' title='bbox 422 662 520 740; x_wconf 90' lang='lat' dir='ltr'>itaquo</span> <span class='ocrx_word' id='word_1_15' title='bbox 545 679 612 720; x_wconf 91' lang='lat' dir='ltr'>cum</span> <span class='ocrx_word' id='word_1_16' title='bbox 636 660 694 720; x_wconf 90' lang='lat' dir='ltr'>duo</span> <span class='ocrx_word' id='word_1_17' title='bbox 719 663 777 720; x_wconf 90' lang='lat' dir='ltr'>sint</span> <span class='ocrx_word' id='word_1_18' title='bbox 805 679 913 738; x_wconf 85' lang='lat' dir='ltr'>genera</span> <span class='ocrx_word' id='word_1_19' title='bbox 937 660 1086 741; x_wconf 90' lang='lat' dir='ltr'>codicum,</span> <span class='ocrx_word' id='word_1_20' title='bbox 1115 680 1242 739; x_wconf 89' lang='lat' dir='ltr'>quorum</span> <span class='ocrx_word' id='word_1_21' title='bbox 1266 661 1390 722; x_wconf 89' lang='lat' dir='ltr'>alterum</span> <span class='ocrx_word' id='word_1_22' title='bbox 1419 662 1535 723; x_wconf 86' lang='lat' dir='ltr'>duobus</span> 
     </span>
     <span class='ocr_line' id='line_1_4' title="bbox 233 764 1534 849; baseline 0.002 -25"><span class='ocrx_word' id='word_1_23' title='bbox 233 764 434 827; x_wconf 88' lang='lat' dir='ltr'>Berneusibus</span> <span class='ocrx_word' id='word_1_24' title='bbox 454 776 483 826; x_wconf 86' lang='lat' dir='ltr'>et</span> <span class='ocrx_word' id='word_1_25' title='bbox 501 767 648 849; x_wconf 81' lang='lat' dir='ltr'>Parisino,</span> <span class='ocrx_word' id='word_1_26' title='bbox 668 767 793 828; x_wconf 89' lang='lat' dir='ltr'>alterum</span> <span class='ocrx_word' id='word_1_27' title='bbox 814 766 996 828; x_wconf 86' lang='lat' dir='ltr'>Bruxellensi</span> <span class='ocrx_word' id='word_1_28' title='bbox 1017 776 1046 827; x_wconf 92' lang='lat' dir='ltr'>et</span> <span class='ocrx_word' id='word_1_29' title='bbox 1065 766 1234 828; x_wconf 77' lang='lat' dir='ltr'>Coloniensi</span> <span class='ocrx_word' id='word_1_30' title='bbox 1254 771 1432 848; x_wconf 88' lang='lat' dir='ltr'>continetur,</span> <span class='ocrx_word' id='word_1_31' title='bbox 1452 771 1534 848; x_wconf 90' lang='lat' dir='ltr'>prius</span> 
     </span>
     <span class='ocr_line' id='line_1_5' title="bbox 232 870 1533 955; baseline 0.002 -25"><span class='ocrx_word' id='word_1_32' title='bbox 232 871 304 931; x_wconf 91' lang='lat' dir='ltr'>illud</span> <span class='ocrx_word' id='word_1_33' title='bbox 327 892 421 952; x_wconf 90' lang='lat' dir='ltr'>genus</span> <span class='ocrx_word' id='word_1_34' title='bbox 445 892 504 934; x_wconf 91' lang='lat' dir='ltr'>uuo</span> <span class='ocrx_word' id='word_1_35' title='bbox 528 873 671 933; x_wconf 86' lang='lat' dir='ltr'>Berneusi</span> <span class='ocrx_word' id='word_1_36' title='bbox 696 870 761 934; x_wconf 82' lang='lat'>330</span> <span class='ocrx_word' id='word_1_37' title='bbox 785 877 825 934; x_wconf 87' lang='lat' dir='ltr'>ita</span> <span class='ocrx_word' id='word_1_38' title='bbox 849 880 1103 955; x_wconf 88' lang='lat' dir='ltr'>repraesentatur,</span> <span class='ocrx_word' id='word_1_39' title='bbox 1132 883 1165 934; x_wconf 88' lang='lat' dir='ltr'>ut</span> <span class='ocrx_word' id='word_1_40' title='bbox 1189 874 1261 934; x_wconf 92' lang='lat' dir='ltr'>nihil</span> <span class='ocrx_word' id='word_1_41' title='bbox 1285 875 1363 954; x_wconf 89' lang='lat' dir='ltr'>quod</span> <span class='ocrx_word' id='word_1_42' title='bbox 1392 877 1533 954; x_wconf 85' lang='lat' dir='ltr'>gravioris</span> 
     </span>
     <span class='ocr_line' id='line_1_6' title="bbox 232 979 1533 1062; baseline 0.002 -25"><span class='ocrx_word' id='word_1_43' title='bbox 232 982 374 1040; x_wconf 83' lang='lat' dir='ltr'>momenti</span> <span class='ocrx_word' id='word_1_44' title='bbox 401 983 440 1041; x_wconf 93' lang='lat' dir='ltr'>sit</span> <span class='ocrx_word' id='word_1_45' title='bbox 468 1000 503 1040; x_wconf 88' lang='lat' dir='ltr'>ex</span> <span class='ocrx_word' id='word_1_46' title='bbox 532 980 654 1059; x_wconf 90' lang='lat' dir='ltr'>reliquis</span> <span class='ocrx_word' id='word_1_47' title='bbox 683 980 798 1041; x_wconf 93' lang='lat' dir='ltr'>duobus</span> <span class='ocrx_word' id='word_1_48' title='bbox 827 980 959 1041; x_wconf 87' lang='lat' dir='ltr'>eiusdem</span> <span class='ocrx_word' id='word_1_49' title='bbox 984 982 1085 1059; x_wconf 87' lang='lat' dir='ltr'>stirpis</span> <span class='ocrx_word' id='word_1_50' title='bbox 1112 979 1196 1040; x_wconf 91' lang='lat' dir='ltr'>libris</span> <span class='ocrx_word' id='word_1_51' title='bbox 1219 982 1354 1062; x_wconf 89' lang='lat' dir='ltr'>accedat,</span> <span class='ocrx_word' id='word_1_52' title='bbox 1383 984 1411 1042; x_wconf 94' lang='lat' dir='ltr'>iu</span> <span class='ocrx_word' id='word_1_53' title='bbox 1441 981 1533 1041; x_wconf 91' lang='lat' dir='ltr'>altero</span> 
     </span>
     <span class='ocr_line' id='line_1_7' title="bbox 231 1086 1533 1166; baseline 0.002 -21"><span class='ocrx_word' id='word_1_54' title='bbox 231 1104 340 1165; x_wconf 82' lang='lat' dir='ltr'>genere</span> <span class='ocrx_word' id='word_1_55' title='bbox 369 1104 467 1166; x_wconf 90' lang='lat' dir='ltr'>neque</span> <span class='ocrx_word' id='word_1_56' title='bbox 494 1086 695 1148; x_wconf 90' lang='lat' dir='ltr'>Bruxeliensis</span> <span class='ocrx_word' id='word_1_57' title='bbox 724 1105 820 1165; x_wconf 90' lang='lat' dir='ltr'>neque</span> <span class='ocrx_word' id='word_1_58' title='bbox 851 1086 1036 1146; x_wconf 83' lang='lat' dir='ltr'>Coloniensis</span> <span class='ocrx_word' id='word_1_59' title='bbox 1063 1104 1117 1164; x_wconf 87' lang='lat' dir='ltr'>per</span> <span class='ocrx_word' id='word_1_60' title='bbox 1145 1104 1176 1146; x_wconf 92' lang='lat' dir='ltr'>se</span> <span class='ocrx_word' id='word_1_61' title='bbox 1206 1090 1277 1147; x_wconf 89' lang='lat' dir='ltr'>satis</span> <span class='ocrx_word' id='word_1_62' title='bbox 1306 1098 1416 1149; x_wconf 89' lang='lat' dir='ltr'>certam</span> <span class='ocrx_word' id='word_1_63' title='bbox 1445 1089 1533 1148; x_wconf 83' lang='lat' dir='ltr'>fidem</span> 
     </span>
     <span class='ocr_line' id='line_1_8' title="bbox 231 1191 1533 1275; baseline 0.002 -23"><span class='ocrx_word' id='word_1_64' title='bbox 231 1191 327 1254; x_wconf 87' lang='lat' dir='ltr'>hahet.</span> <span class='ocrx_word' id='word_1_65' title='bbox 363 1211 455 1273; x_wconf 86' lang='lat' dir='ltr'>quare</span> <span class='ocrx_word' id='word_1_66' title='bbox 484 1202 546 1253; x_wconf 90' lang='lat' dir='ltr'>tres</span> <span class='ocrx_word' id='word_1_67' title='bbox 574 1192 664 1252; x_wconf 84' lang='lat' dir='ltr'>lituos</span> <span class='ocrx_word' id='word_1_68' title='bbox 689 1212 763 1271; x_wconf 84' lang='lat' dir='ltr'>qixos</span> <span class='ocrx_word' id='word_1_69' title='bbox 786 1193 873 1253; x_wconf 89' lang='lat' dir='ltr'>modo</span> <span class='ocrx_word' id='word_1_70' title='bbox 897 1193 958 1254; x_wconf 85' lang='lat' dir='ltr'>dixi</span> <span class='ocrx_word' id='word_1_71' title='bbox 985 1192 1020 1252; x_wconf 87' lang='lat' dir='ltr'>ad</span> <span class='ocrx_word' id='word_1_72' title='bbox 1050 1210 1153 1252; x_wconf 87' lang='lat' dir='ltr'>noram</span> <span class='ocrx_word' id='word_1_73' title='bbox 1177 1192 1337 1254; x_wconf 88' lang='lat' dir='ltr'>editionem</span> <span class='ocrx_word' id='word_1_74' title='bbox 1361 1194 1494 1275; x_wconf 84' lang='lat' dir='ltr'>adhilmi,</span> <span class='ocrx_word' id='word_1_75' title='bbox 1518 1216 1533 1254; x_wconf 91' lang='lat' dir='ltr'>e</span> 
     </span>
     <span class='ocr_line' id='line_1_9' title="bbox 230 1293 1532 1381; baseline 0.002 -22"><span class='ocrx_word' id='word_1_76' title='bbox 230 1298 338 1377; x_wconf 91' lang='lat' dir='ltr'>quibus</span> <span class='ocrx_word' id='word_1_77' title='bbox 358 1299 501 1361; x_wconf 86' lang='lat' dir='ltr'>Berneusi</span> <span class='ocrx_word' id='word_1_78' title='bbox 520 1293 576 1381; x_wconf 84' lang='lat' dir='ltr'>(B)</span> <span class='ocrx_word' id='word_1_79' title='bbox 596 1307 626 1357; x_wconf 90' lang='lat' dir='ltr'>et</span> <span class='ocrx_word' id='word_1_80' title='bbox 649 1307 771 1377; x_wconf 89' lang='lat' dir='ltr'>propter</span> <span class='ocrx_word' id='word_1_81' title='bbox 794 1298 954 1359; x_wconf 88' lang='lat' dir='ltr'>honitatem</span> <span class='ocrx_word' id='word_1_82' title='bbox 975 1301 1139 1378; x_wconf 84' lang='lat' dir='ltr'>scripturae</span> <span class='ocrx_word' id='word_1_83' title='bbox 1159 1307 1188 1358; x_wconf 91' lang='lat' dir='ltr'>et</span> <span class='ocrx_word' id='word_1_84' title='bbox 1211 1310 1334 1380; x_wconf 91' lang='lat' dir='ltr'>propter</span> <span class='ocrx_word' id='word_1_85' title='bbox 1353 1301 1532 1380; x_wconf 82' lang='lat' dir='ltr'>diligentiam</span> 
     </span>
     <span class='ocr_line' id='line_1_10' title="bbox 228 1406 1532 1489; baseline 0.002 -24"><span class='ocrx_word' id='word_1_86' title='bbox 228 1406 355 1489; x_wconf 89' lang='lat' dir='ltr'>librarii,</span> <span class='ocrx_word' id='word_1_87' title='bbox 379 1410 431 1487; x_wconf 90' lang='lat' dir='ltr'>qui</span> <span class='ocrx_word' id='word_1_88' title='bbox 450 1425 517 1467; x_wconf 91' lang='lat' dir='ltr'>eum</span> <span class='ocrx_word' id='word_1_89' title='bbox 537 1409 670 1486; x_wconf 84' lang='lat' dir='ltr'>scripsit,</span> <span class='ocrx_word' id='word_1_90' title='bbox 690 1408 878 1485; x_wconf 90' lang='lat' dir='ltr'>praecipuam</span> <span class='ocrx_word' id='word_1_91' title='bbox 896 1406 1102 1465; x_wconf 89' lang='lat' dir='ltr'>auctoritatem</span> <span class='ocrx_word' id='word_1_92' title='bbox 1121 1406 1157 1465; x_wconf 94' lang='lat' dir='ltr'>ad</span> <span class='ocrx_word' id='word_1_93' title='bbox 1177 1408 1412 1468; x_wconf 85' lang='lat' dir='ltr'>constituendam</span> <span class='ocrx_word' id='word_1_94' title='bbox 1433 1408 1532 1468; x_wconf 92' lang='lat' dir='ltr'>lectio-</span> 
     </span>
     <span class='ocr_line' id='line_1_11' title="bbox 231 1512 1532 1593; baseline 0.001 -19"><span class='ocrx_word' id='word_1_95' title='bbox 231 1533 297 1575; x_wconf 88' lang='lat' dir='ltr'>nem</span> <span class='ocrx_word' id='word_1_96' title='bbox 322 1514 420 1575; x_wconf 89' lang='lat' dir='ltr'>tribui.</span> <span class='ocrx_word' id='word_1_97' title='bbox 458 1522 488 1575; x_wconf 91' lang='lat' dir='ltr'>et</span> <span class='ocrx_word' id='word_1_98' title='bbox 515 1516 583 1593; x_wconf 89' lang='lat' dir='ltr'>quia</span> <span class='ocrx_word' id='word_1_99' title='bbox 606 1516 636 1573; x_wconf 92' lang='lat' dir='ltr'>iu</span> <span class='ocrx_word' id='word_1_100' title='bbox 661 1531 696 1572; x_wconf 92' lang='lat' dir='ltr'>eo</span> <span class='ocrx_word' id='word_1_101' title='bbox 724 1515 818 1592; x_wconf 89' lang='lat' dir='ltr'>prima</span> <span class='ocrx_word' id='word_1_102' title='bbox 841 1514 989 1591; x_wconf 91' lang='lat' dir='ltr'>scriptura</span> <span class='ocrx_word' id='word_1_103' title='bbox 1014 1512 1164 1572; x_wconf 89' lang='lat' dir='ltr'>interdum</span> <span class='ocrx_word' id='word_1_104' title='bbox 1188 1531 1203 1572; x_wconf 86' lang='lat' dir='ltr'>a</span> <span class='ocrx_word' id='word_1_105' title='bbox 1227 1524 1397 1575; x_wconf 89' lang='lat' dir='ltr'>correctore</span> <span class='ocrx_word' id='word_1_106' title='bbox 1421 1525 1532 1577; x_wconf 89' lang='lat' dir='ltr'>mutata</span> 
     </span>
     <span class='ocr_line' id='line_1_12' title="bbox 230 1617 1531 1703; baseline 0.001 -22"><span class='ocrx_word' id='word_1_107' title='bbox 230 1630 276 1681; x_wconf 91' lang='lat' dir='ltr'>est</span> <span class='ocrx_word' id='word_1_108' title='bbox 298 1640 395 1701; x_wconf 88' lang='lat' dir='ltr'>neque</span> <span class='ocrx_word' id='word_1_109' title='bbox 420 1629 502 1682; x_wconf 87' lang='lat' dir='ltr'>certo</span> <span class='ocrx_word' id='word_1_110' title='bbox 526 1639 644 1699; x_wconf 87' lang='lat' dir='ltr'>semper</span> <span class='ocrx_word' id='word_1_111' title='bbox 667 1621 806 1699; x_wconf 82' lang='lat' dir='ltr'>cognosci</span> <span class='ocrx_word' id='word_1_112' title='bbox 829 1627 958 1699; x_wconf 90' lang='lat' dir='ltr'>poterat,</span> <span class='ocrx_word' id='word_1_113' title='bbox 981 1617 1051 1697; x_wconf 88' lang='lat' dir='ltr'>quid</span> <span class='ocrx_word' id='word_1_114' title='bbox 1079 1628 1163 1679; x_wconf 88' lang='lat' dir='ltr'>antea</span> <span class='ocrx_word' id='word_1_115' title='bbox 1188 1622 1331 1698; x_wconf 90' lang='lat' dir='ltr'>scriptum</span> <span class='ocrx_word' id='word_1_116' title='bbox 1356 1622 1473 1703; x_wconf 89' lang='lat' dir='ltr'>luisset,</span> <span class='ocrx_word' id='word_1_117' title='bbox 1502 1625 1531 1682; x_wconf 91' lang='lat' dir='ltr'>iu</span> 
     </span>
     <span class='ocr_line' id='line_1_13' title="bbox 229 1725 1530 1807; baseline 0.003 -22"><span class='ocrx_word' id='word_1_118' title='bbox 229 1725 274 1786; x_wconf 91' lang='lat' dir='ltr'>his</span> <span class='ocrx_word' id='word_1_119' title='bbox 303 1727 376 1788; x_wconf 91' lang='lat' dir='ltr'>locis</span> <span class='ocrx_word' id='word_1_120' title='bbox 406 1728 530 1789; x_wconf 90' lang='lat' dir='ltr'>alterum</span> <span class='ocrx_word' id='word_1_121' title='bbox 554 1727 736 1788; x_wconf 89' lang='lat' dir='ltr'>Berneusem</span> <span class='ocrx_word' id='word_1_122' title='bbox 765 1743 832 1786; x_wconf 91' lang='lat' dir='ltr'>cum</span> <span class='ocrx_word' id='word_1_123' title='bbox 860 1727 954 1804; x_wconf 92' lang='lat' dir='ltr'>prima</span> <span class='ocrx_word' id='word_1_124' title='bbox 983 1728 1130 1805; x_wconf 89' lang='lat' dir='ltr'>scriptura</span> <span class='ocrx_word' id='word_1_125' title='bbox 1157 1726 1235 1787; x_wconf 88' lang='lat' dir='ltr'>illius</span> <span class='ocrx_word' id='word_1_126' title='bbox 1259 1726 1433 1807; x_wconf 85' lang='lat' dir='ltr'>plerumque</span> <span class='ocrx_word' id='word_1_127' title='bbox 1462 1747 1530 1789; x_wconf 90' lang='lat' dir='ltr'>con·</span> 
     </span>
     <span class='ocr_line' id='line_1_14' title="bbox 231 1832 1531 1915; baseline 0.001 -22"><span class='ocrx_word' id='word_1_128' title='bbox 231 1835 409 1895; x_wconf 89' lang='lat' dir='ltr'>sentientem</span> <span class='ocrx_word' id='word_1_129' title='bbox 436 1837 551 1915; x_wconf 82' lang='lat' dir='ltr'>inspexi</span> <span class='ocrx_word' id='word_1_130' title='bbox 582 1844 612 1894; x_wconf 90' lang='lat' dir='ltr'>et</span> <span class='ocrx_word' id='word_1_131' title='bbox 639 1837 703 1894; x_wconf 91' lang='lat' dir='ltr'>eius</span> <span class='ocrx_word' id='word_1_132' title='bbox 731 1834 902 1913; x_wconf 90' lang='lat' dir='ltr'>lectionem,</span> <span class='ocrx_word' id='word_1_133' title='bbox 930 1832 981 1893; x_wconf 93' lang='lat' dir='ltr'>ubi</span> <span class='ocrx_word' id='word_1_134' title='bbox 1010 1851 1085 1912; x_wconf 86' lang='lat' dir='ltr'>opus</span> <span class='ocrx_word' id='word_1_135' title='bbox 1108 1851 1173 1893; x_wconf 90' lang='lat' dir='ltr'>esse</span> <span class='ocrx_word' id='word_1_136' title='bbox 1198 1833 1364 1915; x_wconf 85' lang='lat' dir='ltr'>videbatur,</span> <span class='ocrx_word' id='word_1_137' title='bbox 1388 1835 1531 1896; x_wconf 85' lang='lat' dir='ltr'>adnotari.</span> 
     </span>
     <span class='ocr_line' id='line_1_15' title="bbox 229 1939 1530 2021; baseline 0.002 -22"><span class='ocrx_word' id='word_1_138' title='bbox 229 1959 262 2000; x_wconf 90' lang='lat' dir='ltr'>ea</span> <span class='ocrx_word' id='word_1_139' title='bbox 286 1961 361 2021; x_wconf 91' lang='lat' dir='ltr'>quae</span> <span class='ocrx_word' id='word_1_140' title='bbox 385 1942 480 2002; x_wconf 86' lang='lat' dir='ltr'>deleta</span> <span class='ocrx_word' id='word_1_141' title='bbox 508 1945 608 2021; x_wconf 88' lang='lat' dir='ltr'>priore</span> <span class='ocrx_word' id='word_1_142' title='bbox 632 1943 778 2019; x_wconf 88' lang='lat' dir='ltr'>scriptura</span> <span class='ocrx_word' id='word_1_143' title='bbox 802 1943 833 2001; x_wconf 92' lang='lat' dir='ltr'>iu</span> <span class='ocrx_word' id='word_1_144' title='bbox 861 1958 964 2000; x_wconf 89' lang='lat' dir='ltr'>rasura</span> <span class='ocrx_word' id='word_1_145' title='bbox 992 1942 1087 2018; x_wconf 90' lang='lat' dir='ltr'>posita</span> <span class='ocrx_word' id='word_1_146' title='bbox 1116 1949 1187 2000; x_wconf 88' lang='lat' dir='ltr'>sunt</span> <span class='ocrx_word' id='word_1_147' title='bbox 1214 1939 1312 2000; x_wconf 89' lang='lat' dir='ltr'>addito</span> <span class='ocrx_word' id='word_1_148' title='bbox 1336 1960 1397 2001; x_wconf 83' lang='lat' dir='ltr'>ras.</span> <span class='ocrx_word' id='word_1_149' title='bbox 1418 1944 1530 2021; x_wconf 78' lang='lat' dir='ltr'>‘signiti-</span> 
     </span>
     <span class='ocr_line' id='line_1_16' title="bbox 228 2046 1530 2127; baseline 0.001 -20"><span class='ocrx_word' id='word_1_150' title='bbox 228 2049 301 2107; x_wconf 84' lang='lat' dir='ltr'>cari</span> <span class='ocrx_word' id='word_1_151' title='bbox 338 2066 374 2108; x_wconf 87' lang='lat' dir='ltr'>ex</span> <span class='ocrx_word' id='word_1_152' title='bbox 397 2046 531 2108; x_wconf 87' lang='lat' dir='ltr'>Parisino</span> <span class='ocrx_word' id='word_1_153' title='bbox 555 2047 670 2127; x_wconf 87' lang='lat' dir='ltr'>codice,</span> <span class='ocrx_word' id='word_1_154' title='bbox 698 2065 786 2125; x_wconf 85' lang='lat' dir='ltr'>quem</span> <span class='ocrx_word' id='word_1_155' title='bbox 810 2046 893 2126; x_wconf 88' lang='lat' dir='ltr'>olim,</span> <span class='ocrx_word' id='word_1_156' title='bbox 922 2064 991 2107; x_wconf 91' lang='lat' dir='ltr'>cum</span> <span class='ocrx_word' id='word_1_157' title='bbox 1014 2046 1152 2107; x_wconf 88' lang='lat' dir='ltr'>meliores</span> <span class='ocrx_word' id='word_1_158' title='bbox 1174 2046 1266 2107; x_wconf 88' lang='lat' dir='ltr'>libros</span> <span class='ocrx_word' id='word_1_159' title='bbox 1289 2048 1420 2108; x_wconf 88' lang='lat' dir='ltr'>noudum</span> <span class='ocrx_word' id='word_1_160' title='bbox 1443 2048 1530 2109; x_wconf 89' lang='lat' dir='ltr'>habe·</span> 
     </span>
     <span class='ocr_line' id='line_1_17' title="bbox 229 2146 1529 2236; baseline -0.001 -21"><span class='ocrx_word' id='word_1_161' title='bbox 229 2153 309 2236; x_wconf 88' lang='lat' dir='ltr'>ham,</span> <span class='ocrx_word' id='word_1_162' title='bbox 336 2154 533 2234; x_wconf 85' lang='lat' dir='ltr'>contuleram,</span> <span class='ocrx_word' id='word_1_163' title='bbox 561 2171 653 2232; x_wconf 87' lang='lat' dir='ltr'>pauca</span> <span class='ocrx_word' id='word_1_164' title='bbox 676 2152 829 2232; x_wconf 89' lang='lat' dir='ltr'>adscripsi.</span> <span class='ocrx_word' id='word_1_165' title='bbox 870 2155 900 2213; x_wconf 91' lang='lat' dir='ltr'>in</span> <span class='ocrx_word' id='word_1_166' title='bbox 924 2151 1108 2212; x_wconf 89' lang='lat' dir='ltr'>Bruxellensi</span> <span class='ocrx_word' id='word_1_167' title='bbox 1132 2152 1233 2213; x_wconf 89' lang='lat' dir='ltr'>codice</span> <span class='ocrx_word' id='word_1_168' title='bbox 1256 2146 1312 2234; x_wconf 77' lang='lat' dir='ltr'>(A)</span> <span class='ocrx_word' id='word_1_169' title='bbox 1336 2166 1366 2216; x_wconf 89' lang='lat' dir='ltr'>et</span> <span class='ocrx_word' id='word_1_170' title='bbox 1393 2158 1423 2215; x_wconf 94' lang='lat' dir='ltr'>in</span> <span class='ocrx_word' id='word_1_171' title='bbox 1447 2154 1529 2215; x_wconf 84' lang='lat' dir='ltr'>Colo-</span> 
     </span>
     <span class='ocr_line' id='line_1_18' title="bbox 227 2252 1530 2343; baseline 0.001 -22"><span class='ocrx_word' id='word_1_172' title='bbox 227 2262 323 2322; x_wconf 89' lang='lat' dir='ltr'>niensi</span> <span class='ocrx_word' id='word_1_173' title='bbox 343 2252 401 2343; x_wconf 80' lang='lat'>(0)</span> <span class='ocrx_word' id='word_1_174' title='bbox 420 2279 488 2321; x_wconf 93' lang='lat' dir='ltr'>cum</span> <span class='ocrx_word' id='word_1_175' title='bbox 512 2261 659 2338; x_wconf 88' lang='lat' dir='ltr'>scriptura</span> <span class='ocrx_word' id='word_1_176' title='bbox 681 2261 789 2319; x_wconf 87' lang='lat' dir='ltr'>veteris</span> <span class='ocrx_word' id='word_1_177' title='bbox 813 2258 937 2340; x_wconf 90' lang='lat' dir='ltr'>codicis,</span> <span class='ocrx_word' id='word_1_178' title='bbox 961 2279 996 2320; x_wconf 87' lang='lat' dir='ltr'>ex</span> <span class='ocrx_word' id='word_1_179' title='bbox 1020 2278 1078 2338; x_wconf 87' lang='lat' dir='ltr'>quo</span> <span class='ocrx_word' id='word_1_180' title='bbox 1102 2259 1168 2320; x_wconf 90' lang='lat' dir='ltr'>illos</span> <span class='ocrx_word' id='word_1_181' title='bbox 1191 2263 1357 2342; x_wconf 89' lang='lat' dir='ltr'>descriptos</span> <span class='ocrx_word' id='word_1_182' title='bbox 1376 2281 1441 2322; x_wconf 91' lang='lat' dir='ltr'>esse</span> <span class='ocrx_word' id='word_1_183' title='bbox 1460 2262 1530 2341; x_wconf 87' lang='lat' dir='ltr'>dixi,</span> 
     </span>
     <span class='ocr_line' id='line_1_19' title="bbox 228 2365 1529 2449; baseline 0.001 -21"><span class='ocrx_word' id='word_1_184' title='bbox 228 2386 334 2448; x_wconf 85' lang='lat' dir='ltr'>parum</span> <span class='ocrx_word' id='word_1_185' title='bbox 358 2376 495 2428; x_wconf 89' lang='lat' dir='ltr'>accurate</span> <span class='ocrx_word' id='word_1_186' title='bbox 520 2385 658 2446; x_wconf 90' lang='lat' dir='ltr'>expressa</span> <span class='ocrx_word' id='word_1_187' title='bbox 683 2369 734 2447; x_wconf 90' lang='lat' dir='ltr'>sit,</span> <span class='ocrx_word' id='word_1_188' title='bbox 758 2376 820 2426; x_wconf 90' lang='lat' dir='ltr'>tum</span> <span class='ocrx_word' id='word_1_189' title='bbox 845 2369 865 2426; x_wconf 93' lang='lat' dir='ltr'>ii</span> <span class='ocrx_word' id='word_1_190' title='bbox 888 2365 959 2449; x_wconf 90' lang='lat' dir='ltr'>loci,</span> <span class='ocrx_word' id='word_1_191' title='bbox 982 2368 1012 2427; x_wconf 93' lang='lat' dir='ltr'>iu</span> <span class='ocrx_word' id='word_1_192' title='bbox 1036 2365 1144 2446; x_wconf 87' lang='lat' dir='ltr'>quibus</span> <span class='ocrx_word' id='word_1_193' title='bbox 1167 2366 1256 2427; x_wconf 89' lang='lat' dir='ltr'>rerba</span> <span class='ocrx_word' id='word_1_194' title='bbox 1279 2370 1386 2428; x_wconf 90' lang='lat' dir='ltr'>omissa</span> <span class='ocrx_word' id='word_1_195' title='bbox 1410 2368 1455 2428; x_wconf 87' lang='lat' dir='ltr'>vel</span> <span class='ocrx_word' id='word_1_196' title='bbox 1481 2369 1529 2429; x_wconf 90' lang='lat' dir='ltr'>ali·</span> 
     </span>
     <span class='ocr_line' id='line_1_20' title="bbox 227 2458 1530 2556; baseline -0.001 -20"><span class='ocrx_word' id='word_1_197' title='bbox 227 2494 286 2555; x_wconf 90' lang='lat' dir='ltr'>quo</span> <span class='ocrx_word' id='word_1_198' title='bbox 318 2473 405 2535; x_wconf 91' lang='lat' dir='ltr'>modo</span> <span class='ocrx_word' id='word_1_199' title='bbox 433 2476 561 2534; x_wconf 89' lang='lat' dir='ltr'>extincta</span> <span class='ocrx_word' id='word_1_200' title='bbox 592 2482 676 2534; x_wconf 89' lang='lat' dir='ltr'>eraut</span> <span class='ocrx_word' id='word_1_201' title='bbox 706 2476 736 2534; x_wconf 92' lang='lat' dir='ltr'>in</span> <span class='ocrx_word' id='word_1_202' title='bbox 766 2458 939 2555; x_wconf 67' lang='lat' dir='ltr'>archetypo,</span> <span class='ocrx_word' id='word_1_203' title='bbox 969 2473 998 2532; x_wconf 93' lang='lat' dir='ltr'>id</span> <span class='ocrx_word' id='word_1_204' title='bbox 1028 2472 1106 2551; x_wconf 88' lang='lat' dir='ltr'>quod</span> <span class='ocrx_word' id='word_1_205' title='bbox 1135 2491 1222 2552; x_wconf 91' lang='lat' dir='ltr'>saepo</span> <span class='ocrx_word' id='word_1_206' title='bbox 1253 2474 1413 2556; x_wconf 85' lang='lat' dir='ltr'>acciderat,</span> <span class='ocrx_word' id='word_1_207' title='bbox 1443 2478 1530 2535; x_wconf 84' lang='lat' dir='ltr'>variis</span> 
     </span>
     <span class='ocr_line' id='line_1_21' title="bbox 227 2566 1530 2659; baseline 0 -17"><span class='ocrx_word' id='word_1_208' title='bbox 227 2583 323 2642; x_wconf 90' lang='lat' dir='ltr'>modis</span> <span class='ocrx_word' id='word_1_209' title='bbox 346 2600 362 2642; x_wconf 90' lang='lat' dir='ltr'>a</span> <span class='ocrx_word' id='word_1_210' title='bbox 385 2581 514 2642; x_wconf 83' lang='lat' dir='ltr'>librariis</span> <span class='ocrx_word' id='word_1_211' title='bbox 538 2582 642 2640; x_wconf 83' lang='lat' dir='ltr'>unitati</span> <span class='ocrx_word' id='word_1_212' title='bbox 665 2589 695 2640; x_wconf 93' lang='lat' dir='ltr'>et</span> <span class='ocrx_word' id='word_1_213' title='bbox 719 2579 996 2659; x_wconf 88' lang='lat' dir='ltr'>interpolationibus</span> <span class='ocrx_word' id='word_1_214' title='bbox 1020 2566 1154 2658; x_wconf 85' lang='lat' dir='ltr'>corrupti</span> <span class='ocrx_word' id='word_1_215' title='bbox 1178 2588 1255 2640; x_wconf 91' lang='lat' dir='ltr'>suut.</span> <span class='ocrx_word' id='word_1_216' title='bbox 1293 2600 1384 2659; x_wconf 85' lang='lat' dir='ltr'>quare</span> <span class='ocrx_word' id='word_1_217' title='bbox 1414 2584 1439 2641; x_wconf 90' lang='lat' dir='ltr'>si</span> <span class='ocrx_word' id='word_1_218' title='bbox 1462 2601 1530 2642; x_wconf 92' lang='lat' dir='ltr'>cum</span> 
     </span>
     <span class='ocr_line' id='line_1_22' title="bbox 226 2686 1529 2766; baseline 0 -17"><span class='ocrx_word' id='word_1_219' title='bbox 226 2688 371 2749; x_wconf 90' lang='lat' dir='ltr'>Berneusi</span> <span class='ocrx_word' id='word_1_220' title='bbox 395 2688 538 2749; x_wconf 90' lang='lat' dir='ltr'>alteruter</span> <span class='ocrx_word' id='word_1_221' title='bbox 557 2706 593 2747; x_wconf 89' lang='lat' dir='ltr'>ex</span> <span class='ocrx_word' id='word_1_222' title='bbox 617 2689 653 2747; x_wconf 90' lang='lat' dir='ltr'>iis</span> <span class='ocrx_word' id='word_1_223' title='bbox 672 2688 836 2766; x_wconf 90' lang='lat' dir='ltr'>consentit,</span> <span class='ocrx_word' id='word_1_224' title='bbox 858 2686 1037 2747; x_wconf 87' lang='lat' dir='ltr'>dissentiens</span> <span class='ocrx_word' id='word_1_225' title='bbox 1056 2686 1178 2746; x_wconf 92' lang='lat' dir='ltr'>alterius</span> <span class='ocrx_word' id='word_1_226' title='bbox 1197 2689 1344 2766; x_wconf 88' lang='lat' dir='ltr'>scriptura</span> <span class='ocrx_word' id='word_1_227' title='bbox 1364 2688 1451 2748; x_wconf 84' lang='lat' dir='ltr'>tidem</span> <span class='ocrx_word' id='word_1_228' title='bbox 1471 2708 1529 2749; x_wconf 91' lang='lat' dir='ltr'>uon</span> 
     </span>
     <span class='ocr_line' id='line_1_23' title="bbox 228 2793 1528 2878; baseline 0.001 -23"><span class='ocrx_word' id='word_1_229' title='bbox 228 2795 330 2878; x_wconf 89' lang='lat' dir='ltr'>habet,</span> <span class='ocrx_word' id='word_1_230' title='bbox 353 2796 405 2856; x_wconf 91' lang='lat' dir='ltr'>sed</span> <span class='ocrx_word' id='word_1_231' title='bbox 429 2802 480 2856; x_wconf 91' lang='lat' dir='ltr'>aut</span> <span class='ocrx_word' id='word_1_232' title='bbox 500 2796 595 2855; x_wconf 89' lang='lat' dir='ltr'>errori</span> <span class='ocrx_word' id='word_1_233' title='bbox 619 2803 669 2856; x_wconf 90' lang='lat' dir='ltr'>aut</span> <span class='ocrx_word' id='word_1_234' title='bbox 687 2796 875 2854; x_wconf 86' lang='lat' dir='ltr'>coniecturae</span> <span class='ocrx_word' id='word_1_235' title='bbox 895 2793 1052 2855; x_wconf 84' lang='lat' dir='ltr'>tribuenda</span> <span class='ocrx_word' id='word_1_236' title='bbox 1071 2802 1124 2854; x_wconf 88' lang='lat' dir='ltr'>est.</span> <span class='ocrx_word' id='word_1_237' title='bbox 1161 2796 1186 2853; x_wconf 90' lang='lat' dir='ltr'>si</span> <span class='ocrx_word' id='word_1_238' title='bbox 1206 2796 1362 2873; x_wconf 87' lang='lat' dir='ltr'>utriusque</span> <span class='ocrx_word' id='word_1_239' title='bbox 1382 2815 1528 2856; x_wconf 85' lang='lat' dir='ltr'>consensu</span> 
     </span>
     <span class='ocr_line' id='line_1_24' title="bbox 226 2902 1528 2982; baseline -0.001 -19"><span class='ocrx_word' id='word_1_240' title='bbox 226 2905 392 2965; x_wconf 89' lang='lat' dir='ltr'>communis</span> <span class='ocrx_word' id='word_1_241' title='bbox 415 2902 567 2980; x_wconf 71' lang='lat' dir='ltr'>archetypi</span> <span class='ocrx_word' id='word_1_242' title='bbox 599 2903 745 2980; x_wconf 89' lang='lat' dir='ltr'>scriptura</span> <span class='ocrx_word' id='word_1_243' title='bbox 774 2902 919 2982; x_wconf 82' lang='lat' dir='ltr'>refertur,</span> <span class='ocrx_word' id='word_1_244' title='bbox 947 2920 1125 2981; x_wconf 85' lang='lat' dir='ltr'>quamquam</span> <span class='ocrx_word' id='word_1_245' title='bbox 1148 2919 1182 2960; x_wconf 93' lang='lat' dir='ltr'>ea</span> <span class='ocrx_word' id='word_1_246' title='bbox 1211 2920 1329 2980; x_wconf 86' lang='lat' dir='ltr'>quoque</span> <span class='ocrx_word' id='word_1_247' title='bbox 1353 2920 1440 2981; x_wconf 90' lang='lat' dir='ltr'>saepe</span> <span class='ocrx_word' id='word_1_248' title='bbox 1465 2922 1528 2962; x_wconf 91' lang='lat' dir='ltr'>cor-</span> 
     </span>
     <span class='ocr_line' id='line_1_25' title="bbox 225 3006 1529 3089; baseline -0.001 -21"><span class='ocrx_word' id='word_1_249' title='bbox 225 3017 313 3089; x_wconf 89' lang='lat' dir='ltr'>rupta</span> <span class='ocrx_word' id='word_1_250' title='bbox 336 3018 396 3089; x_wconf 88' lang='lat' dir='ltr'>est,</span> <span class='ocrx_word' id='word_1_251' title='bbox 420 3018 518 3069; x_wconf 83' lang='lat' dir='ltr'>tauien</span> <span class='ocrx_word' id='word_1_252' title='bbox 541 3007 618 3067; x_wconf 92' lang='lat' dir='ltr'>haud</span> <span class='ocrx_word' id='word_1_253' title='bbox 643 3025 710 3066; x_wconf 89' lang='lat' dir='ltr'>raro</span> <span class='ocrx_word' id='word_1_254' title='bbox 734 3007 854 3067; x_wconf 86' lang='lat' dir='ltr'>meliora</span> <span class='ocrx_word' id='word_1_255' title='bbox 884 3008 1007 3088; x_wconf 86' lang='lat' dir='ltr'>praehet</span> <span class='ocrx_word' id='word_1_256' title='bbox 1036 3026 1123 3087; x_wconf 90' lang='lat' dir='ltr'>quam</span> <span class='ocrx_word' id='word_1_257' title='bbox 1147 3006 1315 3068; x_wconf 89' lang='lat' dir='ltr'>Berueusis.</span> <span class='ocrx_word' id='word_1_258' title='bbox 1353 3027 1419 3068; x_wconf 92' lang='lat' dir='ltr'>uam</span> <span class='ocrx_word' id='word_1_259' title='bbox 1443 3028 1480 3069; x_wconf 91' lang='lat' dir='ltr'>ne</span> <span class='ocrx_word' id='word_1_260' title='bbox 1504 3011 1529 3069; x_wconf 88' lang='lat' dir='ltr'>is</span> 
     </span>
     <span class='ocr_line' id='line_1_26' title="bbox 226 3113 1529 3195; baseline -0.002 -18"><span class='ocrx_word' id='word_1_261' title='bbox 226 3116 345 3194; x_wconf 90' lang='lat' dir='ltr'>quidem</span> <span class='ocrx_word' id='word_1_262' title='bbox 369 3115 405 3175; x_wconf 91' lang='lat' dir='ltr'>ab</span> <span class='ocrx_word' id='word_1_263' title='bbox 433 3115 673 3195; x_wconf 89' lang='lat' dir='ltr'>interpolatione,</span> <span class='ocrx_word' id='word_1_264' title='bbox 701 3132 788 3194; x_wconf 88' lang='lat' dir='ltr'>quam</span> <span class='ocrx_word' id='word_1_265' title='bbox 812 3114 899 3193; x_wconf 87' lang='lat' dir='ltr'>vulgo</span> <span class='ocrx_word' id='word_1_266' title='bbox 927 3117 1185 3193; x_wconf 90' lang='lat' dir='ltr'>grammaticorum</span> <span class='ocrx_word' id='word_1_267' title='bbox 1214 3113 1280 3174; x_wconf 90' lang='lat' dir='ltr'>lihri</span> <span class='ocrx_word' id='word_1_268' title='bbox 1309 3118 1422 3194; x_wconf 92' lang='lat' dir='ltr'>experti</span> <span class='ocrx_word' id='word_1_269' title='bbox 1451 3125 1529 3195; x_wconf 91' lang='lat' dir='ltr'>sunt,</span> 
     </span>
     <span class='ocr_line' id='line_1_27' title="bbox 225 3221 1527 3302; baseline -0.001 -21"><span class='ocrx_word' id='word_1_270' title='bbox 225 3225 345 3283; x_wconf 89' lang='lat' dir='ltr'>omnino</span> <span class='ocrx_word' id='word_1_271' title='bbox 364 3241 474 3283; x_wconf 86' lang='lat' dir='ltr'>vacuus</span> <span class='ocrx_word' id='word_1_272' title='bbox 493 3230 548 3282; x_wconf 91' lang='lat' dir='ltr'>est.</span> <span class='ocrx_word' id='word_1_273' title='bbox 584 3222 811 3299; x_wconf 88' lang='lat' dir='ltr'>discrepantiam</span> <span class='ocrx_word' id='word_1_274' title='bbox 830 3221 940 3282; x_wconf 86' lang='lat' dir='ltr'>codicis</span> <span class='ocrx_word' id='word_1_275' title='bbox 959 3221 1133 3302; x_wconf 90' lang='lat' dir='ltr'>Berueusis,</span> <span class='ocrx_word' id='word_1_276' title='bbox 1156 3240 1244 3300; x_wconf 82' lang='lat' dir='ltr'>qiiem</span> <span class='ocrx_word' id='word_1_277' title='bbox 1267 3233 1335 3300; x_wconf 88' lang='lat' dir='ltr'>post</span> <span class='ocrx_word' id='word_1_278' title='bbox 1353 3240 1400 3282; x_wconf 92' lang='lat' dir='ltr'>me</span> <span class='ocrx_word' id='word_1_279' title='bbox 1419 3224 1527 3282; x_wconf 88' lang='lat' dir='ltr'>iterum</span> 
     </span>
     <span class='ocr_line' id='line_1_28' title="bbox 225 3327 1528 3409; baseline 0.002 -22"><span class='ocrx_word' id='word_1_280' title='bbox 225 3327 363 3408; x_wconf 89' lang='lat' dir='ltr'>llagenus</span> <span class='ocrx_word' id='word_1_281' title='bbox 382 3328 520 3409; x_wconf 89' lang='lat' dir='ltr'>contulit,</span> <span class='ocrx_word' id='word_1_282' title='bbox 544 3331 614 3389; x_wconf 89' lang='lat' dir='ltr'>item</span> <span class='ocrx_word' id='word_1_283' title='bbox 634 3328 744 3388; x_wconf 90' lang='lat' dir='ltr'>codicis</span> <span class='ocrx_word' id='word_1_284' title='bbox 763 3327 977 3407; x_wconf 83' lang='lat' dir='ltr'>Bruxeliensis,</span> <span class='ocrx_word' id='word_1_285' title='bbox 1000 3328 1030 3388; x_wconf 95' lang='lat' dir='ltr'>in</span> <span class='ocrx_word' id='word_1_286' title='bbox 1055 3347 1113 3407; x_wconf 76' lang='lat' dir='ltr'>ipro</span> <span class='ocrx_word' id='word_1_287' title='bbox 1133 3327 1230 3388; x_wconf 91' lang='lat' dir='ltr'>Haasii</span> <span class='ocrx_word' id='word_1_288' title='bbox 1249 3347 1339 3408; x_wconf 88' lang='lat' dir='ltr'>opera</span> <span class='ocrx_word' id='word_1_289' title='bbox 1362 3348 1433 3389; x_wconf 89' lang='lat' dir='ltr'>usus</span> <span class='ocrx_word' id='word_1_290' title='bbox 1454 3348 1528 3408; x_wconf 81' lang='lat' dir='ltr'>sirm,</span> 
     </span>
     <span class='ocr_line' id='line_1_29' title="bbox 225 3434 1526 3516; baseline 0 -20"><span class='ocrx_word' id='word_1_291' title='bbox 225 3439 356 3516; x_wconf 88' lang='lat' dir='ltr'>exeeptis</span> <span class='ocrx_word' id='word_1_292' title='bbox 376 3434 535 3496; x_wconf 83' lang='lat' dir='ltr'>levioribus</span> <span class='ocrx_word' id='word_1_293' title='bbox 555 3434 729 3512; x_wconf 81' lang='lat' dir='ltr'>‹pxilrusdam</span> <span class='ocrx_word' id='word_1_294' title='bbox 750 3437 916 3514; x_wconf 89' lang='lat' dir='ltr'>scripturis,</span> <span class='ocrx_word' id='word_1_295' title='bbox 935 3453 1059 3513; x_wconf 90' lang='lat' dir='ltr'>quarum</span> <span class='ocrx_word' id='word_1_296' title='bbox 1079 3434 1160 3495; x_wconf 91' lang='lat' dir='ltr'>nulla</span> <span class='ocrx_word' id='word_1_297' title='bbox 1177 3434 1288 3495; x_wconf 86' lang='lat' dir='ltr'>utilitas</span> <span class='ocrx_word' id='word_1_298' title='bbox 1305 3444 1360 3516; x_wconf 90' lang='lat' dir='ltr'>est,</span> <span class='ocrx_word' id='word_1_299' title='bbox 1379 3438 1526 3513; x_wconf 84' lang='lat' dir='ltr'>integrum</span> 
     </span>
     <span class='ocr_line' id='line_1_30' title="bbox 224 3539 1526 3621; baseline -0.002 -19"><span class='ocrx_word' id='word_1_300' title='bbox 224 3541 353 3604; x_wconf 85' lang='lat' dir='ltr'>exhibui.</span> <span class='ocrx_word' id='word_1_301' title='bbox 390 3545 420 3602; x_wconf 91' lang='lat' dir='ltr'>iu</span> <span class='ocrx_word' id='word_1_302' title='bbox 441 3541 607 3602; x_wconf 84' lang='lat' dir='ltr'>Coloniensi</span> <span class='ocrx_word' id='word_1_303' title='bbox 628 3540 738 3621; x_wconf 88' lang='lat' dir='ltr'>codice,</span> <span class='ocrx_word' id='word_1_304' title='bbox 759 3542 809 3618; x_wconf 90' lang='lat' dir='ltr'>qui</span> <span class='ocrx_word' id='word_1_305' title='bbox 829 3539 910 3600; x_wconf 87' lang='lat' dir='ltr'>ralde</span> <span class='ocrx_word' id='word_1_306' title='bbox 931 3540 1121 3618; x_wconf 83' lang='lat' dir='ltr'>neglegenter</span> <span class='ocrx_word' id='word_1_307' title='bbox 1144 3543 1274 3620; x_wconf 89' lang='lat' dir='ltr'>scriptus</span> <span class='ocrx_word' id='word_1_308' title='bbox 1297 3551 1351 3615; x_wconf 89' lang='lat' dir='ltr'>est,</span> <span class='ocrx_word' id='word_1_309' title='bbox 1376 3542 1526 3620; x_wconf 91' lang='lat' dir='ltr'>complura</span> 
     </span>
     <span class='ocr_line' id='line_1_31' title="bbox 225 3647 1526 3728; baseline 0.002 -21"><span class='ocrx_word' id='word_1_310' title='bbox 225 3667 298 3728; x_wconf 82' lang='lat' dir='ltr'>quae</span> <span class='ocrx_word' id='word_1_311' title='bbox 322 3651 352 3709; x_wconf 93' lang='lat' dir='ltr'>in</span> <span class='ocrx_word' id='word_1_312' title='bbox 367 3650 412 3709; x_wconf 79' lang='lat' dir='ltr'>&#39;eo</span> <span class='ocrx_word' id='word_1_313' title='bbox 436 3649 592 3727; x_wconf 88' lang='lat' dir='ltr'>depravata</span> <span class='ocrx_word' id='word_1_314' title='bbox 615 3655 700 3705; x_wconf 91' lang='lat' dir='ltr'>eraut</span> <span class='ocrx_word' id='word_1_315' title='bbox 722 3647 816 3704; x_wconf 87' lang='lat' dir='ltr'>omisi.</span> <span class='ocrx_word' id='word_1_316' title='bbox 854 3655 1006 3724; x_wconf 90' lang='lat' dir='ltr'>praeterea</span> <span class='ocrx_word' id='word_1_317' title='bbox 1034 3649 1065 3707; x_wconf 91' lang='lat' dir='ltr'>in</span> <span class='ocrx_word' id='word_1_318' title='bbox 1094 3650 1242 3727; x_wconf 82' lang='lat' dir='ltr'>excerptis</span> <span class='ocrx_word' id='word_1_319' title='bbox 1266 3649 1428 3710; x_wconf 68' lang='lat' dir='ltr'>adamantii</span> <span class='ocrx_word' id='word_1_320' title='bbox 1453 3649 1526 3709; x_wconf 84' lang='lat' dir='ltr'>llar-</span> 
     </span>
     <span class='ocr_line' id='line_1_32' title="bbox 225 3751 1528 3836; baseline -0.001 -22"><span class='ocrx_word' id='word_1_321' title='bbox 225 3758 307 3836; x_wconf 69' lang='lat' dir='ltr'>tprii,</span> <span class='ocrx_word' id='word_1_322' title='bbox 332 3755 368 3816; x_wconf 90' lang='lat' dir='ltr'>de</span> <span class='ocrx_word' id='word_1_323' title='bbox 393 3753 501 3833; x_wconf 84' lang='lat' dir='ltr'>quihus</span> <span class='ocrx_word' id='word_1_324' title='bbox 525 3754 601 3813; x_wconf 87' lang='lat' dir='ltr'>inlra</span> <span class='ocrx_word' id='word_1_325' title='bbox 624 3753 754 3831; x_wconf 87' lang='lat' dir='ltr'>dicetur,</span> <span class='ocrx_word' id='word_1_326' title='bbox 777 3751 977 3813; x_wconf 86' lang='lat' dir='ltr'>Bruxeliensis</span> <span class='ocrx_word' id='word_1_327' title='bbox 997 3763 1026 3814; x_wconf 91' lang='lat' dir='ltr'>et.</span> <span class='ocrx_word' id='word_1_328' title='bbox 1045 3753 1228 3815; x_wconf 81' lang='lat' dir='ltr'>Coloniensis</span> <span class='ocrx_word' id='word_1_329' title='bbox 1252 3755 1362 3817; x_wconf 88' lang='lat' dir='ltr'>codicis</span> <span class='ocrx_word' id='word_1_330' title='bbox 1385 3756 1528 3817; x_wconf 84' lang='lat' dir='ltr'>lectiones</span> 
     </span>
     <span class='ocr_line' id='line_1_33' title="bbox 225 3857 1064 3938; baseline -0.001 -18"><span class='ocrx_word' id='word_1_331' title='bbox 225 3863 322 3922; x_wconf 91' lang='lat' dir='ltr'>minus</span> <span class='ocrx_word' id='word_1_332' title='bbox 346 3869 481 3922; x_wconf 90' lang='lat' dir='ltr'>accurate</span> <span class='ocrx_word' id='word_1_333' title='bbox 506 3877 594 3938; x_wconf 86' lang='lat' dir='ltr'>quam</span> <span class='ocrx_word' id='word_1_334' title='bbox 617 3860 647 3918; x_wconf 94' lang='lat' dir='ltr'>iu</span> <span class='ocrx_word' id='word_1_335' title='bbox 672 3857 795 3936; x_wconf 91' lang='lat' dir='ltr'>reliquis</span> <span class='ocrx_word' id='word_1_336' title='bbox 818 3858 962 3919; x_wconf 88' lang='lat' dir='ltr'>iudicatae</span> <span class='ocrx_word' id='word_1_337' title='bbox 986 3869 1064 3919; x_wconf 89' lang='lat' dir='ltr'>suut.</span> 
     </span>
    </p>

    <p class='ocr_par' dir='ltr' id='par_1_4' title="bbox 222 3964 1527 4897">
     <span class='ocr_line' id='line_1_34' title="bbox 314 3964 1527 4050; baseline 0.002 -24"><span class='ocrx_word' id='word_1_338' title='bbox 314 3966 394 4026; x_wconf 82' lang='lat' dir='ltr'>lluae</span> <span class='ocrx_word' id='word_1_339' title='bbox 422 3968 612 4026; x_wconf 86' lang='lat' dir='ltr'>recensiones</span> <span class='ocrx_word' id='word_1_340' title='bbox 641 3983 728 4025; x_wconf 74' lang='lat' dir='ltr'>laianu</span> <span class='ocrx_word' id='word_1_341' title='bbox 757 3967 936 4043; x_wconf 88' lang='lat' dir='ltr'>scriptorum</span> <span class='ocrx_word' id='word_1_342' title='bbox 964 3964 1124 4045; x_wconf 90' lang='lat' dir='ltr'>librorum,</span> <span class='ocrx_word' id='word_1_343' title='bbox 1150 3966 1186 4026; x_wconf 89' lang='lat' dir='ltr'>de</span> <span class='ocrx_word' id='word_1_344' title='bbox 1211 3968 1318 4046; x_wconf 83' lang='lat' dir='ltr'>quihus</span> <span class='ocrx_word' id='word_1_345' title='bbox 1342 3970 1415 4050; x_wconf 88' lang='lat' dir='ltr'>dixi,</span> <span class='ocrx_word' id='word_1_346' title='bbox 1441 3973 1527 4030; x_wconf 89' lang='lat' dir='ltr'>etiam</span> 
     </span>
     <span class='ocr_line' id='line_1_35' title="bbox 228 4070 1526 4155; baseline 0.002 -22"><span class='ocrx_word' id='word_1_347' title='bbox 228 4073 262 4134; x_wconf 90' lang='lat' dir='ltr'>ad</span> <span class='ocrx_word' id='word_1_348' title='bbox 286 4072 360 4133; x_wconf 89' lang='lat' dir='ltr'>duas</span> <span class='ocrx_word' id='word_1_349' title='bbox 383 4072 542 4153; x_wconf 87' lang='lat' dir='ltr'>editiones,</span> <span class='ocrx_word' id='word_1_350' title='bbox 566 4075 595 4131; x_wconf 91' lang='lat' dir='ltr'>iu</span> <span class='ocrx_word' id='word_1_351' title='bbox 619 4070 728 4150; x_wconf 71' lang='lat' dir='ltr'>«pulsus</span> <span class='ocrx_word' id='word_1_352' title='bbox 751 4073 880 4149; x_wconf 86' lang='lat' dir='ltr'>prinmm</span> <span class='ocrx_word' id='word_1_353' title='bbox 903 4070 951 4132; x_wconf 92' lang='lat' dir='ltr'>hic</span> <span class='ocrx_word' id='word_1_354' title='bbox 975 4070 1050 4132; x_wconf 89' lang='lat' dir='ltr'>liber</span> <span class='ocrx_word' id='word_1_355' title='bbox 1074 4075 1150 4152; x_wconf 77' lang='lat' dir='ltr'>typis</span> <span class='ocrx_word' id='word_1_356' title='bbox 1173 4093 1333 4154; x_wconf 86' lang='lat' dir='ltr'>expressus</span> <span class='ocrx_word' id='word_1_357' title='bbox 1357 4085 1414 4155; x_wconf 89' lang='lat' dir='ltr'>est,</span> <span class='ocrx_word' id='word_1_358' title='bbox 1437 4078 1526 4155; x_wconf 80' lang='lat' dir='ltr'>perd-</span> 
     </span>
     <span class='ocr_line' id='line_1_36' title="bbox 226 4176 1525 4257; baseline 0 -18"><span class='ocrx_word' id='word_1_359' title='bbox 226 4188 305 4240; x_wconf 87' lang='lat' dir='ltr'>nent</span> <span class='ocrx_word' id='word_1_360' title='bbox 348 4198 449 4240; x_wconf 90' lang='lat' dir='ltr'>earum</span> <span class='ocrx_word' id='word_1_361' title='bbox 479 4179 568 4239; x_wconf 88' lang='lat' dir='ltr'>altera</span> <span class='ocrx_word' id='word_1_362' title='bbox 598 4185 643 4237; x_wconf 87' lang='lat' dir='ltr'>est</span> <span class='ocrx_word' id='word_1_363' title='bbox 670 4176 835 4238; x_wconf 87' lang='lat' dir='ltr'>Parisiua</span> <span class='ocrx_word' id='word_1_364' title='bbox 863 4177 939 4257; x_wconf 90' lang='lat' dir='ltr'>apud</span> <span class='ocrx_word' id='word_1_365' title='bbox 970 4176 1175 4239; x_wconf 88' lang='lat' dir='ltr'>Sebastianum</span> <span class='ocrx_word' id='word_1_366' title='bbox 1199 4181 1353 4242; x_wconf 88' lang='lat' dir='ltr'>Nirellium</span> <span class='ocrx_word' id='word_1_367' title='bbox 1381 4200 1405 4240; x_wconf 91' lang='lat' dir='ltr'>a.</span> <span class='ocrx_word' id='word_1_368' title='bbox 1433 4178 1525 4240; x_wconf 76' lang='lat'>1579.</span> 
     </span>
     <span class='ocr_line' id='line_1_37' title="bbox 226 4280 1525 4368; baseline 0 -23"><span class='ocrx_word' id='word_1_369' title='bbox 226 4287 255 4345; x_wconf 92' lang='lat' dir='ltr'>in</span> <span class='ocrx_word' id='word_1_370' title='bbox 277 4286 334 4346; x_wconf 81' lang='lat' dir='ltr'>siue</span> <span class='ocrx_word' id='word_1_371' title='bbox 358 4285 525 4365; x_wconf 89' lang='lat' dir='ltr'>subscripta</span> <span class='ocrx_word' id='word_1_372' title='bbox 550 4292 618 4346; x_wconf 83' lang='lat' dir='ltr'>sirut</span> <span class='ocrx_word' id='word_1_373' title='bbox 643 4284 728 4365; x_wconf 90' lang='lat' dir='ltr'>haec,</span> <span class='ocrx_word' id='word_1_374' title='bbox 757 4280 906 4346; x_wconf 76' lang='lat' dir='ltr'>‘lutetiae</span> <span class='ocrx_word' id='word_1_375' title='bbox 929 4285 1110 4348; x_wconf 89' lang='lat' dir='ltr'>Parisiorum</span> <span class='ocrx_word' id='word_1_376' title='bbox 1134 4307 1169 4347; x_wconf 91' lang='lat' dir='ltr'>ox</span> <span class='ocrx_word' id='word_1_377' title='bbox 1193 4288 1382 4368; x_wconf 55' lang='lat' dir='ltr'>typographia</span> <span class='ocrx_word' id='word_1_378' title='bbox 1406 4285 1525 4346; x_wconf 91' lang='lat' dir='ltr'>llenrici</span> 
     </span>
     <span class='ocr_line' id='line_1_38' title="bbox 224 4388 1525 4473; baseline 0.001 -22"><span class='ocrx_word' id='word_1_379' title='bbox 224 4392 348 4473; x_wconf 82' lang='lat' dir='ltr'>&#39;l&#39;hierry</span> <span class='ocrx_word' id='word_1_380' title='bbox 376 4412 477 4454; x_wconf 90' lang='lat' dir='ltr'>mense</span> <span class='ocrx_word' id='word_1_381' title='bbox 506 4391 661 4453; x_wconf 84' lang='lat' dir='ltr'>Decembri</span> <span class='ocrx_word' id='word_1_382' title='bbox 689 4388 914 4453; x_wconf 80' lang='lat' dir='ltr'>ttuLxx&#39;vlu&#39;.</span> <span class='ocrx_word' id='word_1_383' title='bbox 959 4395 988 4453; x_wconf 94' lang='lat' dir='ltr'>iu</span> <span class='ocrx_word' id='word_1_384' title='bbox 1018 4393 1071 4454; x_wconf 87' lang='lat' dir='ltr'>hac</span> <span class='ocrx_word' id='word_1_385' title='bbox 1101 4412 1168 4454; x_wconf 92' lang='lat' dir='ltr'>cum</span> <span class='ocrx_word' id='word_1_386' title='bbox 1196 4394 1318 4473; x_wconf 89' lang='lat' dir='ltr'>reliquis</span> <span class='ocrx_word' id='word_1_387' title='bbox 1348 4394 1525 4454; x_wconf 85' lang='lat' dir='ltr'>Cassiodorii</span> 
     </span>
     <span class='ocr_line' id='line_1_39' title="bbox 223 4496 1525 4581; baseline 0.001 -25"><span class='ocrx_word' id='word_1_388' title='bbox 223 4496 306 4557; x_wconf 88' lang='lat' dir='ltr'>libris</span> <span class='ocrx_word' id='word_1_389' title='bbox 334 4498 403 4558; x_wconf 90' lang='lat' dir='ltr'>olim</span> <span class='ocrx_word' id='word_1_390' title='bbox 432 4500 532 4580; x_wconf 89' lang='lat' dir='ltr'>editis,</span> <span class='ocrx_word' id='word_1_391' title='bbox 560 4502 589 4559; x_wconf 92' lang='lat' dir='ltr'>iu</span> <span class='ocrx_word' id='word_1_392' title='bbox 619 4498 727 4579; x_wconf 89' lang='lat' dir='ltr'>quibus</span> <span class='ocrx_word' id='word_1_393' title='bbox 755 4499 836 4560; x_wconf 90' lang='lat' dir='ltr'>Petri</span> <span class='ocrx_word' id='word_1_394' title='bbox 865 4498 980 4560; x_wconf 91' lang='lat' dir='ltr'>Pithoei</span> <span class='ocrx_word' id='word_1_395' title='bbox 1007 4517 1097 4581; x_wconf 89' lang='lat' dir='ltr'>opera</span> <span class='ocrx_word' id='word_1_396' title='bbox 1125 4518 1199 4561; x_wconf 86' lang='lat' dir='ltr'>usus</span> <span class='ocrx_word' id='word_1_397' title='bbox 1227 4510 1290 4560; x_wconf 87' lang='lat' dir='ltr'>erat</span> <span class='ocrx_word' id='word_1_398' title='bbox 1318 4499 1525 4581; x_wconf 79' lang='lat' dir='ltr'>typographus,</span> 
     </span>
     <span class='ocr_line' id='line_1_40' title="bbox 222 4604 1525 4686; baseline 0.001 -23"><span class='ocrx_word' id='word_1_399' title='bbox 222 4604 270 4665; x_wconf 90' lang='lat' dir='ltr'>hic</span> <span class='ocrx_word' id='word_1_400' title='bbox 293 4606 329 4666; x_wconf 88' lang='lat' dir='ltr'>de</span> <span class='ocrx_word' id='word_1_401' title='bbox 353 4605 562 4685; x_wconf 86' lang='lat' dir='ltr'>orthographia</span> <span class='ocrx_word' id='word_1_402' title='bbox 585 4605 660 4667; x_wconf 91' lang='lat' dir='ltr'>liher</span> <span class='ocrx_word' id='word_1_403' title='bbox 683 4625 717 4666; x_wconf 85' lang='lat' dir='ltr'>ex</span> <span class='ocrx_word' id='word_1_404' title='bbox 743 4605 843 4665; x_wconf 92' lang='lat' dir='ltr'>codice</span> <span class='ocrx_word' id='word_1_405' title='bbox 867 4605 949 4665; x_wconf 92' lang='lat' dir='ltr'>Petri</span> <span class='ocrx_word' id='word_1_406' title='bbox 972 4605 1101 4666; x_wconf 80' lang='lat' dir='ltr'>llanielis</span> <span class='ocrx_word' id='word_1_407' title='bbox 1127 4608 1256 4684; x_wconf 90' lang='lat' dir='ltr'>primum</span> <span class='ocrx_word' id='word_1_408' title='bbox 1280 4606 1377 4665; x_wconf 90' lang='lat' dir='ltr'>editus</span> <span class='ocrx_word' id='word_1_409' title='bbox 1402 4615 1460 4686; x_wconf 88' lang='lat' dir='ltr'>est,</span> <span class='ocrx_word' id='word_1_410' title='bbox 1489 4605 1525 4664; x_wconf 89' lang='lat' dir='ltr'>de</span> 
     </span>
     <span class='ocr_line' id='line_1_41' title="bbox 222 4706 1525 4792; baseline 0 -21"><span class='ocrx_word' id='word_1_411' title='bbox 222 4729 281 4790; x_wconf 91' lang='lat' dir='ltr'>quo</span> <span class='ocrx_word' id='word_1_412' title='bbox 313 4713 343 4771; x_wconf 94' lang='lat' dir='ltr'>iu</span> <span class='ocrx_word' id='word_1_413' title='bbox 372 4712 497 4790; x_wconf 89' lang='lat' dir='ltr'>epistula</span> <span class='ocrx_word' id='word_1_414' title='bbox 527 4712 759 4791; x_wconf 81' lang='lat' dir='ltr'>typographiad</span> <span class='ocrx_word' id='word_1_415' title='bbox 785 4710 927 4772; x_wconf 89' lang='lat' dir='ltr'>lectorem</span> <span class='ocrx_word' id='word_1_416' title='bbox 951 4714 1060 4790; x_wconf 86' lang='lat' dir='ltr'>scripta</span> <span class='ocrx_word' id='word_1_417' title='bbox 1085 4721 1154 4772; x_wconf 91' lang='lat' dir='ltr'>sunt</span> <span class='ocrx_word' id='word_1_418' title='bbox 1183 4710 1270 4792; x_wconf 92' lang='lat' dir='ltr'>haec,</span> <span class='ocrx_word' id='word_1_419' title='bbox 1298 4706 1378 4771; x_wconf 78' lang='lat' dir='ltr'>‘Non</span> <span class='ocrx_word' id='word_1_420' title='bbox 1413 4721 1525 4772; x_wconf 74' lang='lat' dir='ltr'>tanturm</span> 
     </span>
     <span class='ocr_line' id='line_1_42' title="bbox 222 4815 1525 4897; baseline 0.002 -23"><span class='ocrx_word' id='word_1_421' title='bbox 222 4815 252 4876; x_wconf 90' lang='lat' dir='ltr'>P.</span> <span class='ocrx_word' id='word_1_422' title='bbox 274 4815 422 4877; x_wconf 84' lang='lat' dir='ltr'>Danielem</span> <span class='ocrx_word' id='word_1_423' title='bbox 448 4819 542 4878; x_wconf 89' lang='lat' dir='ltr'>virum</span> <span class='ocrx_word' id='word_1_424' title='bbox 566 4816 686 4894; x_wconf 89' lang='lat' dir='ltr'>quidem</span> <span class='ocrx_word' id='word_1_425' title='bbox 708 4816 942 4877; x_wconf 87' lang='lat' dir='ltr'>eruditissimum</span> <span class='ocrx_word' id='word_1_426' title='bbox 960 4833 994 4877; x_wconf 88' lang='lat' dir='ltr'>ac</span> <span class='ocrx_word' id='word_1_427' title='bbox 1018 4815 1201 4877; x_wconf 85' lang='lat' dir='ltr'>venerandae</span> <span class='ocrx_word' id='word_1_428' title='bbox 1224 4819 1408 4897; x_wconf 82' lang='lat' dir='ltr'>antiquitatis</span> <span class='ocrx_word' id='word_1_429' title='bbox 1431 4819 1525 4880; x_wconf 89' lang='lat' dir='ltr'>culto·</span> 
     </span>
    </p>
   </div>
   <div class='ocr_carea' id='block_1_4' title="bbox 0 0 1662 5474">
    <p class='ocr_par' dir='ltr' id='par_1_5' title="bbox 0 0 1662 5474">
     <span class='ocr_line' id='line_1_43' title="bbox 0 0 1662 5474; baseline 0 3"><span class='ocrx_word' id='word_1_430' title='bbox 0 0 1662 5474; x_wconf 95' lang='lat' dir='ltr'> </span> 
     </span>
    </p>
   </div>
  </div>
 </body>
</html>
