3316 5474
204 308 270 372 264
796 313 918 367 BEDAE

203 421 225 457 p.
239 409 298 451 mar.
314 412 340 449 ta
354 410 378 449 Ρ.

292 480 385 555 Ambo
405 504 435 555 et
457 496 515 556 duo
539 497 723 577 neutraliter,
746 497 848 560 ambos
872 507 902 558 ct
925 498 1000 558 duos
1024 480 1198 559 masculine
1232 519 1290 559 non
1314 500 1385 560 nulli
1410 510 1531 578 tamen

204 603 333 662 Graecos
356 605 452 663 secuti
475 602 578 664 dicunt
601 603 656 664 hos
679 605 738 665 duo
762 615 792 666 et
815 604 869 666 lros
893 605 993 687 ambo,
1020 608 1088 684 quia
1118 605 1159 665 illi
1189 597 1268 679 τοὺς
1291 600 1353 668 δύο
1377 617 1408 669 01
1430 601 1511 682 τοὺς

205 701 305 788 ἄμφω
329 709 445 770 dicunt:
470 709 614 789 Vergilius
636 704 753 794 (georg.
780 707 928 794 111188)

367 834 486 876 verum
511 816 570 877 nbi
594 817 764 879 ductores
788 820 862 878 acie
887 822 1116 880 revocaveris
1139 819 1246 880 ambo.

243 974 249 981 .
294 926 406 1003 Anguis
425 943 493 984 eum
513 925 552 984 sit
571 925 724 985 masculini
744 906 872 1008 generis,
893 926 1033 988 dixerunt
1053 935 1150 987 tamen
1170 936 1199 987 et
1218 929 1359 988 feminino
1378 926 1511 1008 Ovidius,
1539 946 1552 985 5

206 1030 297 1092 Varro
321 1032 470 1092 Atacinus.

295 1139 371 1198 Acer
395 1140 465 1200 lacit
487 1138 632 1219 pluralem
656 1140 730 1220 acri,
753 1141 830 1199 acris
853 1138 997 1218 pluralem
1017 1159 1114 1201 acres.

297 1245 508 1320 AbscondituS,
532 1264 591 1306 non
615 1245 786 1306 absconsus.
1006 1244 1014 1255 ’

296 1353 377 1412 Alter
396 1352 431 1413 de
452 1352 581 1432 duobus,
601 1370 678 1412 unus
698 1370 733 1412 ox
752 1351 902 1432 pluribuS,
926 1355 1058 1431 quamvis
1081 1354 1213 1432 legamus
1232 1373 1310 1415 unus
1330 1373 1365 1414 ex
1384 1354 1511 1416 duobus.

296 1458 443 1520 Audacter
471 1459 594 1520 latinum
624 1466 682 1540 est,
713 1460 765 1519 sed
793 1459 945 1521 audaciter
972 1460 1091 1542 molius,
1122 1463 1191 1541 quia
1218 1465 1337 1523 nomina
1365 1483 1382 1523 x
1413 1463 1512 1523 littora
1529 1480 1555 1517 ιο

209 1569 365 1627 terminata
393 1569 424 1626 in
448 1565 594 1627 adverbiis
622 1568 680 1626 iter
703 1565 875 1646 adsumunt,
903 1575 937 1626 ut
964 1575 1046 1627 atrox
1070 1570 1219 1648 atrociter,
1251 1570 1333 1630 lerox
1362 1572 1511 1630 leroeiter.

297 1673 429 1734 Accersit
453 1675 503 1753 qui
527 1683 642 1748 evocat,
665 1675 789 1734 arcessit
812 1675 863 1752 qui
887 1673 1039 1749 accusati

297 1782 428 1841 Acerrus
452 1779 544 1840 moles
568 1789 628 1861 est,
651 1780 777 1841 acerbus
800 1782 968 1841 inmaturus
992 1789 1043 1841 aut
1066 1798 1161 1861 asper.

298 1887 459 1947 Adlicimur
482 1886 596 1947 honore
619 1896 649 1948 et
673 1887 826 1947 adficimur
849 1888 965 1947 iniuria.

299 1995 428 2073 Apparet
451 1996 502 2073 qui
525 1993 651 2075 ridetur,
674 1993 796 2074 adparet
819 1995 870 2073 qui
893 1993 1078 2076 obsequitur,
1101 2013 1160 2055 uon
1180 1995 1298 2073 regulae
1319 1998 1441 2076 ratione,
1461 1998 1512 2057 sed
1531 2010 1556 2050 1⁵

211 2100 400 2161 discernendi
422 2103 516 2180 gratia
539 2100 716 2161 intellectos.
754 2179 757 2182 Ι
923 2179 930 2191 .

299 2208 395 2269 Arbor
419 2226 505 2268 omne
529 2207 641 2287 lignum
665 2207 784 2289 dicitur,
807 2206 928 2269 arbusta
952 2226 1011 2268 non
1035 2209 1092 2269 nisi
1117 2209 1279 2270 fructifera.

301 2317 415 2376 Avenae
430 2314 531 2376 sterile
548 2333 679 2396 germen,
698 2313 829 2406 habenae
844 2313 1006 2375 retinacula
1021 2316 1238 2376 iumentorum:
1263 2317 1317 2378 lroc
1332 2317 1368 2377 tle
1388 2317 1514 2378 habendi

213 2429 374 2504 potestate,
397 2421 469 2482 illud
494 2421 529 2482 de
554 2421 717 2502 occupandi
741 2421 878 2482 aviditate
902 2421 1021 2483 dietum.

301 2529 447 2591 Accidunt
470 2528 557 2609 mala,
581 2531 758 2608 contingunt
780 2527 869 2607 bona,
893 2529 1034 2588 eveniunt
1057 2535 1192 2606 utraque.
1531 2546 1558 2584 eo

303 2638 468 2700 Advocatur
491 2637 615 2699 daturos
643 2638 854 2717 patrocinium,
878 2643 1017 2696 evocatur
1044 2634 1235 2714 praebiturus
1259 2635 1449 2718 obsequium,
1472 2639 1515 2699 in·

215 2755 335 2807 vocatur
357 2754 564 2826 praestaturus
587 2745 736 2805 auxilium.

302 2853 465 2934 Adportare
494 2860 540 2913 est
567 2852 677 2931 aliquid
705 2850 836 2932 adierre,
863 2858 1040 2930 conportare
1067 2852 1098 2911 in
1127 2868 1220 2911 unum
1248 2851 1346 2912 locum
1371 2855 1517 2929 eoulcrre,

215 2960 373 3041 deportare
397 2961 561 3041 deponere,
585 2967 742 3037 exportare
767 2958 879 3018 tollere.

303 3068 497 3147 Agnoscimus
521 3085 595 3146 quae
618 3046 705 3126 nohis
726 3064 910 3144 exciderant,
932 3065 1140 3144 cognoscimus
1162 3067 1294 3144 ignorata
1319 3078 1349 3129 et
1372 3069 1472 3128 inrisa.
1532 3081 1558 3118 aa

304 3175 402 3235 Altum
425 3183 456 3234 et
479 3191 598 3234 sursum
622 3180 652 3233 et
674 3172 815 3232 deorsum
838 3171 991 3249 siguificat.

303 3284 447 3361 Aquatam
470 3283 621 3361 potionem
645 3288 725 3340 recte
749 3278 874 3338 dicimus
899 3296 974 3357 qnae
998 3296 1103 3358 aquam
1127 3279 1245 3340 aliunde
1269 3283 1406 3363 recipiat,
1428 3299 1518 3359 aquo-

217 3409 282 3450 sum
306 3399 405 3450 autem
429 3389 526 3449 locum
551 3390 601 3468 qui
625 3407 660 3447 ex
684 3405 716 3447 se
740 3403 846 3466 aquam
870 3384 981 3446 tundat.

305 3495 410 3556 Album
441 3504 562 3574 naturae
592 3503 707 3555 tantum
735 3501 792 3575 est,
823 3492 981 3553 candidum
1010 3492 1183 3572 frequenter
1209 3503 1239 3554 et
1267 3495 1370 3556 studii:
1399 3514 1465 3555 nam
1490 3506 1519 3556 et

217 3604 335 3683 corpori
359 3611 389 3662 et
412 3605 509 3662 animo
533 3602 710 3681 aquuotiens
733 3600 912 3679 adsignatur.
948 3598 1030 3659 albos
1054 3617 1125 3677 ergo
1140 3598 1284 3681 capillos,
1308 3619 1427 3661 carnem
1452 3615 1556 3661 can-³³

217 3710 315 3770 didam
338 3717 420 3770 recte
444 3708 579 3769 dicimus.
984 3710 987 3715 “

306 3816 395 3876 Alvus
414 3818 545 3876 virorum
565 3824 645 3876 recte
665 3815 783 3896 dieitur,
802 3823 906 3874 uterus
924 3811 1097 3892 mulierum,
1119 3819 1230 3872 venter
1242 3815 1271 3873 in
1292 3822 1418 3891 utroque
1438 3831 1519 3871 sexu.

307 3928 452 4003 Acceptor
475 3933 506 3984 et
536 3925 690 4003 aecipiter;
718 3921 864 4002 Vergilius
888 3921 966 3981 onim
989 3921 1131 3998 accipiter
1153 3917 1238 4001 dicit,
1266 3918 1397 3980 Lucilios
1422 3927 1520 3978 autom

219 4027 439 4111 facceptoris
462 4039 497 4092 et
519 4026 683 4111 ungues'.
1423 4052 1461 4106 ς

308 4137 392 4219 Apud
417 4138 511 4217 perd
537 4137 740 4218 scribendum,
764 4144 852 4216 caput
874 4153 928 4215 per
952 4142 977 4216 t,
1000 4134 1068 4213 quia
1092 4133 1162 4194 lacit
1185 4134 1297 4213 eapitis.
1412 4131 1416 4137 ’
1536 4147 1562 4184 ³⁵

219 4262 432 4270 ——.—-—-

308 4306 408 4373 troie
426 4305 479 4365 ato
499 4313 596 4365 elom.
616 4311 654 4364 Μ
706 4308 790 4363 tubi
808 4324 858 4365 om.
877 4307 915 4361 Μ
964 4305 1092 4362 doctores
1110 4306 1139 4358 P
1189 4303 1358 4359 crocinus
1378 4301 1522 4357 citat-ano

216 4409 246 4461 p.
261 4397 366 4459 90,18,
384 4393 414 4445 et
431 4389 539 4444 acinius
559 4391 597 4444 Μ
603 4389 659 4443 PL
712 4395 729 4443 o
748 4406 782 4444 ex
800 4387 938 4459 pluribus]
958 4385 993 4441 de
1012 4385 1138 4456 pluribus
1157 4385 1183 4438 L
1257 4390 1289 4437 10
1308 4384 1403 4437 littera
1421 4384 1524 4438 00111

257 4478 288 4526 11
309 4470 452 4542 ferociter]
472 4470 608 4526 ueraciter
628 4470 656 4523 P
723 4476 756 4523 13
774 4486 891 4523 aceruus
909 4472 1022 4536 utroquo
1040 4467 1098 4520 loeo
1118 4464 1146 4517 P
1214 4470 1246 4517 lb
1270 4465 1389 4532 apparet
1412 4468 1523 4530 utroque

109 4559 118 4578 ⁸
221 4554 277 4608 loco
296 4552 324 4605 P
391 4549 513 4621 regulari
531 4549 639 4605 ratione
658 4550 684 4602 L
757 4555 789 4602 16
808 4549 1036 4602 intellectorem.
1056 4545 1082 4597 L
1153 4549 1187 4597 18
1206 4542 1330 4611 Arenae]
1352 4559 1441 4596 auena
1460 4543 1487 4594 P

221 4639 255 4686 23
270 4631 474 4686 loeum‘ornM
526 4635 560 4683 24
575 4628 721 4698 deportare
732 4660 764 4668 --
773 4627 873 4683 tollere
882 4627 982 4681 001Μ
1034 4630 1068 4678 25
1083 4622 1249 4678 excederent
1263 4622 1300 4675 ut
1304 4622 1331 4675 P
1381 4623 1522 4692 ignorata]

221 4712 381 4782 ignorantia
396 4711 433 4764 111
486 4708 673 4763 2810001100
688 4709 762 4776 quod
777 4725 811 4762 ex
826 4707 890 4761 aeL
927 4703 1144 4774 -30eorporeP
1193 4702 1314 4755 carnaP
1365 4709 1398 4756 33
1414 4702 1525 4756 lucillus

224 4794 260 4847 M
266 4791 323 4845 PL
377 4793 471 4844 autem
486 4804 566 4843 coma
581 4788 677 4843 heroio
692 4786 847 4856 acceptoris
862 4788 1011 4854 etungues
1028 4784 1055 4837 L
1109 4788 1143 4836 at
1161 4781 1244 4850 Apud
1260 4813 1291 4821 -
1308 4781 1409 4851 eapitis
1423 4800 1473 4837 orn.
1491 4783 1525 4835 Al
