3316 5474
630 360 678 412 DE
697 361 988 420 ORTHOGRAPHIA
1419 370 1462 434 69

151 475 174 513 ρ.
189 463 249 505 seso.
263 466 288 504 sr
304 464 327 504 r.

152 557 328 629 nascantur3
351 548 402 608 sed
423 557 520 609 tamen
541 548 787 609 aconsuetudine
802 553 924 629 accepit.
955 559 984 610 et
999 549 1137 612 cohortes
1151 571 1244 631 aeque
1264 573 1280 613 a
1299 557 1460 616 cooriendo

151 672 188 713 ex
213 653 317 714 eodem
340 655 405 715 loco
429 655 523 716 dictae
543 664 628 736 sunt3
652 656 704 716 sed
724 666 822 717 tameo
836 656 1039 717 differentiam
1059 659 1178 736 quidam
1197 680 1263 720 csse
1284 661 1460 743 maluerunt,

151 768 185 821 ut
209 759 347 821 cohortes
371 760 496 822 militum
520 780 588 822 cum
613 762 811 842 adspiratione
835 783 850 824 a
875 772 977 824 mutua
1000 764 1166 826 hortatione
1191 766 1335 828 dicantur.

242 867 315 928 ltem
340 886 398 929 non
423 867 495 929 nulli
521 868 661 929 harenam
684 888 753 930 oum
777 870 985 950 adspiratione,
1009 874 1069 931 sive
1090 875 1230 948 quoniam
1249 873 1378 954 haereat,
1397 879 1458 935 sire

109 996 123 1034 s
151 975 230 1054 quod
250 993 357 1054 aqrram
376 975 501 1055 hauriat,
520 975 675 1035 dicendam
690 978 947 1057 existimaverunt,
966 976 1030 1036 aliis
1050 979 1113 1036 sine
1129 976 1326 1057 adspiratione
1341 979 1458 1041 videtur

150 1082 369 1142 enuntiandam.
414 1101 468 1142 nos
497 1100 556 1142 non
585 1092 643 1142 tam
673 1092 796 1163 propter
825 1083 888 1143 illas
912 1102 1015 1144 sarisas
1040 1102 1112 1162 quas
1136 1103 1225 1164 supra
1249 1089 1459 1165 proposuimus

149 1192 299 1250 harenam
327 1193 468 1264 dicimus,
497 1207 583 1267 quam
612 1199 735 1269 propter
762 1192 906 1268 originem
936 1194 1029 1270 vocis,
1058 1190 1219 1272 siquidem,
1248 1201 1281 1253 ut
1304 1196 1389 1253 testis
1413 1203 1459 1254 est

150 1295 257 1376 Varro,
285 1314 301 1355 a
330 1295 447 1356 Sabinis
476 1296 575 1356 issena
606 1295 730 1376 dicitur,
758 1304 788 1356 et
816 1299 894 1357 sicut
923 1297 1145 1358 siamiliariter
1168 1301 1198 1358 in
1229 1302 1387 1379 rtransit,
1418 1302 1457 1360 ita

151 1402 165 1461 i
184 1404 215 1462 in
238 1404 364 1463 vicinam
387 1403 617 1482 adspirationem
642 1411 782 1463 mutatur.
819 1403 955 1463 similiter
975 1422 1045 1482 ergo
1064 1414 1094 1464 et
1113 1404 1223 1465 haedos
1242 1404 1368 1465 dicimus
1388 1425 1456 1466 cum

109 1530 135 1568 ιο
149 1509 358 1591 adspiratione,
377 1513 516 1588 qrroniam
536 1509 613 1569 iaedi
628 1508 803 1569 dicebantur
822 1509 898 1589 apud
919 1513 1071 1590 antiquos:
1099 1514 1169 1571 item
1189 1511 1297 1592 hircos,
1317 1514 1456 1590 quoniam

148 1616 268 1676 eosdem
297 1635 390 1695 aeque
423 1617 510 1676 tircos
539 1616 689 1677 vocabant.
734 1634 801 1675 nam
829 1626 859 1677 et
881 1637 897 1677 c
921 1621 1071 1678 contrario
1096 1637 1183 1696 quam
1208 1621 1321 1696 antiqui
1351 1618 1456 1679 habam

148 1722 294 1804 dicebant,
318 1742 372 1783 nos
396 1723 491 1783 labam
515 1724 649 1785 dicimus.

237 1831 369 1891 Cilonem
399 1849 518 1909 quoque
547 1840 576 1890 et
604 1830 733 1890 cocleam
759 1839 788 1891 et
811 1830 944 1891 cocleare
968 1834 1033 1891 sine
1057 1832 1255 1912 adspiratione
1280 1832 1454 1915 scribemus,

147 1945 178 1997 et
205 1937 345 2015 quicquid
374 1956 428 2016 per
456 1937 701 1998 consuetudinem
730 1941 846 1998 aurium
874 1940 914 1997 ita
942 1937 1061 1998 licuerit
1089 1942 1252 2000 enuntiare.
1292 1958 1350 1999 non
1375 1943 1454 2000 enim

63 2065 70 2073 ·
108 2063 134 2102 rs
148 2045 266 2104 iirmnm
290 2051 336 2104 est
360 2043 535 2103 catholicum
559 2047 832 2118 grammaticorum,
861 2063 919 2122 quo
949 2054 1072 2105 censent
1095 2045 1324 2125 adspirationem
1348 2067 1452 2107 conso-

147 2153 229 2212 nanti
248 2169 307 2210 non
328 2168 393 2209 esse
413 2150 602 2230 iungendam,
625 2169 693 2209 oum
712 2160 743 2210 et
761 2150 906 2230 Carthago
926 2151 1042 2212 dicatur
1061 2161 1090 2213 et
1109 2153 1233 2231 pulcher
1253 2162 1282 2213 et
1301 2153 1453 2214 Gracchus

145 2264 176 2317 et
199 2255 277 2317 Otho
301 2262 332 2315 et
354 2255 498 2317 Bncchus.

233 2363 258 2423 T
282 2352 400 2443 quoque
421 2371 451 2423 et
470 2364 488 2424 d
507 2363 633 2444 litterae,
656 2383 731 2443 qrrae
751 2372 821 2425 sunt
839 2367 918 2424 inter
937 2384 968 2426 se
988 2366 1109 2445 adimes,
1133 2385 1191 2426 non
1213 2366 1322 2426 nullam
1340 2365 1451 2427 babent

143 2470 394 2552 observationem,
422 2490 459 2531 ne
491 2473 696 2550 intempestive
726 2473 851 2530 invicem
881 2472 1049 2532 succedant.
1087 2490 1154 2531 nam
1182 2475 1293 2532 scimus
1316 2473 1450 2532 diversas

103 2586 244 2658 reportes
267 2581 409 2639 orationis
433 2579 511 2659 lieri,
534 2596 602 2637 cum
627 2578 712 2638 modo
736 2598 790 2658 per
814 2578 841 2658 d,
865 2578 952 2638 modo
976 2597 1029 2658 per
1053 2588 1065 2640 t
1088 2579 1254 2639 scribimus.
1292 2587 1324 2638 ot
1347 2598 1414 2639 cum
1439 2589 1451 2639 t

143 2687 383 2745 coniunctionem
408 2685 614 2745 disiunctivam
639 2686 717 2766 iacit,
741 2695 774 2746 ut

303 2800 337 2851 at
359 2795 483 2870 regina
507 2794 606 2871 gravi
631 2794 695 2853 iam
719 2791 850 2852 dudum
874 2794 997 2851 saucia
1021 2811 1119 2854 cura:

142 2897 178 2956 ad
201 2898 298 2976 perd
322 2901 580 2978 praepositionem,
604 2907 637 2959 ut

304 3004 343 3064 ad
368 3014 401 3064 te
425 3006 596 3084 coniugio
621 3015 655 3066 et
679 3005 829 3085 supplex
854 3014 912 3064 tua
937 3009 1079 3066 numina
1102 3025 1221 3086 posco.

103 3132 128 3170 ss
144 3112 215 3170 item
245 3112 310 3188 quit
339 3110 488 3188 [verbum]
518 3131 571 3191 per
601 3122 612 3172 t
640 3115 783 3191 scriptum
812 3111 935 3171 verbum
963 3123 1009 3171 est
1039 3114 1142 3172 tertiae
1170 3130 1327 3191 personae,
1359 3115 1446 3173 cuius

142 3219 235 3296 prima
260 3227 306 3276 est
329 3236 420 3297 qrren:
448 3227 477 3277 at
500 3238 554 3297 per
576 3219 594 3278 d
619 3236 783 3298 pronomen
808 3220 905 3277 nentri
929 3221 1056 3296 generis.
1099 3218 1234 3277 similiter
1263 3228 1336 3295 rpuot
1358 3238 1412 3299 per
1437 3230 1448 3280 t

141 3322 313 3383 adverbium
343 3328 458 3385 numeri
487 3336 547 3408 est,
574 3329 622 3387 cui
647 3327 828 3386 corrtrariunr
853 3324 1001 3402 estquod
1025 3343 1079 3403 per
1101 3324 1134 3404 d,
1164 3342 1327 3403 pronomen
1352 3345 1445 3405 aeque

140 3432 259 3508 generis
284 3433 391 3491 neutri.
418 3425 421 3511 l
447 3433 524 3493 aliud
549 3445 595 3495 est
618 3437 696 3494 enim
721 3428 811 3510 ‘quod
835 3426 984 3491 volumen’
1008 3441 1039 3491 et
1061 3426 1146 3509 ‘quot
1169 3427 1337 3492 volumina'.
1374 3450 1443 3492 nam

229 3601 320 3655 Codex
334 3601 484 3656 Parrhasii
520 3604 600 3658 2sed
613 3606 709 3657 tamen
723 3599 921 3671 differentiam]
938 3601 1238 3656 etiam-differentiam
1292 3601 1446 3657 adicenda

193 3688 209 3734 6
228 3682 341 3749 propter
360 3682 435 3752 illas]
460 3700 509 3752 per
527 3682 590 3737 illas
663 3689 677 3736 7
697 3683 830 3735 harenam
850 3681 968 3736 dicimus
985 3697 1036 3737 ooo.
1109 3689 1124 3736 8
1143 3682 1251 3753 laeena]
1269 3683 1383 3737 sansana

139 3759 261 3831 abedoc
344 3766 377 3813 10
396 3761 471 3815 foedi
554 3770 585 3817 11
607 3763 698 3832 fireos]
723 3761 812 3815 iercos
899 3770 932 3816 16
952 3762 1085 3829 gracchos
1105 3767 1134 3816 et
1152 3763 1219 3816 otho
1239 3766 1268 3816 ot
1286 3763 1392 3819 bochus

140 3899 178 4028 20,
194 3891 340 3946 scribimus
360 3911 423 3947 cum
488 3901 520 3948 21
541 3894 610 3949 facit
630 3897 661 3950 ai
678 3896 776 3965 regina
837 3904 871 3952 26
890 3850 927 3967 ad
943 3914 993 3967 per
1011 3897 1029 3950 d
1048 3897 1139 3950 codem
1158 3914 1242 3951 mono
1259 3900 1445 3967 superscripto

137 3977 151 4028 i
178 3976 260 4029 idern

228 4115 241 4161 1
262 4110 292 4163 ei
309 4109 447 4177 cohortes]
465 4126 494 4177 p.
514 4113 557 4173 74,
580 4114 615 4162 16
687 4125 704 4162 a
722 4110 874 4163 coercendo
893 4108 921 4162 R
992 4117 1008 4163 2
1028 4109 1121 4163 dictae
1141 4111 1217 4163 suni:
1236 4113 1266 4162 et
1283 4127 1344 4164 eam
1364 4109 1444 4163 diffe-

137 4189 256 4243 rentiam
276 4188 387 4257 qnidam
404 4205 462 4242 esse
478 4188 626 4242 voluerrmi
643 4186 671 4241 It
742 4189 772 4242 ei
790 4190 884 4241 tamen
903 4189 1089 4244 differentiam
1103 4196 1236 4244 corrector
1249 4192 1351 4244 codicis
1366 4191 1442 4243 Vari-

137 4271 202 4323 coni
265 4267 371 4322 libem
391 4268 519 4323 nonnulli
534 4300 567 4307 -
580 4275 612 4322 12
631 4269 749 4323 dicimus
764 4274 883 4338 p.81‚3
950 4268 1096 4323 bridetur
1115 4267 1298 4323 enuntianda:
1317 4285 1367 4322 noa
1386 4285 1443 4323 non

135 4351 195 4403 iam
213 4366 263 4418 per
281 4348 345 4402 illas
363 4348 391 4401 la
446 4349 614 4402 iherenam
633 4347 751 4404 dicimus
769 4368 819 4405 om.
838 4351 866 4404 Ji
916 4348 1082 4417 8qu0niam
1102 4349 1177 4418 apud
1196 4347 1327 4415 antiquos
1346 4348 1442 4404 mena

136 4431 346 4497 eraip.81,11
411 4436 427 4483 9
446 4429 552 4484 hoedos
571 4429 689 4484 dicimus
708 4449 770 4484 eum
790 4429 967 4500 aspiratione,
988 4428 1120 4496 quoniam
1138 4428 1213 4482 foedi
1232 4426 1396 4481 dicebantur
1415 4429 1442 4482 R

173 4515 205 4563 13
226 4508 363 4578 Cilonem]
381 4525 409 4576 p.
422 4513 511 4574 74,13
567 4517 600 4565 20
620 4511 780 4566 scribimus:
799 4528 862 4565 cnm
881 4512 894 4562 t
912 4508 1136 4563 coniunctionem
1155 4506 1352 4562 disiunoiinam
1371 4507 1443 4563 iacit

136 4590 173 4643 At
190 4588 289 4659 regina
307 4587 342 4642 R.
362 4590 393 4641 at
411 4593 473 4643 autc
492 4607 556 4644 cum
575 4592 685 4645 addidit
703 4583 835 4646 corrector
854 4592 953 4646 codicis
977 4589 1107 4643 Vaticani
1178 4590 1219 4660 at]
1235 4606 1265 4657 p.
1285 4593 1333 4654 62,
1352 4594 1389 4642 10

136 4675 169 4721 22
189 4672 219 4722 ab
237 4667 347 4738 regina]
373 4667 449 4737 Verp.
469 4670 537 4723 Aen.
560 4672 674 4724 [1111
765 4677 800 4724 24
823 4673 859 4726 ad
877 4669 1224 4742 ie]Vcrp.Aco.1666
1313 4673 1348 4722 25
1364 4669 1441 4724 *item

136 4748 197 4817 quii
211 4779 244 4788 -
261 4754 295 4802 28
314 4751 404 4804 neutri
423 4751 533 4820 generis
550 4751 644 4805 Velius
661 4751 775 4822 Loopoe
792 4754 870 4822 opud
889 4751 1092 4808 Cussiodoriom
1110 4766 1142 4818 p.
1161 4754 1241 4805 2287
1321 4755 1355 4804 27
1378 4766 1441 4818 pro·

135 4846 237 4883 nomen
257 4831 285 4882 ei
302 4830 413 4898 generis
432 4831 525 4884 neutri
542 4829 571 4885 R
