3316 5474
699 379 893 435 EXGERPTA
1374 377 1437 442 357

136 480 288 531 pmmm

136 567 310 644 pronomine
339 567 410 625 satis
433 566 625 625 tractavimus
650 611 657 624 .
680 582 727 644 va,
755 568 780 625 si
808 583 875 626 cnm
904 566 994 625 animi
1022 563 1139 624 adiectu
1169 564 1352 644 proseratur,
1382 562 1438 622 boc

137 681 182 733 est
204 690 258 751 per
282 674 525 754 suspirationem,
548 673 606 732 erit
627 673 811 753 interiectio,
834 681 868 732 ut
890 681 960 751 puta

273 797 312 838 va
337 796 594 858 quemquamne
618 777 796 838 bominem
818 781 853 839 in
876 781 992 839 animo
1014 779 1215 838 instituere
1239 789 1300 838 aut

273 904 402 965 parare
426 894 466 946 ut
488 888 535 946 sit
558 886 682 945 carius
705 904 808 964 quam
831 887 907 966 ipse
932 895 985 946 est
1009 884 1079 944 sibi
1104 933 1110 944 .

96 1006 109 1046 ⁵
137 995 162 1052 si
186 1004 255 1053 toro
279 1012 312 1052 ra
336 1012 390 1073 pro
413 996 567 1054 vocatione
590 991 686 1071 aliqua
714 993 896 1074 proseratur,
924 995 982 1053 erit
1009 990 1181 1053 adverbium
1209 993 1378 1074 irascentis,
1406 1002 1440 1053 ut

137 1095 183 1159 ‘va
210 1100 362 1161 bominum
390 1093 582 1179 nequissime'
611 1146 618 1158 .
646 1100 689 1158 sic
722 1108 753 1159 et
784 1098 856 1160 aliae
888 1101 1112 1160 interiectioncs
1144 1098 1181 1158 ab
1208 1098 1273 1160 aliis
1304 1097 1439 1178 partibus

137 1209 279 1267 orationis
306 1207 530 1287 discernuntur,
563 1206 619 1266 boc
649 1215 695 1266 est
723 1214 769 1286 ut,
801 1207 939 1285 quotiens
967 1207 1097 1266 animum
1129 1224 1183 1284 per
1210 1208 1439 1285 suspirationem

137 1332 255 1373 movere
279 1316 485 1396 inveniuntur,
509 1324 572 1375 tum
595 1331 666 1374 suae
690 1314 845 1392 potestatis
869 1311 1168 1393 esseintellegantur
1187 1361 1193 1373 .
1215 1314 1261 1372 sin
1286 1332 1355 1373 rero
1379 1332 1439 1374 non

137 1440 190 1500 per
214 1423 441 1500 suspirationem
470 1422 572 1502 animi,
605 1418 658 1480 sed
686 1418 771 1479 aliter
799 1420 1007 1500 proteruntur,
1039 1418 1069 1479 id
1103 1418 1181 1498 quod
1209 1421 1440 1497 significaverint

98 1542 123 1580 1⁰
136 1530 375 1607 pronuntiantur.

224 1634 283 1695 Vae
306 1636 474 1695 interiectio
498 1652 635 1713 pressum
659 1642 816 1695 accentum
838 1633 948 1694 habere
972 1636 1130 1713 reperitur.

224 1741 265 1801 De
289 1743 496 1802 interiectione
520 1748 665 1820 quantum
688 1743 763 1828 ratio
786 1740 928 1820 poscebat
950 1739 1168 1820 respondimus.
1189 1741 1195 1817 Ι

414 1931 767 1999 REOAPITVLA'HO
795 1932 855 1998 DE
883 1931 1159 1999 ACCENTIBVS

224 2082 371 2141 nocentes
399 2080 470 2161 quid
499 2077 566 2141 est?
608 2080 694 2142 Certa
723 2080 769 2140 lei
797 2089 829 2141 ct
856 2079 957 2159 regula
985 2079 1021 2140 ad
1048 2078 1200 2141 levandam
1227 2078 1366 2160 syllabam
1395 2079 1439 2141 rel

95 2188 334 2268 apronianum.
376 2190 524 2249 docentus
552 2187 630 2248 unde
658 2186 756 2248 dictus
784 2189 848 2247 est?
884 2187 970 2257 Quod
997 2189 1079 2248 iuxta
1108 2189 1303 2262 contemsit,
1329 2197 1363 2249 nt
1390 2187 1439 2248 ad·

135 2295 283 2375 verbium,
307 2295 386 2374 quod
410 2297 490 2356 iuxta
514 2294 638 2356 verbum
656 2298 703 2355 sit.
740 2294 822 2355 luter
841 2303 996 2355 accentum
1015 2303 1045 2355 et
1063 2304 1182 2356 cantum
1202 2296 1272 2373 quid
1292 2292 1439 2357 interest?

137 2402 220 2473 Quod
253 2413 358 2464 cantus
390 2405 421 2462 in
453 2404 579 2484 musica,
617 2410 759 2464 accentus
790 2405 820 2463 iu
853 2405 986 2463 oratioue
1018 2409 1072 2462 est
1119 2402 1280 2484 locemus,
1317 2405 1369 2482 qni
1403 2402 1438 2462 ad

136 2511 282 2571 acuendos
306 2508 429 2589 syllabas
452 2509 673 2589 gravandasque
692 2512 857 2592 pertinent,
880 2520 953 2589 quot
972 2506 1063 2572 sunt?
1099 2509 1188 2592 Tres,
1210 2511 1240 2571 id
1260 2521 1307 2572 est
1325 2521 1440 2593 acutus,

135 2619 245 2697 gravis,
269 2615 478 2677 cirenmllexus
502 2664 508 2676 .
532 2618 625 2677 ceteri
649 2634 708 2676 non
732 2619 825 2694 magis
848 2624 989 2677 accentus
1013 2635 1100 2695 quam
1125 2627 1210 2679 notae
1235 2615 1369 2679 brevium
1393 2616 1439 2677 vol

95 2736 122 2776 eo
136 2721 289 2801 longarum
313 2722 504 2804 syllabarum,
527 2723 743 2803 adspiratarum
762 2721 807 2781 vel
826 2722 945 2783 exilium
965 2722 1149 2806 iudicantur,
1173 2743 1299 2804 quorum
1320 2727 1438 2785 nomina

135 2840 205 2890 sirnt
228 2829 340 2911 brevis,
363 2829 482 2910 longus,
505 2830 680 2911 adspiratio,
702 2829 816 2890 exilitas
840 2877 846 2890 .
871 2830 923 2891 sed
947 2830 1036 2912 haec,
1057 2840 1090 2892 ut
1109 2831 1182 2912 dixi,
1206 2831 1349 2911 simplicia
1369 2841 1440 2891 sunt

135 2939 231 3015 signa,
261 2955 335 3015 quae
364 2954 423 2996 non
451 2945 540 3015 egent
567 2935 765 3015 disputatione
794 2935 867 2996 ,illi
895 2955 965 2998 vero
993 2946 1134 2999 accentus
1162 2939 1214 3016 qui
1241 2935 1438 2998 bumilitatem

136 3042 180 3103 vel
204 3043 389 3103 altitudinem
413 3041 591 3122 syllabarum
610 3042 786 3124 ostendunt,
812 3043 842 3103 id
866 3053 912 3104 est
935 3052 1054 3126 acutus,
1082 3047 1193 3125 gravis,
1221 3043 1439 3125 circumflexus,

134 3150 221 3228 plena
244 3152 359 3211 ratione
384 3149 528 3212 tractandi
551 3161 629 3212 suut.
675 3152 789 3211 Acutus
812 3169 867 3211 cur
890 3147 1022 3211 dicitur?
1065 3150 1150 3221 Quod
1178 3158 1263 3210 acuat
1291 3158 1321 3210 et
1345 3152 1439 3229 erigat

95 3271 121 3311 es
136 3255 282 3335 syllabam.
321 3256 423 3316 Gravis
447 3254 561 3336 quare?
604 3257 689 3328 Quod
713 3258 859 3338 deprimat
886 3267 915 3318 et
943 3257 1084 3338 deponat:
1112 3259 1168 3317 iste
1197 3258 1365 3318 contrarius
1393 3265 1440 3317 est

136 3372 231 3423 acuto.
269 3362 346 3433 Quid
371 3361 602 3425 circumflexus?
638 3363 751 3445 Duplex
775 3372 833 3424 est:
864 3382 931 3425 nam
959 3384 995 3425 er
1023 3374 1110 3426 acuto
1134 3373 1164 3425 et
1187 3368 1268 3444 gravi
1291 3374 1438 3426 constat.

225 3577 238 3622 1
258 3570 299 3641 iu]
323 3571 396 3625 iuter
421 3573 458 3625 M
537 3571 605 3626 satis
629 3570 813 3626 tracteuimus
833 3571 871 3625 M
892 3570 960 3626 mtis
978 3574 1164 3628 transmittani
1183 3573 1211 3627 Β
1293 3579 1309 3627 3
1328 3590 1365 3628 ua
1384 3590 1438 3642 que

136 3666 256 3717 quamne
280 3652 329 3704 II:
355 3653 459 3707 Terent.
484 3653 600 3721 Adelpib.
620 3652 641 3705 I
658 3656 720 3719 1,13
801 3654 851 3707 ant
878 3652 988 3724 perure]
1017 3670 1053 3709 eu
1080 3669 1178 3723 parere
1203 3653 1275 3707 ΒΜ
1355 3660 1439 3721 tper

135 3731 348 3800 suspirationem
368 3735 474 3791 moveri
492 3735 616 3791 indicere
632 3732 814 3789 inveniuntur
831 3735 945 3788 contem
966 3733 1072 3787 Tbnrot
1088 3750 1168 3788 reone
1186 3735 1300 3804 critipm
1318 3752 1344 3789 a.
1364 3739 1439 3791 1877

130 3831 160 3883 p.
180 3818 236 3868 308
320 3830 370 3883 per
394 3814 609 3884 suspirationem
628 3817 724 3885 priore
747 3816 804 3869 loco
827 3830 877 3870 om.
899 3814 948 3880 Μ,
966 3815 1030 3869 add.
1048 3815 1077 3868 Β
1158 3819 1174 3866 8
1193 3817 1254 3869 tum
1273 3815 1352 3886 suae]
1371 3813 1438 3868 dum

135 3908 200 3946 suae
219 3892 246 3944 Β
265 3895 360 3947 tamen
379 3911 427 3949 seu
447 3896 484 3948 M
553 3894 596 3949 siu
619 3912 685 3950 vero
707 3910 763 3950 non
785 3911 836 3964 per
857 3893 1071 3963 suspirationem
1098 3911 1160 3949 cum
1184 3893 1286 3949 affectu
1308 3894 1395 3949 enimi
1413 3900 1439 3949 et

135 3972 232 4026 deinde
251 3975 432 4041 pronuntiant
448 3991 500 4044 pro
518 3974 734 4044 pronuntientur
752 3978 867 4031 coniecit
888 3976 993 4030 Tburot
1012 4017 1019 4030 .
1038 3977 1139 4030 rectius
1158 3975 1279 4029 cratein
1297 3992 1363 4030 vero
1382 3991 1438 4030 nou

134 4069 183 4121 per
202 4051 430 4122 suspirationem,
457 4056 511 4109 hoc
530 4057 574 4109 est
592 4072 656 4109 cum
679 4056 864 4111 commotione
889 4055 989 4121 enimi,
1017 4056 1066 4110 sed
1084 4056 1167 4109 aliter
1190 4054 1382 4124 proferuntur,
1408 4054 1438 4108 id

135 4133 207 4202 quod
223 4133 443 4202 significaverint
456 4150 516 4188 esse
530 4135 754 4203 pronuntientur.
826 4134 868 4189 sin
883 4152 949 4190 uero
962 4134 990 4187 B
1005 4132 1030 4187 si
1044 4150 1110 4188 uero
1122 4136 1160 4189 Μ
1230 4141 1245 4189 3
1260 4135 1438 4204 proferuntur

135 4211 1110 4285 immmffimmBmmmmmmMmfflmffiM
1182 4214 1368 4269 ΠῊΒΜ

137 4299 169 4346 13
189 4294 230 4347 In
246 4294 473 4362 recapitulatione
497 4294 529 4346 de
552 4294 707 4348 accentibus
725 4300 837 4362 praeter
860 4295 984 4349 lectiones
1007 4295 1130 4349 codicum
1147 4294 1219 4348 ΒΜ
1235 4295 1377 4363 adscripta
1400 4299 1438 4348 en

135 4375 321 4443 discrepantia
345 4373 446 4426 codicis
465 4372 642 4427 Monacensis
660 4378 743 4439 6393,
765 4375 830 4428 olim
853 4365 1042 4443 Friainpmeio
1065 4379 1119 4429 199
1137 4372 1191 4441 (F)
1210 4418 1216 4428 .
1234 4375 1298 4428 item
1315 4390 1329 4428 e
1347 4374 1438 4428 codice

136 4454 278 4519 Leidensi,
302 4469 355 4522 qno
377 4468 444 4506 nens
466 4458 505 4505 est
527 4452 671 4507 Lucienus
696 4451 848 4508 Maelianae
869 4470 935 4507 mus.
956 4452 1042 4508 Rben.
1061 4471 1086 4509 o.
1108 4455 1232 4508 XVIII
1247 4457 1285 4518 (a.
1305 4458 1392 4522 1863)
1407 4470 1435 4522 p.

135 4540 190 4588 169
209 4550 262 4602 epp.
288 4549 383 4600 panca
411 4532 552 4599 adscripta
579 4538 643 4585 eant
662 4553 670 4584 :
689 4533 722 4599 cf.
746 4549 834 4602 snpra
848 4551 879 4603 p.
898 4537 1003 4597 32⁹,12
1075 4532 1369 4589 RECAPITVLATIO
1387 4533 1436 4587 DE

136 4612 362 4668 ACCENTIBVS
386 4629 436 4666 om.
454 4610 495 4678 B,
518 4611 584 4665 aaa.
604 4611 677 4665 ΜΒ
748 4615 843 4668 tuest
864 4630 914 4668 one
938 4612 1046 4666 ΒΜΒ1
1115 4618 1147 4670 nt
1164 4631 1214 4670 om.
1241 4615 1278 4667 Μ
1349 4620 1381 4668 16
1400 4613 1438 4667 sit

135 4692 674 4747 memtnammmm
744 4692 964 4748 mmm]
1032 4695 1330 4762 wfflmmmB
1401 4701 1435 4749 m

135 4774 271 4842 adspirati
291 4775 326 4827 Μ
333 4773 363 4827 F
450 4780 484 4828 24
504 4792 552 4828 cur
570 4775 667 4828 acutus
685 4773 787 4829 dicitur
806 4773 837 4826 F
924 4780 958 4828 25
977 4775 1071 4843 mauis
1091 4792 1175 4843 quere
1194 4774 1296 4829 dicitur
1315 4773 1346 4828 F

136 4861 170 4909 26
189 4854 257 4925 quid
276 4854 465 4909 circumflexus
483 4855 586 4909 dicitur
604 4853 635 4907 F
