3316 5474
227 363 292 428 124
435 396 441 408 ·
791 365 965 422 aunonun

228 478 248 517 p.
261 465 321 507 aare.
336 467 363 506 aa
375 467 400 506 r.

315 550 448 612 Crassari
470 553 605 631 corporis
628 560 674 613 est
697 561 728 613 et
750 554 877 634 saginae,
900 555 1029 633 grassari
1051 555 1140 614 animi
1164 562 1194 615 et
1216 554 1406 617 crudelitatis.

314 657 420 719 Album
448 668 570 721 naturae
601 666 717 719 tantum
745 666 803 740 est,
831 658 987 720 candidum
1017 660 1190 740 frequenter
1214 670 1244 722 et
1267 661 1366 722 studii.
1407 681 1474 724 nam
1498 671 1528 724 et

226 768 345 845 corpori
368 774 398 826 et
421 767 518 827 animo
542 767 720 847 aliquotiens
743 766 923 846 adsignatur.
959 766 1041 827 albos
1069 785 1140 846 ergo
1164 768 1293 849 capillos,
1316 787 1436 831 carnem
1460 790 1527 831 ean·

226 871 323 933 didam
346 882 428 934 recte
451 874 584 935 dicimus.
606 872 610 955 Ι

313 978 457 1041 Muliebre
476 979 585 1042 dicitur
604 999 619 1040 a
639 980 814 1042 mulieribus
833 980 944 1061 aliquid
964 982 1083 1062 lactum,
1102 981 1305 1044 mulierarium
1319 1001 1373 1063 per
1388 972 1555 1045 mulieress

224 1086 334 1167 aliquid
358 1086 527 1148 ordinatum
549 1095 580 1148 et
602 1106 656 1168 per
679 1089 760 1148 viros
783 1095 908 1166 gestum.

300 1193 454 1255 inventus
473 1194 559 1255 multi
578 1196 699 1255 iuvenes
718 1194 868 1276 dicuntur,
890 1197 1025 1255 invenias
1043 1198 1133 1256 unius
1153 1196 1280 1258 bominis
1294 1206 1383 1279 aetas,
1407 1198 1528 1260 iuventa

140 1317 148 1333 ·
224 1303 287 1381 ipsa
315 1300 382 1382 dea,
411 1311 445 1362 ut
472 1301 575 1362 Graeci
605 1301 709 1362 dicunt
737 1301 802 1379 [ant
824 1310 858 1363 ut
879 1301 1012 1382 poetae]‚
1039 1301 1162 1364 lunonis
1185 1303 1256 1386 illia,
1285 1323 1360 1365 uxor
1383 1305 1528 1389 Herculis,

226 1427 242 1467 a
266 1426 323 1486 qua
346 1407 463 1470 lunium
487 1427 619 1470 mensem
644 1409 821 1489 appellatum
845 1412 874 1469 in
898 1408 983 1469 libris
1006 1410 1150 1470 fastorum
1174 1410 1307 1490 legimns.

316 1515 461 1575 Delictum
492 1525 648 1595 peccatum
680 1516 798 1597 aliquod
836 1516 975 1597 dicimus,
1007 1535 1024 1573 e
1057 1516 1205 1579 delectum
1237 1518 1358 1581 militiae
1391 1530 1442 1581 ant
1477 1522 1569 1582 ali-10

225 1624 312 1684 cuius
340 1624 482 1683 examinis
509 1621 685 1684 electionem
713 1622 932 1705 appellabimus.
988 1642 1055 1684 nam
1079 1623 1161 1704 diligi
1191 1625 1364 1687 adiectionis
1391 1637 1450 1708 est,
1479 1629 1528 1688 de-

224 1729 275 1809 ligi
299 1730 408 1791 iudicii.

314 1838 395 1898 lnter
424 1827 641 1899 commodatum
670 1847 699 1899 et
727 1846 830 1898 mutuo
859 1837 960 1899 datum
985 1838 1140 1899 nonnihil
1164 1839 1271 1899 diilert.
1309 1840 1529 1902 commodamus

226 1948 320 2005 amico
343 1964 397 2024 pro
425 1953 560 2025 tempore
584 1964 707 2027 equum,
731 1954 857 2027 restem,
880 1963 1012 2027 servum,
1035 1945 1110 2006 banc
1133 1948 1227 2025 ipsam
1250 1964 1313 2006 rem
1337 1965 1425 2026 quam
1449 1948 1529 2009 dedi·

225 2071 291 2112 mus
319 2055 482 2132 recepturi:
510 2060 613 2114 mutuo
642 2053 746 2114 damnis
772 2054 943 2134 pecuniam,
975 2055 1122 2134 triticum,
1149 2054 1250 2113 vinum
1283 2062 1313 2114 et
1340 2053 1388 2115 his
1415 2054 1529 2136 similia,
1544 2075 1569 2114 rs

224 2177 298 2238 quae
322 2168 434 2221 mutata
457 2161 550 2239 recipi
573 2178 695 2221 necesse
719 2168 772 2221 est

316 2267 399 2345 Ligat
422 2268 489 2345 quis
512 2265 643 2349 vinculo,
666 2266 744 2346 legat
768 2274 952 2328 testamento.

315 2372 410 2453 Loqui
433 2374 561 2434 bominis
584 2381 639 2456 est,
661 2371 782 2451 obloqui
805 2371 1023 2457 obtrectatoris,
1046 2375 1124 2434 sicut
1147 2371 1239 2435 obicit
1261 2376 1397 2455 opponit3
1421 2374 1529 2455 alloqui

225 2481 376 2541 suadentis
399 2480 444 2540 rel
467 2479 612 2541 hortantis
636 2488 686 2540 aut
708 2478 852 2561 iubentis,
875 2479 975 2559 eloqui
997 2482 1132 2567 oratoris.

312 2585 493 2648 Percussum
511 2605 636 2666 corpore
657 2585 792 2666 dicimus,
813 2585 985 2665 perculsum
1005 2588 1116 2647 animo:
1136 2585 1240 2646 Cicero
1256 2585 1293 2646 de
1315 2588 1407 2665 signis
1427 2581 1527 2647 ‘tam-
1544 2608 1570 2646 eo

177 2695 180 2700 ’
225 2712 326 2773 quam
350 2693 410 2755 illa
433 2696 509 2775 ipsa
534 2695 608 2755 iace
632 2693 826 2773 perculsus
849 2687 974 2752 esset'.

313 2799 449 2862 Ellerunt
472 2803 523 2879 qui
546 2809 711 2882 exportant,
735 2800 873 2861 eclerunt
895 2801 947 2879 qui
970 2798 1116 2860 laudando
1141 2799 1300 2861 extollunt:
1322 2799 1400 2861 idem
1424 2799 1528 2859 Cicero

225 2902 391 2968 ‘nimium
414 2906 500 2968 baec
522 2907 579 2969 illi
603 2910 759 2969 sortasse
783 2902 973 2968 ecferant'.

312 3013 483 3076 Periculum
507 3014 542 3075 ad
566 3014 725 3076 discrimen
750 3016 889 3094 pertinet,
912 3014 1057 3096 periclum
1081 3013 1117 3075 ad
1141 3002 1386 3095 experimentum.

316 3312 328 3359 1
351 3304 465 3376 saginae
483 3306 511 3360 Β
529 3310 555 3360 et
571 3306 651 3360 Beda
667 3323 695 3374 p.
711 3310 803 3370 2782,
823 3302 967 3374 sanguinis
987 3303 1025 3356 M
1085 3309 1101 3356 2
1120 3320 1184 3358 nam
1204 3305 1234 3358 et
1251 3301 1361 3373 corpori
1380 3301 1529 3372 aliquoties

225 3389 254 3440 et
272 3385 367 3441 animo
385 3385 551 3455 adsignatur
568 3387 595 3439 Β
673 3394 689 3441 6
712 3384 819 3454 aliquid
838 3385 987 3453 posteriorc
1005 3384 1061 3438 loco
1079 3400 1130 3438 om.
1149 3384 1176 3435 B
1195 3388 1220 3438 et
1237 3384 1316 3438 Beda
1334 3399 1364 3452 0.
1384 3387 1458 3438 2791

224 3468 359 3539 gestuml
371 3468 473 3523 iestnm
492 3465 520 3518 Β
610 3474 626 3521 8
651 3470 701 3520 aut
723 3467 755 3519 ut
777 3466 877 3535 poetae
897 3465 935 3517 M
955 3464 1006 3518 aut
1028 3464 1129 3532 poetae
1149 3463 1176 3515 Β
1194 3468 1219 3517 et
1237 3462 1316 3517 Beda
1329 3478 1360 3529 p.
1380 3467 1459 3518 2788

225 3554 241 3602 e
260 3549 381 3618 legimus
397 3547 427 3602 in
445 3546 525 3602 libris
543 3545 678 3602 fastorum
697 3547 725 3599 Β
816 3550 849 3597 10
867 3543 1007 3598 delectum
1026 3543 1147 3598 militiae
1166 3559 1183 3602 ς
1201 3543 1336 3598 dilectum
1354 3542 1474 3597 militiae
1494 3545 1532 3597 M

224 3627 359 3682 delictum
377 3625 496 3681 militiae
514 3626 550 3679 Β.
579 3624 860 3690 incomminatione,
884 3640 940 3691 qua
958 3623 1081 3691 definitio
1095 3624 1245 3693 participii
1262 3621 1398 3688 dilectus,
1422 3623 1495 3691 qnod
1513 3641 1531 3676 a

225 3708 328 3762 delectu
345 3708 463 3760 militum
482 3705 631 3774 Aproeciue
649 3706 829 3769 distinxerat,
847 3703 948 3757 excidit
1041 3709 1071 3756 11
1093 3719 1162 3756 nam
1177 3701 1259 3772 diligi
1279 3702 1316 3756 M
1321 3716 1338 3760 ς
1356 3719 1421 3757 nam
1441 3703 1529 3756 0111-

224 3785 282 3856 legi
300 3786 328 3839 Β
401 3791 433 3838 13
453 3784 557 3855 differt]
576 3785 665 3839 1110101
682 3785 709 3837 Β
776 3783 1002 3838 commendamus
1020 3783 1048 3836 Β
1122 3789 1155 3837 14
1174 3782 1265 3837 emico
1283 3783 1325 3838 bie
1342 3784 1474 3852 scriptum
1492 3789 1530 3837 est

224 3868 256 3920 in
275 3866 313 3919 M
383 3863 498 3935 equum]
518 3863 624 3919 animal
643 3865 670 3917 B
742 3869 776 3917 18
796 3862 870 3917 01001
888 3861 985 3932 obicit]
1005 3862 1079 3917 sicut
1097 3862 1201 3918 obiecit
1219 3862 1307 3917 obicit
1324 3863 1352 3917 Β
1424 3863 1529 3931 alloqui

224 3945 417 4016 persuadentis
444 3943 584 4002 hortantis
609 3944 655 3998 uel
680 3943 803 3998 iubentis
828 3944 868 4009 Β,
899 3943 1014 4012 adloqui
1044 3941 1237 4012 persuadentia
1267 3942 1461 4011 hortantisque
1486 3944 1531 3996 rel

224 4025 347 4081 iubentis
366 4025 445 4080 Beda
458 4045 489 4095 p.
508 4031 585 4082 2790
665 4030 699 4078 20
718 4023 875 4094 tamquam]
895 4024 950 4078 Cic.
969 4027 1001 4078 in
1025 4024 1099 4079 Vm.
1118 4028 1171 4080 oct.
1188 4038 1238 4077 aec.
1259 4023 1342 4075 IIII
1360 4027 1404 4087 34,
1423 4028 1459 4077 75

225 4113 257 4160 al
272 4107 334 4162 1000
349 4106 377 4158 Β
389 4105 475 4161 facies
491 4105 529 4159 Μ
598 4111 632 4159 22
655 4104 782 4158 Efferunt
795 4103 842 4171 qui
856 4105 1014 4172 portentet
1028 4102 1146 4158 efferunt
1160 4102 1209 4172 qui
1226 4101 1367 4157 laudando
1381 4101 1527 4155 extollunt.

225 4187 304 4242 Idem
323 4186 414 4241 cicero
431 4188 549 4243 nimium
568 4188 639 4241 baec
656 4186 700 4240 illi
718 4185 834 4239 fortasse
853 4184 973 4239 01101001
990 4199 1014 4242 s.
1042 4184 1077 4249 cf.
1095 4182 1170 4237 Nou.
1187 4199 1216 4250 0.
1235 4186 1337 4245 aaut
1360 4181 1463 4235 ecierre
1482 4198 1529 4234 01-

224 4268 392 4324 101101οε111.
412 4267 522 4323 Tullius
540 4268 574 4323 de
594 4266 681 4335 signis
700 4267 742 4334 (tn
765 4265 840 4319 Verr.
861 4269 912 4319 oct.
931 4281 980 4319 ecc.
1000 4263 1085 4317 IIII
1102 4267 1147 4330 56,
1165 4264 1232 4330 124)
1257 4260 1385 4315 ‘nimium
1410 4261 1528 4315 forsitan

225 4350 294 4403 hoec
312 4348 356 4403 illi
374 4347 511 4403 mirentur
529 4350 616 4417 atque
635 4346 769 4402 ecleront’
844 4341 981 4413 ecferunt]
1001 4342 1031 4395 et
1048 4339 1142 4395 ferunt
1160 4340 1187 4394 Β
1206 4340 1301 4411 etqui
1318 4340 1412 4396 ferunt
1431 4342 1468 4394 M

225 4452 258 4499 21
278 4446 352 4499 idem
371 4446 487 4501 nimium
506 4446 575 4500 haec
592 4443 636 4499 1111
653 4442 902 4498 1011010001101001
920 4440 947 4494 B
965 4440 1039 4495 idem
1058 4426 1379 4493 011001001111011011
1399 4439 1468 4493 haec
1487 4441 1529 4492 illi

225 4525 342 4580 fortasse
371 4528 408 4580 M
518 4534 553 4581 24
583 4524 740 4579 Periculum
768 4522 803 4576 ad
831 4521 979 4576 discrimen
1008 4519 1132 4590 pertinet
1158 4517 1294 4587 periclum
1321 4520 1401 4585 (corr.
1430 4519 1465 4570 nl.
1495 4537 1527 4572 ru.

225 4603 392 4675 periculum)
418 4606 456 4661 ad
482 4606 704 4676 experimentum
732 4599 759 4652 Β
787 4598 942 4654 Discrimen
970 4598 1007 4654 ad
1035 4597 1190 4667 periculum
1220 4595 1344 4666 pertinet
1370 4599 1400 4650 et
1427 4597 1462 4650 ad
1490 4600 1530 4663 (et

224 4683 254 4736 id
273 4686 301 4752 ς)
320 4685 541 4754 experimentum
566 4685 602 4738 Μ
606 4698 623 4742 ς
645 4681 802 4737 Discrimen
825 4680 912 4734 etad
935 4679 1089 4749 periculum
1112 4677 1200 4732 etad
1224 4676 1446 4746 experimentum
1468 4697 1530 4748 per·

225 4762 299 4818 tinet
312 4783 342 4832 0.
372 4767 406 4832 cs.
426 4766 499 4822 Non.
520 4783 550 4834 p.
570 4767 672 4830 364,1
697 4760 852 4831 periculum
871 4763 915 4815 est
933 4759 1033 4814 0010110
1051 4759 1199 4815 discrimen
1218 4791 1251 4799 -
1270 4756 1405 4829 periclum
1425 4759 1529 4828 experi-

225 4845 353 4900 mentum
