3316 5474
535 359 708 415 EXEMPLA
728 358 992 414 ELOCV'I'IONVM
1352 356 1416 420 503

113 473 137 510 p.
151 461 190 501 256
204 460 231 499 1..

204 545 307 625 Pugno
331 547 361 605 in
384 544 480 625 illum,
504 543 561 604 Sal.
586 544 668 606 Catil.
693 545 818 618 (5230)
843 552 967 603 contra
996 542 1184 621 imperium
1213 543 1247 601 in
1279 541 1416 602 bostem

115 660 367 733 pugnaverat.

204 759 323 820 Pollens
346 758 394 819 illa
418 777 464 838 re,
488 757 544 818 Sal.
569 757 630 836 lug.
655 758 735 831 (dl)
759 757 899 838 pollens
923 755 1094 817 viribus.

203 866 308 927 Privus
332 865 410 925 illius
433 868 493 937 rei,
523 864 579 924 Sal,
604 865 670 925 bist.
696 863 706 923 l
730 881 951 942 numeroque
975 872 1164 942 praestans
1188 865 1311 943 prirus
1339 865 1416 943 ipse

90 974 297 1034 obiturae.

204 1079 332 1139 Pavesco
357 1078 404 1139 illa
429 1097 476 1158 re,
500 1077 555 1138 Sal.
580 1077 641 1156 lug.
666 1076 768 1151 (722)
793 1078 886 1136 omni
910 1079 1068 1157 strepitu
1092 1096 1296 1158 pavescere.

203 1185 339 1246 Prudens
358 1185 473 1246 illarum
489 1204 604 1265 rerum,
624 1182 680 1244 Sal.
695 1184 763 1243 bist.
779 1182 791 1242 l
810 1182 968 1262 prudens
986 1186 1142 1245 omnium
1161 1203 1249 1263 quae
1269 1194 1416 1246 senatus

115 1303 341 1354 censuerat.

203 1399 371 1460 Praeminet
394 1399 442 1458 illa
466 1417 498 1459 re
522 1398 600 1458 illam
625 1417 702 1479 rem,
725 1396 782 1457 Sal.
806 1397 874 1457 bist.
893 1396 918 1457 ll
943 1415 1064 1458 omnes
1087 1399 1149 1476 qui
1171 1399 1310 1458 circum
1333 1407 1418 1458 sunt

77 1481 315 1587 ropraem'inet
338 1505 533 1567 altitudine
558 1505 694 1566 milium
717 1523 885 1585 passuum
909 1504 1058 1565 duorum
1083 1552 1089 1564 .

204 1611 361 1673 Pertineus
394 1615 423 1672 in
456 1612 535 1672 illam
568 1631 645 1693 rem,
679 1611 735 1671 Sal.
766 1610 833 1673 hist.
863 1610 901 1671 lll
933 1608 1025 1671 unde
1058 1630 1146 1691 pons
1180 1613 1214 1671 in
1247 1613 1416 1692 oppidum

116 1723 306 1800 pertinens
330 1719 545 1798 explicatur.

204 1827 363 1906 Promptus
382 1825 461 1886 illius
480 1827 537 1899 rei,
562 1823 619 1884 Sal.
638 1823 706 1885 bist.
725 1823 752 1883 ll
772 1842 886 1903 neque
907 1826 1067 1903 virgines
1087 1835 1235 1904 nuptum
1255 1844 1270 1885 a
1289 1844 1415 1904 paren-

116 1934 213 1995 tibus
237 1931 489 2011 mittebantur,
512 1929 573 1990 sed
598 1932 695 2010 ipsae
720 1929 806 1991 belli
829 1933 1122 2010 promptissimos
1145 1931 1363 2010 deligebant.

77 2054 102 2094 15
205 2037 365 2099 Praeluceo
389 2038 461 2098 mibi
484 2036 610 2118 lumine,
639 2035 696 2097 Sal.
720 2035 788 2097 bist.
813 2036 864 2096 llll
894 2056 984 2116 quae
1013 2039 1250 2118 praedatores
1278 2037 1417 2099 lacibus

117 2148 186 2209 sibi
209 2146 465 2227 praelucentes
488 2142 663 2205 ambustis
687 2145 795 2205 tectis
819 2145 896 2204 sine
920 2163 1004 2205 cura
1028 2144 1254 2224 reliquerant
1278 2192 1284 2205 .

205 2254 261 2314 Per
289 2255 435 2332 geminata
469 2254 662 2333 praepositio,
695 2251 753 2312 Cic.
782 2269 837 2332 pro
865 2250 977 2313 Scauro
1010 2250 1074 2312 boc
1107 2255 1248 2313 nomine
1281 2253 1418 2333 andito,

116 2362 209 2441 quod
233 2380 297 2441 per
319 2378 440 2420 omnes
463 2371 591 2439 gentes
614 2369 844 2439 pervagatum
869 2369 952 2420 est.

205 2467 349 2528 Profiteor
372 2469 402 2528 in
425 2467 485 2547 bis,
509 2466 575 2527 Ter.
599 2464 674 2529 Eun.
698 2468 788 2542 (prol.
811 2466 847 2538 3)

77 2590 103 2629 ao
342 2576 376 2634 in
401 2572 455 2634 bis
478 2582 583 2652 poeta
606 2573 665 2633 bic
689 2591 813 2633 nomen
839 2574 1041 2652 profitetur
1064 2592 1164 2633 suurn
1189 2621 1194 2632 .

205 2681 278 2741 Prae
302 2689 336 2742 ut
359 2679 408 2740 ille
432 2699 507 2759 quac
527 2682 609 2760 lacit,
631 2680 698 2740 Ter.
718 2678 792 2740 Eun.
812 2680 866 2750 (II
879 2680 946 2752 3,9)
967 2677 1051 2759 [prae
1071 2690 1104 2741 ut
1122 2679 1170 2740 ille
1190 2698 1265 2758 «quae
1286 2680 1355 2739 lacit
1375 2678 1417 2756 te]

311 2786 431 2847 ludum
454 2789 643 2865 iocumque
667 2787 782 2847 inisse
806 2785 902 2846 dicet
925 2785 1025 2847 illum
1048 2786 1215 2866 alterum,

311 2913 395 2974 prae
420 2904 458 2954 ut
482 2894 588 2954 buius
611 2892 734 2953 rabies
757 2911 846 2972 quae
870 2892 977 2954 dabit.

206 3001 325 3062 Postilla
345 3020 404 3078 pro
427 3009 542 3081 postea,
566 2999 632 3060 Ter.
657 2998 743 3059 Phor.
767 3000 815 3071 (P
835 3000 922 3077 929)

77 3106 1419 3187 eseamcompressit,undetraecnaraest,neqneposttttannquamauigit.

206 3215 326 3275 Proruit
349 3232 380 3274 se
404 3232 458 3293 pro
483 3215 617 3292 immisit,
646 3211 713 3272 Ter.
737 3211 812 3272 Eun.
837 3214 908 3280 (III
927 3214 1013 3288 5,5l)
1043 3216 1137 3274 toras
1166 3215 1270 3276 simul
1299 3234 1420 3276 omnes

117 3330 296 3402 proruunt
317 3339 362 3380 se.

207 3476 297 3530 Codes
316 3475 461 3528 Parrhasii
497 3473 625 3527 3Polles
643 3471 694 3526 illa
711 3489 741 3526 re
814 3473 890 3527 trei
908 3489 958 3528 om.
1042 3473 1134 3529 6801.
1153 3474 1226 3544 Iug.]
1247 3475 1303 3529 Sal.
1322 3472 1420 3529 bisti

155 3562 188 3609 10
207 3556 364 3624 preminent
377 3556 527 3622 posteriore
545 3555 602 3608 loeo
673 3551 853 3607 multitudine
872 3570 940 3608 corr.
960 3554 1109 3609 altitudine
1187 3561 1220 3608 14
1239 3556 1288 3609 sed
1306 3554 1366 3625 ipse

120 3641 152 3689 lb
172 3636 221 3705 qui
239 3638 362 3704 pretores
381 3635 487 3689 lacibus
506 3634 559 3688 sibi
576 3635 752 3705 prelucentes
770 3633 913 3689 ambustas
932 3634 961 3688 in
975 3634 1057 3691 tectis
1129 3641 1160 3688 21
1178 3635 1248 3690 Prae
1263 3635 1333 3690 utile
1347 3653 1419 3704 quae

117 3714 186 3769 facit
204 3715 266 3768 Ter.
286 3714 355 3768 Eun.
375 3715 512 3784 praeutile
532 3732 603 3784 quae
621 3713 738 3769 fecitte
757 3713 854 3768 ludum
872 3713 1020 3784 locumque
1096 3720 1130 3769 22
1150 3714 1278 3770 alterum.
1315 3715 1368 3770 Pre
1387 3719 1419 3770 ut

118 3796 199 3848 buius
219 3794 325 3849 scabies
397 3801 431 3848 24
449 3810 500 3864 pro
519 3811 568 3848 om.
641 3800 676 3850 28
695 3810 725 3850 so
743 3811 793 3849 otu.

209 3953 242 3999 10
261 3946 417 4015 praeminet
446 3945 594 4000 altitudine
618 3945 735 4015 Lapatia
757 3945 834 4014 opttd
851 3945 977 4000 Dousum
999 3947 1031 3999 in
1049 3945 1116 4000 Sall.
1136 3947 1198 3999 bist.
1216 3948 1315 4016 sroqm.
1332 3964 1362 4015 p.
1382 3952 1420 4002 52

118 4027 158 4080 ed.
187 4026 274 4093 Here,
304 4026 480 4094 praeminent
506 4025 684 4080 altitudinem
714 4026 751 4079 M
840 4030 873 4077 14
901 4023 1140 4092 promittebantur
1166 4028 1208 4080 vel
1239 4026 1421 4081 tradebantur

118 4109 231 4161 conieu't
256 4105 371 4159 Vrsinus
389 4108 421 4158 in
439 4107 508 4160 Sall.
526 4106 588 4160 hiat.
608 4108 707 4175 frayiu.
724 4121 753 4172 p.
773 4110 809 4159 50
827 4104 867 4156 cd.
886 4103 960 4158 Hau.
1048 4104 1204 4175 diligebant
1223 4107 1260 4159 M
1277 4112 1301 4159 et
1319 4107 1421 4161 Linde·

118 4203 249 4251 manuus,
269 4185 436 4255 delegabant
453 4188 566 4240 editores
584 4186 713 4240 Sallustii
735 4202 768 4240 ete
791 4186 880 4239 codice
898 4184 1052 4240 Frontonis
1139 4191 1171 4238 15
1190 4186 1257 4255 quia
1278 4189 1422 4256 praetores

121 4266 160 4330 P,
187 4282 273 4334 quum
302 4268 442 4334 praetores
470 4266 583 4319 coniecit
610 4265 819 4320 laudumnus
916 4283 987 4334 quae
1020 4264 1198 4335 praedatores
1230 4266 1337 4320 facibus
1368 4265 1421 4320 sibi

124 4346 314 4415 praelucentes
350 4346 485 4399 ambustis
521 4343 604 4400 tectis
640 4343 699 4398 sino
735 4362 802 4399 cura
837 4343 1008 4413 reliquerant
1042 4346 1142 4413 scripsi
1173 4346 1230 4400 ind.
1263 4347 1319 4399 leet.
1353 4346 1421 4401 Hal.

119 4431 184 4480 uest.
211 4443 236 4478 a.
266 4430 339 4479 1879
363 4442 393 4493 p.
422 4424 464 4488 X,
492 4425 559 4493 qnia
585 4422 766 4493 praedatores
793 4423 902 4478 facibus
930 4424 983 4478 sibi
1010 4425 1202 4494 praelucentes
1222 4425 1365 4480 ambustas
1393 4425 1422 4479 in

119 4505 201 4560 tectis
220 4505 279 4558 sine
303 4520 369 4558 cura
391 4503 563 4572 reliquerant
586 4505 736 4559 0001000001
753 4504 890 4559 linteus
912 4505 1013 4559 mord.
1032 4503 1144 4559 Sallust.
1167 4522 1195 4573 p.
1215 4509 1251 4558 33
1269 4504 1421 4574 (Siteunps

119 4584 233 4638 bericlite
251 4585 277 4637 d.
305 4584 392 4638 ll'ien.
411 4584 501 4639 Alsud.
516 4583 552 4636 B.
572 4588 615 4638 13.
630 4585 714 4652 1854)
729 4585 787 4638 coll.
802 4584 945 4639 Plutarch.
960 4585 1069 4639 Lucull.
1084 4601 1105 4641 c.
1120 4590 1169 4652 19,
1188 4586 1250 4638 item
1270 4585 1422 4654 Wapnaue

22 4709 32 4718 ,
121 4664 289 4730 Zeitscltr.f.
312 4662 506 4734 Gymnasiulee.
526 4663 617 4718 Beroi¹
637 4682 662 4719 e.
682 4669 755 4719 1855
764 4681 797 4733 p.
810 4668 866 4717 198
937 4669 972 4718 22
987 4661 1161 4718 dicetfnisse
1175 4665 1259 4718 codex
1272 4665 1423 4721 Bembinua

122 4744 256 4808 Terentii,
275 4743 350 4798 dices
369 4742 453 4798 luisse
472 4745 572 4813 reliqui
589 4745 691 4799 codices
708 4750 733 4799 et
751 4746 914 4800 Rudanas
932 4746 951 4799 1.
972 4743 1034 4798 XV
1045 4761 1076 4813 p.
1096 4749 1133 4798 50
1204 4751 1238 4799 at
1257 4762 1308 4816 pro
1327 4746 1421 4800 emisit

120 4825 234 4879 coraiecit
253 4823 464 4879 Lindemunnus
485 4867 491 4879 .
510 4842 548 4879 ou
566 4842 616 4894 pro
633 4824 765 4880 immittit
781 4832 829 4880 se?
