3316 5474
222 361 287 426 212
761 364 990 421 casstobottn

217 464 393 512 nmmo

219 545 326 608 latinae
349 547 466 627 linguae
487 549 624 609 nesciunt
642 550 755 610 servire
773 550 925 630 disposite.
964 568 978 610 a
1002 552 1034 610 in
1057 551 1115 610 fine
1134 548 1265 610 adverbii
1285 569 1343 611 non
1362 551 1522 630 relinquas,

216 673 232 716 a
260 657 370 716 iterum
394 658 476 716 casui
503 658 639 735 genetivo
667 675 726 717 non
755 657 919 718 subtrahas.
961 657 1054 718 multa
1078 659 1166 718 etiam
1196 668 1335 737 respectu
1359 658 1523 737 euphoniae

216 770 340 842 propter
358 763 575 842 subsequentes
598 762 711 823 litteras
730 763 923 843 probabiliter
941 766 1146 844 immutamus,
1170 772 1204 824 ut
1226 764 1401 825 illuminatio
1421 766 1523 824 irrisio

131 877 135 885 '
204 870 409 954 ⁴immutabilis
427 872 536 949 impius
555 869 717 949 improbus.
751 890 766 930 r
785 870 913 932 litteram
928 874 1090 932 narrationi
1105 870 1174 932 tolle
1190 871 1383 950 superfluam:
1401 890 1417 931 a
1432 889 1524 950 gnaro

218 978 311 1058 euim,
339 976 368 1037 id
392 984 438 1038 cst
462 980 536 1038 scito
560 996 613 1038 seu
637 979 748 1058 perito,
775 980 857 1039 venit
879 980 1007 1038 nominis
1030 979 1086 1039 ista
1111 980 1295 1057 compositio.
1336 979 1429 1060 quod,
1456 991 1552 1040 cuma

217 1101 382 1163 pronomen
410 1093 471 1165 est,
498 1104 552 1164 per
575 1085 608 1166 d,
637 1104 696 1145 non
723 1103 778 1164 per
802 1092 814 1145 t
839 1084 983 1166 litteram;
1012 1103 1080 1146 cum
1108 1103 1178 1144 vero
1206 1084 1378 1146 adverbium
1408 1088 1525 1147 numeri

218 1198 278 1272 est,
300 1210 355 1270 per
374 1200 398 1274 t,
419 1210 479 1252 nou
499 1210 553 1270 per
574 1191 592 1250 d
612 1190 739 1251 litteram
759 1191 949 1253 scribendum
969 1201 1022 1253 est.
1056 1194 1214 1270 quicquam
1233 1212 1250 1254 c
1269 1196 1361 1274 magis
1380 1196 1410 1254 in
1430 1196 1524 1273 prima

218 1299 327 1379 syllaba
345 1298 516 1378 ponendum
535 1304 581 1358 est
600 1315 688 1376 qnam
707 1296 725 1356 d
749 1297 1082 1384 proptercuphoniam,
1106 1318 1193 1378 quam
1212 1303 1412 1380 praecipimus
1431 1302 1524 1378 sequi.

218 1405 289 1484 quid
312 1403 419 1486 plura?
442 1404 606 1467 secundnm
625 1404 742 1483 regulas
767 1405 1005 1484 artigraphorum
1029 1424 1104 1484 quae
1128 1415 1226 1467 tamen
1250 1415 1321 1468 snut
1344 1405 1524 1467 emendanda

219 1530 377 1594 percurre,
404 1531 442 1573 ne
453 1511 637 1576 ,articulatae
661 1513 742 1571 vocis
765 1510 888 1590 pulchra
912 1511 1072 1574 modulatio
1101 1516 1267 1592 peregrinis
1295 1514 1403 1575 litteris
1426 1525 1565 1573 maru-1⁰

220 1619 276 1680 lata
301 1619 411 1680 absona
440 1622 539 1698 potius
563 1627 593 1680 et
620 1617 760 1678 indecora
783 1618 946 1691 reddatur„
970 1619 1185 1699 orthographos
1214 1623 1329 1700 priscos
1352 1621 1525 1698 frequenter

220 1726 332 1808 relege,
364 1745 440 1805 quos
471 1744 526 1805 ego
556 1728 681 1787 interius
711 1726 796 1787 titulo
830 1729 1016 1808 tricensimo,
1051 1726 1103 1789 ubi
1134 1728 1170 1789 dc
1201 1731 1375 1809 antiquariis
1408 1728 1525 1807 legitur,

222 1844 344 1914 propter
360 1836 494 1894 notitiam
509 1832 698 1894 librariorum
713 1833 827 1893 utiliter
841 1835 1044 1895 instruendam
1061 1816 1247 1896 dellorandos
1266 1854 1331 1896 esse
1346 1836 1481 1908 indicari,
1496 1843 1525 1894 et

222 1944 408 2002 extrinsecus
427 1941 497 2000 huic
516 1939 592 2000 libro
608 1939 869 2025 dehorthographia
888 1941 1006 2002 titulum
1022 1940 1098 2002 dedi.
1122 1944 1162 2003 ita
1181 1945 1326 2021 contingit
1345 1950 1427 2003 utet
1446 1941 1524 2002 istud

221 2046 354 2108 studioso
373 2047 469 2125 prosit
481 2045 590 2128 legere,
604 2046 655 2107 nbi
675 2049 827 2125 cognoscit
846 2035 921 2126 quae
941 2050 970 2109 in
986 2051 1143 2129 scripturis
1158 2051 1268 2111 sanctis
1285 2051 1406 2110 minime
1421 2047 1526 2108 debeat
1542 2061 1567 2098 1⁵

202 2154 330 2215 xviolare
354 2162 384 2214 et
406 2152 478 2213 illud
503 2156 670 2214 necessario
695 2153 782 2214 latius
806 2154 951 2236 discatur,
970 2154 1021 2217 ubi
1045 2157 1222 2235 generaliter
1244 2165 1433 2236 praesumpta
1458 2158 1525 2216 vitia
1600 2219 1603 2225 ,

222 2263 418 2340 corrigantur.

222 2410 296 2458 ,525
311 2408 346 2449 gd,
360 2407 412 2449 θη,
613 2368 652 2428 111
677 2370 726 2433 nc
749 2372 882 2431 eiusdem
906 2372 979 2454 libri
1000 2389 1026 2431 c.
1042 2371 1141 2431 XXX

311 2485 433 2547 Accedit
455 2486 544 2545 ctiam
567 2483 704 2546 laudibus
723 2504 827 2546 eorum
851 2488 901 2565 qni
925 2487 1034 2547 lactum
1058 2487 1169 2548 domini
1193 2489 1291 2567 aliquo
1315 2487 1402 2550 modo
1426 2487 1525 2547 riden-

222 2603 283 2674 tur
302 2594 424 2673 imitari,
455 2594 505 2671 qui
539 2591 635 2671 legem
666 2609 762 2673 suam,
792 2592 862 2675 licet
893 2593 1055 2672 figuraliter
1085 2596 1123 2654 sit
1157 2595 1284 2675 dictum,
1317 2595 1526 2674 omnipotentis
1541 2603 1567 2640 2⁰

224 2700 308 2779 digiti
332 2701 503 2779 operatione
527 2702 711 2779 conscripsit.
749 2699 840 2759 multa
864 2707 935 2761 sunt
957 2700 1077 2778 quidem
1096 2717 1171 2779 quae
1190 2701 1226 2761 de
1250 2709 1309 2761 tam
1332 2703 1440 2779 insigni
1463 2707 1526 2761 arte

223 2808 407 2886 reserantur,
437 2805 489 2866 sed
520 2806 631 2867 sulsscit
661 2824 712 2866 cos
742 2806 801 2866 dici
830 2804 967 2866 librarios
996 2808 1048 2885 qui
1077 2805 1169 2867 librae
1198 2806 1308 2867 domini
1338 2808 1526 2883 iustitiaeque

224 2912 403 2974 deserviunt.
441 2913 492 2973 sed
517 2932 554 2973 nc
579 2921 659 2974 tanto
683 2911 760 2973 bono
780 2914 900 2974 mutatis
923 2912 1031 2974 litteris
1050 2915 1211 2994 scriptores
1229 2911 1319 2972 verba
1339 2914 1441 2973 vitiosa
1459 2931 1525 2990 por-

131 3051 134 3056 ·
224 3022 368 3081 misceant
395 3028 447 3080 aut
473 3020 641 3081 ineruditus
665 3019 837 3080 emendator
860 3021 973 3081 nesciat
996 3029 1092 3082 errata
1120 3021 1284 3099 corrigere,
1312 3016 1526 3097 orthographos

224 3129 361 3207 antiquos
384 3127 496 3207 legant,
519 3126 548 3187 id
573 3134 618 3187 cst
640 3125 755 3187 Velium
778 3125 930 3207 Longum,
953 3126 1088 3188 Curtium
1106 3124 1307 3207 Valerianum,
1329 3125 1526 3204 Papirianum,
1540 3137 1566 3174 25

224 3234 430 3295 adamantium
453 3233 626 3313 Martyrium
650 3233 686 3294 de
710 3253 727 3292 v
751 3241 780 3293 et
803 3232 837 3314 b,
866 3234 999 3294 eiusdem
1022 3233 1058 3294 de
1086 3235 1191 3313 primis
1220 3232 1326 3293 mediis
1348 3238 1436 3310 atque
1459 3230 1526 3291 ulti·

225 3343 281 3402 mis
305 3340 437 3422 syllabis,
460 3342 593 3402 eiusdem
617 3341 653 3401 de
677 3341 695 3401 b
719 3340 817 3401 littera
841 3342 984 3401 trifariam
1006 3343 1036 3401 in
1056 3342 1174 3401 nominc
1193 3341 1303 3420 posita,
1326 3347 1357 3399 et
1375 3337 1527 3418 Eutychen

225 3448 261 3510 de
290 3450 479 3528 aspiratione,
516 3449 567 3508 sed
596 3458 626 3509 et
649 3448 755 3509 Focam
783 3448 820 3508 do
848 3447 1013 3509 differentia
1043 3449 1175 3527 generis,
1202 3464 1279 3525 quos
1306 3465 1374 3526 ego,
1403 3454 1529 3524 quantos

225 3558 323 3636 potui,
346 3556 478 3616 studiosa
502 3558 674 3616 curiositate
698 3554 810 3635 collegi.
848 3564 933 3616 etue
953 3555 1121 3634 quempiam
1144 3560 1375 3613 memoratorum
1394 3551 1528 3611 codicum
1592 3565 1601 3577 ·

226 3661 392 3723 obscuritas
420 3661 559 3722 derelicta
588 3662 736 3742 turbaret,
763 3664 902 3740 quoniam
930 3663 1119 3739 antiquarum
1142 3658 1372 3719 declinationum
1402 3660 1528 3737 permix—
1544 3672 1570 3708 :n

226 3769 306 3828 tione
330 3787 384 3848 pro
404 3770 528 3829 maxima
552 3776 636 3848 parte
660 3769 776 3829 contusi
799 3776 882 3848 sunt,
905 3783 1011 3845 magno
1029 3764 1128 3826 studio
1151 3763 1261 3825 laboris
1284 3763 1420 3845 incubui,
1443 3766 1527 3823 utin

227 3873 302 3937 libro
327 3884 512 3956 sequestrato
535 3885 624 3956 atque
648 3878 826 3956 composito,
854 3877 905 3954 qui
928 3872 1101 3935 inscribitur
1125 3871 1161 3933 de
1184 3871 1393 3952 orthographia
1417 3870 1451 3932 ad
1479 3890 1529 3930 ros

227 3980 385 4043 defloratae
412 3985 531 4064 regulae
559 3985 752 4064 pervenirent
779 3991 809 4043 et
837 3982 987 4044 dubietate
1015 3979 1129 4043 sublata
1161 3979 1284 4042 liberior
1312 3983 1427 4040 animus
1456 3980 1529 4038 viam

226 4088 339 4095 ---·——-
352 4089 437 4095 -..-

318 4127 330 4172 1
352 4119 380 4189 1]
400 4136 433 4174 ae
451 4125 565 4188 utroque
583 4121 639 4174 loco
659 4136 675 4176 ς
748 4125 764 4172 1
783 4137 797 4172 r
814 4118 938 4174 litteram
956 4117 1110 4173 narrationi
1127 4118 1197 4173 tolle
1215 4117 1355 4187 superflua
1368 4116 1396 4168 Β
1415 4115 1438 4169 G
1457 4113 1529 4167 litte-

226 4215 286 4254 ram
301 4216 319 4253 a
331 4199 490 4255 narratione
504 4200 572 4254 tolle
586 4201 754 4270 superfluam
769 4216 786 4258 ς
850 4204 865 4251 8
880 4214 964 4267 qnam
978 4197 1165 4267 praecipimus
1180 4213 1197 4256 ς
1211 4212 1268 4266 qna
1281 4194 1449 4265 precipimur
1462 4193 1490 4245 Β

228 4286 262 4334 13
280 4280 423 4351 notitiam]
443 4281 550 4335 notiam
568 4281 596 4334 Β
670 4286 703 4335 15
723 4280 825 4334 debeat
841 4277 977 4332 diniolare
995 4278 1022 4332 Β
1096 4284 1129 4333 16
1148 4277 1265 4333 discitur
1282 4277 1332 4333 Βς

317 4361 530 4416 Institutionum
544 4363 703 4415 diuinarum
717 4365 801 4428 caput
812 4357 907 4412 XXX
921 4374 934 4410 e
948 4357 1054 4413 duobus
1068 4359 1206 4413 codicibus
1218 4355 1404 4410 Berueuaibus
1418 4357 1470 4406 171
1485 4351 1521 4418 (C

227 4445 252 4493 ct
275 4445 335 4496 225
353 4442 407 4510 (D)
429 4443 597 4496 emendatum
620 4442 705 4495 edidit
728 4441 862 4507 Hngcuue
884 4440 977 4494 anecd.
1001 4437 1105 4492 Heluet.
1126 4437 1216 4505 praes.
1238 4453 1268 4503 p.
1288 4432 1462 4487 OXXXXI

230 4526 261 4573 19
281 4520 385 4575 accidit
401 4522 459 4575 ΒΟ
519 4529 553 4575 22
572 4521 729 4575 referuntur
747 4522 777 4574 D
844 4522 887 4574 set
905 4518 1024 4573 sufficite
1043 4516 1182 4571 hos.dicit
1199 4513 1328 4569 librarios
1346 4513 1374 4565 B
1441 4511 1529 4565 librae

228 4597 407 4654 dominiBO
421 4601 509 4655 libere
523 4598 679 4655 domiuoD
733 4606 767 4653 25
786 4599 962 4670 papirianum
977 4599 1028 4654 Βς
1046 4595 1232 4665 papariauum
1247 4592 1277 4661 0,
1295 4608 1345 4646 om.
1364 4592 1392 4644 B
1442 4592 1530 4645 17111

227 4677 405 4733 blitterlaG
456 4679 566 4734 trifaria
584 4679 639 4732 ΟΒ
657 4678 795 4746 tripharia
812 4678 840 4731 Β
895 4677 1026 4732 eutichen
1041 4674 1092 4731 Βς
1110 4670 1220 4727 euticen
1239 4672 1268 4724 D
1322 4674 1530 4739 torquentes

228 4759 308 4828 potni
326 4760 354 4812 Β
373 4763 478 4829 quanto
496 4760 576 4830 potui
595 4759 741 4826 unauta
758 4757 838 4828 potui
856 4757 886 4810 D
904 4759 1040 4826 quantum
1058 4752 1139 4823 potui
1157 4767 1174 4809 ς
1246 4757 1280 4806 30
1299 4751 1529 4820 declinationum]

228 4838 417 4895 declinatione
435 4840 463 4892 B
535 4846 567 4893 31
587 4856 637 4909 pro
655 4839 779 4893 maxima
796 4839 877 4907 parte
896 4835 1015 4906 confusi]
1034 4831 1150 4905 propria
1166 4833 1247 4902 parte
1266 4831 1384 4888 confusa
1403 4831 1427 4885 0
