3316 5474
194 317 260 382 216
628 316 857 372 ΟΔΒΒΙΟΒΟΒΙΙ
876 315 1071 372 EXOERPTA

195 430 217 466 p.
231 417 286 460 aeas
299 418 324 457 r.

284 501 364 563 llaec
386 500 517 563 breviter
535 502 612 564 dicta
637 503 793 563 sufficiant.
831 509 965 563 ceterum
983 504 1036 580 qui
1058 521 1092 563 ea
1112 501 1238 563 voluerit
1261 502 1348 564 latius
1371 504 1501 583 plenius·
1605 498 1607 501 ’

196 628 254 690 que
278 628 473 691 cognoscere,
496 629 564 672 cum
587 611 770 690 praefatione
793 627 846 669 sua
870 609 1002 670 codicem
1025 609 1116 690 legat,
1139 628 1228 688 quem
1253 617 1354 669 nostra
1378 613 1501 672 curiosi-

196 725 255 779 tate
279 717 484 799 formavimus,
507 715 536 776 id
560 726 606 776 est
624 726 718 777 artem
737 714 856 796 Donati,
880 716 929 775 cui
947 715 984 776 de
1004 714 1212 795 orthographia
1235 715 1344 777 librum
1364 725 1394 777 et
1413 717 1502 778 alium

196 824 233 884 dc
266 823 451 903 etymologiis
482 825 679 903 inseruimus,
712 831 851 901 quartum
884 840 1003 901 quoque
1036 822 1072 882 de
1106 822 1306 884 schematibus
1334 823 1503 884 Sacerdotis

197 931 399 1011 adiunximus,
427 938 575 1009 quatenus
598 929 723 1008 diligens
751 928 845 989 lector
873 930 904 988 in
926 948 986 989 uno
1009 929 1111 990 codice
1135 931 1268 1008 reperire
1291 931 1400 1010 possit,
1424 930 1531 1007 quoda

197 1040 254 1100 arti
277 1039 487 1117 grammaticae
511 1036 685 1116 deputatum
709 1054 775 1095 esse
799 1036 959 1113 cognoscit

481 1339 520 1422 Q.
548 1336 728 1408 PAPIRI]
755 1336 818 1408 DE
848 1335 1224 1408 ORTHOGRAPHIA

290 1480 404 1541 lustitia
429 1498 497 1540 cum
521 1478 677 1559 scribitur,
705 1482 792 1540 tertia
816 1479 925 1560 syllaba
952 1480 995 1539 sic
1019 1487 1116 1560 sonat,
1144 1482 1229 1558 quasi
1253 1490 1429 1541 constater
1453 1484 1504 1542 tri·

199 1583 257 1648 bus
280 1585 389 1647 litteris
412 1596 454 1646 tz
478 1596 507 1647 et
529 1589 554 1668 i,
579 1604 646 1646 cum
670 1585 776 1647 habeat
799 1586 887 1668 duas,
910 1594 923 1647 t
945 1592 976 1645 et
998 1587 1016 1644 i.
1053 1584 1104 1644 sed
1128 1586 1291 1648 nomadum
1314 1590 1383 1666 quia
1405 1590 1436 1647 in
1459 1587 1506 1647 his

200 1693 318 1773 syllabis
336 1695 392 1753 iste
412 1713 504 1755 sonus
523 1693 638 1755 litterae
658 1713 672 1753 z
692 1683 833 1755 inmixtus
856 1694 982 1753 inveniri
1006 1698 1120 1752 tantum
1138 1701 1251 1774 potest,
1275 1712 1350 1772 quae
1369 1702 1507 1754 coustant
1522 1718 1546 1755 ro

201 1819 235 1860 er
260 1808 272 1860 t
295 1807 326 1859 ct
349 1803 359 1859 i
382 1809 412 1861 et
435 1819 485 1861 eas
513 1804 648 1880 sequitur
677 1800 786 1860 vocalis
813 1798 974 1878 quaelibet,
1005 1808 1038 1859 ut
1061 1798 1163 1858 Tatius
1192 1808 1222 1858 et
1250 1808 1308 1860 otro
1337 1803 1448 1861 iustitia
1476 1814 1508 1861 et

202 1906 278 1967 talia.
305 1909 494 1986 excipiuntur
513 1907 657 1987 quaedam
677 1907 794 1966 nomina
814 1907 942 1985 propria,
961 1923 1036 1983 quae
1054 1907 1212 1983 peregrina
1232 1915 1309 1966 sunt.
1334 1907 1384 1966 sed
1405 1906 1441 1966 ab
1460 1907 1506 1968 his

201 2011 320 2091 syllabis
344 2013 512 2075 excluditur
535 2032 627 2074 sonus
650 2033 664 2072 z
687 2012 818 2091 litterae,
842 2029 915 2090 quas
937 2013 1073 2089 sequitur
1097 2010 1195 2072 littera
1218 2013 1241 2091 i,
1264 2022 1298 2072 ut
1317 2016 1369 2073 otii
1392 2017 1506 2075 iustitii.

201 2122 272 2180 item
297 2137 356 2178 non
379 2128 465 2180 sonat
487 2140 516 2201 z,
540 2139 608 2181 cum
632 2118 770 2199 syllabam
795 2119 817 2179 ti
841 2117 990 2178 antecedit
1011 2118 1109 2179 littera
1133 2136 1162 2199 s,
1189 2125 1224 2179 ut
1250 2121 1359 2181 iustius
1387 2123 1506 2181 castius

291 2308 305 2353 t
329 2301 399 2354 baec
421 2300 545 2355 breuiter
568 2301 614 2367 (de
638 2300 701 2357 add.
722 2301 749 2368 b)
774 2297 981 2353 definitionibus
1005 2298 1199 2354 tantummodo
1223 2298 1299 2354 dicta
1322 2300 1463 2355 sufficiant
1480 2302 1509 2355 B

255 2389 271 2436 2
291 2380 416 2437 codicem
435 2380 513 2450 legat
531 2397 614 2448 quem
633 2379 871 2450 degrammatica
896 2377 949 2432 ieci
969 2379 1029 2432 arte
1048 2380 1199 2448 conscripsi
1222 2383 1301 2449 (corr.
1321 2381 1458 2434 conscribi
1482 2382 1508 2448 b)
1611 2405 1614 2411 ·

203 2464 341 2532 quatenus
369 2460 490 2531 diligens
517 2460 606 2514 lector
634 2459 760 2514 inuenire
788 2458 879 2528 possit
907 2454 981 2528 quod
1009 2458 1052 2514 illi
1080 2459 1224 2529 proposito
1251 2460 1416 2528 deputatum
1448 2477 1509 2515 esse

202 2541 353 2612 cognoscit
390 2541 470 2595 Nunc
494 2540 529 2593 ad
555 2539 624 2593 artis
646 2540 801 2594 rhetoricae
825 2539 976 2596 divisiones
999 2538 1228 2607 definitionesque
1251 2539 1404 2594 uenimus.
1437 2557 1509 2609 quae

203 2621 277 2676 sicut
300 2623 416 2677 extensa
439 2621 522 2689 atque
547 2621 659 2690 copiosa
682 2622 725 2674 est
750 2619 791 2674 ita
813 2619 911 2674 multis
935 2623 964 2675 et
985 2618 1068 2672 claris
1090 2617 1272 2687 scriptoribus
1295 2619 1417 2674 hmtata
1440 2621 1510 2675 dila-

202 2702 287 2756 tatur.
333 2700 374 2755 De
404 2699 544 2756 rethorica
569 2702 597 2754 B
705 2707 721 2754 6
753 2700 906 2770 cognoscit
944 2700 999 2755 Sed
1026 2698 1093 2769 quia
1124 2697 1296 2753 continentia
1323 2699 1414 2769 magis
1441 2702 1511 2756 artis

204 2780 403 2852 grammaticae
432 2781 509 2836 dicta
536 2783 590 2849 est,
627 2781 784 2835 curarimus
813 2781 910 2850 aliqua
936 2783 971 2838 de
1003 2779 1125 2834 nominis
1156 2777 1291 2846 uerbique
1323 2780 1428 2849 regulis
1460 2800 1510 2851 pro

204 2863 283 2931 parte
306 2860 444 2929 subicere,
467 2878 536 2929 quas
559 2863 634 2915 recte
658 2862 768 2914 tantrun
787 2860 952 2917 Aristoteles
975 2859 1138 2930 (aristotelis
1157 2859 1179 2913 S
1197 2858 1376 2914 arestothelis
1396 2863 1422 2914 A
1441 2879 1510 2918 corr.

205 2941 257 2996 -les
282 2943 310 3009 a)
335 2941 468 2996 orationis
491 2943 585 3010 partes
607 2941 733 2995 adseruit
758 2940 842 2998 ass.
870 2942 994 3010 sequitur
1017 2941 1114 2997 deinde
1138 2941 1170 2993 in
1194 2940 1221 2991 Α
1247 2938 1355 2994 uberior
1381 2959 1510 3000 conmen-

204 3024 294 3078 tariue
321 3023 353 3076 de
379 3022 560 3076 declinatione
587 3023 728 3075 morinum
753 3025 778 3074 et
802 3023 835 3074 de
860 3023 1051 3092 coniugatione
1077 3021 1231 3088 cadmum,
1265 3020 1372 3074 Graeca
1398 3024 1512 3079 nomina

205 3118 277 3171 quae
296 3101 370 3170 apud
390 3117 439 3155 nos
458 3101 489 3154 in
507 3117 537 3155 as
557 3103 660 3156 exeunt
676 3104 733 3155 tres
752 3099 859 3169 species
878 3101 1035 3156 habent-
1058 3100 1159 3171 fungor
1182 3101 1255 3154 hanc
1273 3117 1333 3154 rem
1353 3103 1382 3154 et
1404 3101 1456 3157 illa
1473 3120 1510 3158 re.

204 3183 281 3238 Haec
300 3181 368 3236 satis
386 3181 423 3235 ad
442 3182 570 3250 exempla
587 3179 733 3249 analogiae
753 3179 856 3234 dhisse
875 3179 1004 3236 sufficiat.
1033 3197 1105 3235 nunc
1123 3180 1160 3234 ad
1175 3179 1243 3234 artis
1261 3179 1417 3236 rhetoricae
1436 3183 1511 3239 deui-

205 3263 297 3317 siones
314 3260 547 3329 definitionesque
570 3260 716 3314 ueniamus
739 3277 794 3329 sqq.
821 3261 868 3314 sed
890 3261 1078 3329 haecomnia,
1101 3275 1216 3330 mam
1234 3275 1304 3329 pare
1326 3261 1357 3313 in
1381 3262 1512 3318 editiones

207 3340 376 3394 cassiodorii
389 3344 496 3408 recepta
510 3344 561 3405 est,
576 3356 609 3392 ear
624 3339 768 3393 Martioni
782 3340 909 3408 Capellae
927 3341 996 3396 libro
1010 3341 1089 3396 hetto
1104 3358 1134 3409 p.
1145 3346 1193 3407 82,
1204 3345 1222 3393 6
1233 3370 1265 3378 -
1281 3344 1327 3405 95,
1337 3344 1372 3393 33
1387 3342 1427 3395 ed.
1442 3342 1510 3412 Eys.

205 3421 342 3488 descripta
355 3424 428 3473 eant.
457 3420 488 3472 in
502 3419 524 3472 S
538 3424 628 3473 autem
646 3421 745 3472 omissa
763 3419 815 3472 bac
828 3423 911 3486 parte
925 3436 980 3488 pro
994 3436 1026 3475 ea
1038 3421 1143 3488 scripta
1155 3423 1221 3472 eant
1239 3419 1318 3485 haee,
1336 3420 1445 3489 reliqua
1464 3424 1513 3490 qui

206 3499 328 3553 noluerit
344 3497 374 3551 in
388 3498 445 3553 alio
459 3501 578 3567 quaerat
591 3498 741 3552 uolumine.
769 3517 834 3553 nam
853 3516 905 3569 ego
924 3500 1078 3555 deseribtor
1095 3500 1131 3554 ad
1149 3497 1261 3568 potiora
1279 3498 1435 3554 discurrens
1449 3502 1512 3555 reli-

206 3593 323 3645 quorum
342 3576 448 3632 oblitus
467 3597 528 3632 sum
548 3581 597 3632 aut
615 3578 671 3632 fors
690 3578 808 3647 neglexi.
838 3580 914 3634 Inter
931 3580 1055 3635 rationes
1073 3579 1226 3634 rethoricae
1240 3578 1457 3633 obseruandum:
1476 3582 1512 3648 cf,

206 3661 271 3715 rhet.
287 3662 335 3714 lat.
350 3659 390 3716 ed.
407 3659 492 3712 Halm
503 3677 532 3727 p.
544 3663 606 3714 501.
625 3659 794 3727 intopositie
807 3658 1013 3726 definitionibus
1027 3660 1064 3713 ad
1078 3664 1163 3714 artem
1177 3659 1338 3714 rhetoricam
1351 3661 1512 3728 pertinenti·

207 3743 257 3794 ona
274 3741 398 3809 seqnitur
416 3740 512 3792 ddrrde
530 3741 663 3807 expositio
681 3741 751 3793 artie
768 3739 924 3792 rhetoricae.
1165 3798 1170 3806 y

298 3825 313 3874 ‘1
338 3820 451 3888 Papirii
471 3822 654 3889 [rapiendam
678 3824 709 3875 in
731 3820 820 3875 codiee
838 3819 969 3872 Palatino
988 3822 1060 3872 1753
1083 3820 1216 3887 ediptam
1238 3823 1277 3873 est
1300 3819 1321 3886 f.
1341 3824 1377 3875 75
1400 3820 1475 3890 incip
1495 3827 1513 3890 p

208 3900 297 3981 quinti
317 3900 420 3971 papirii
439 3901 590 3968 ortogratia
607 3901 727 3955 feliciter
744 3898 844 3953 lectori
862 3901 891 3953 et
908 3898 1050 3968 scriptori:
1070 3900 1105 3967 cf.
1123 3916 1236 3968 gramm.
1252 3900 1299 3954 tat.
1319 3916 1343 3954 o.
1363 3900 1409 3954 VI
1422 3902 1513 3968 praes.

207 4000 237 4051 p.
254 3982 322 4035 VII
323 4023 329 4035 .
356 3997 390 4035 etc
403 3980 493 4035 eodem
512 3981 601 4034 codiee
617 3983 737 4050 primurn
751 3979 852 4032 editum
871 3983 908 4032 eet
927 3979 961 4033 ab
976 3979 1085 4033 Ioanne
1098 3978 1233 4033 Sioltordo
1251 3979 1283 4032 in
1301 3980 1418 4033 editione
1431 3979 1512 4032 Basi-

208 4063 291 4120 tansi
308 4080 333 4117 a.
354 4065 429 4116 1527
447 4061 468 4126 s.
490 4064 554 4127 106,
575 4059 617 4125 Ὀ.
636 4060 786 4116 PAPYRII
804 4059 852 4113 Du
873 4057 1163 4114 ORTHOGRAPHIA
1180 4057 1447 4113 FRAGMENTUM.
1481 4057 1515 4111 Si

208 4144 338 4198 diuinare
361 4141 435 4206 lieet,
459 4156 519 4194 edero
542 4142 752 4196 existimaverim
777 4142 947 4210 Poppaeam,
976 4143 1025 4210 qai
1048 4159 1066 4196 a
1089 4141 1234 4194 Rieciono
1257 4141 1334 4193 toties
1356 4138 1515 4208 Papyriani

208 4223 317 4278 samniae
340 4224 443 4277 citatur
465 4222 498 4274 de
520 4238 549 4274 re
571 4224 765 4290 grammatica,
787 4222 867 4276 cuiue
889 4222 1026 4289 eaeemplar
1049 4235 1166 4290 eamque
1184 4219 1291 4273 Haecin
1313 4219 1370 4272 iarn
1392 4220 1448 4272 iarn
1470 4233 1513 4271 eor-

205 4309 360 4372 pectamus,
383 4303 516 4357 donaturi
539 4302 689 4371 aliqnando
708 4301 843 4370 publieo'.
873 4302 905 4354 in
927 4302 1007 4356 tituto
1026 4301 1154 4355 editiontt
1172 4300 1276 4355 dicitnr
1298 4297 1413 4368 Papyrii
1431 4298 1513 4351 Prae·

110 4375 113 4385 ’
208 4383 310 4438 textati
332 4383 520 4452 fragmentum
542 4382 577 4436 de
601 4380 816 4452 orthographia:
840 4381 875 4447 ef.
893 4397 1006 4449 pronam.
1026 4381 1073 4436 lat.
1097 4381 1115 4436 l.
1134 4396 1156 4434 o.
1174 4398 1204 4449 p.
1224 4379 1284 4432 IX.
1309 4395 1342 4432 er
1359 4379 1514 4432 Basileensi

210 4468 328 4520 editione
347 4464 459 4533 Papirii
476 4464 659 4532 fragmentum
679 4462 802 4530 repetivit
821 4460 936 4529 Leptine
954 4460 987 4514 de
1004 4465 1067 4516 rect.
1082 4464 1215 4539 monent.
1231 4459 1278 4514 lat.
1293 4459 1360 4528 liny.
1377 4475 1399 4514 c.
1414 4463 1462 4524 rt,
1481 4474 1514 4511 cc

211 4544 342 4598 Palatino
361 4545 450 4598 codiee
468 4545 612 4613 depastus
636 4543 837 4596 Wilmannsias
855 4558 922 4596 mue.
942 4541 1029 4596 Rhea.
1047 4558 1072 4595 a.
1094 4540 1221 4594 XXIII
1237 4556 1263 4593 a.
1283 4544 1359 4593 1868
1375 4555 1404 4606 p.
1423 4543 1475 4592 401

211 4629 227 4678 o
247 4625 378 4679 conatam
396 4639 429 4677 ex
447 4627 460 4678 t
484 4623 697 4688 WiImannsino,
716 4624 827 4676 constat
843 4624 856 4675 t
873 4623 957 4677 codex
