3316 5474
590 373 658 429 ARS
678 373 923 431 GRAMMATICA
1337 377 1403 441 429

104 475 256 520 numu

106 569 203 640 catur,
227 562 336 620 deinde
358 562 436 620 vires
460 570 599 621 resumat.
646 560 753 621 multae
777 568 875 622 autem
895 578 1000 622 causae
1021 560 1132 622 mediae
1152 562 1240 622 huius
1258 561 1403 644 lectionis,

104 668 233 746 primunr
257 683 294 725 ne
319 666 538 727 confundantur
562 686 636 747 quae
655 666 749 727 dicola
768 665 814 728 vel
832 666 934 728 tricola
954 676 1119 748 ponuntur,
1143 667 1248 729 deinde
1268 678 1300 730 ut
1319 677 1403 729 aetus

106 771 264 832 verborum
288 774 416 832 emineat
439 782 469 833 et
492 773 603 855 luceat,
630 776 681 853 qui
711 794 746 835 ex
774 773 872 854 aliquo
901 777 981 835 venit
1003 775 1110 835 aliectu
1134 774 1180 835 rel
1203 758 1406 854 indignatione

105 897 158 939 seu
182 880 371 939 miseratione
395 879 523 962 conlata,
550 888 601 940 aut
624 888 705 940 certe
729 880 854 960 quadam
877 883 1021 941 artatione
1045 884 1191 942 sermonis
1214 901 1289 961 quae
1314 883 1401 943 emla·

79 988 180 1046 ⁵ticos
203 1005 219 1045 a
243 988 338 1066 poetis
361 1006 378 1043 a
403 1034 409 1047 .
434 988 527 1066 siquis
555 990 654 1066 itaque
683 988 747 1047 sine
776 986 869 1047 media
898 989 1021 1066 spiritns
1050 990 1244 1068 suspensione
1272 1007 1402 1068 pronun·

105 1093 244 1167 tiaveritl

262 1209 323 1262 aut
345 1200 410 1261 lroc
433 1200 568 1262 inclusi
591 1204 626 1262 iu
649 1199 746 1280 liguo
769 1201 1000 1263 occultantur
1023 1202 1146 1263 Achivi

263 1317 323 1368 aut
345 1306 431 1369 haec
454 1311 488 1368 in
512 1316 658 1368 nostros
681 1308 857 1370 fabricata
881 1319 935 1370 est
959 1309 1118 1370 machina
1142 1327 1261 1370 muros

264 1417 475 1494 inspectura
498 1415 621 1476 domos
644 1423 866 1495 venturaque
889 1415 1045 1496 desuper
1069 1415 1150 1476 urloi

66 1533 92 1571 1⁰
264 1529 323 1581 aut
347 1521 479 1601 aliquis
502 1522 591 1583 latet
614 1540 717 1582 error
740 1525 825 1602 equi
848 1541 890 1583 ne
914 1523 1053 1584 credite
1077 1523 1221 1604 Teucri,

105 1628 298 1689 confunditur
322 1631 396 1689 ratio
420 1630 643 1709 compositionis
666 1625 796 1708 generali
829 1631 947 1690 nomine
975 1629 1047 1708 ligni
1074 1629 1225 1690 machinae
1249 1632 1317 1708 equi
1342 1678 1349 1690 .
1373 1639 1403 1690 et

753 1735 956 1815 lectumque
980 1735 1146 1817 iugalem,

476 1864 543 1924 quo
567 1847 674 1926 perii,
697 1863 806 1926 super
829 1847 1017 1924 imponam:

104 1950 161 2011 hoc
184 1953 262 2011 enim
287 1950 378 2012 voluit
400 1950 531 2031 intellegi
554 1951 642 2033 Dido,
671 1970 730 2013 non
759 1970 825 2013 esse
853 1950 962 2012 lectum
991 1950 1133 2031 iugalem,
1162 1969 1221 2030 quo
1248 1953 1402 2031 perierit.

30 2070 33 2077 '
66 2067 91 2105 1⁵
105 2057 321 2119 immorandum
354 2067 400 2119 est
432 2077 503 2136 ergo
530 2066 561 2119 et
588 2057 795 2138 respirandum
818 2066 888 2135 post
915 2051 1064 2137 ‘iugalem'
1092 2065 1123 2118 et
1150 2058 1193 2118 sic
1216 2058 1403 2120 inserendum

105 2183 173 2225 cum
204 2155 410 2243 ὑποκρίσεως
441 2167 547 2226 allecto
582 2160 656 2244 ‘qno
689 2159 790 2245 perii'.
840 2164 1023 2244 distinguere
1055 2172 1154 2225 autem
1186 2172 1304 2244 oportet
1335 2173 1404 2225 ante

105 2272 327 2354 similitudines,
350 2291 422 2352 quas
441 2272 546 2332 Graeci
565 2270 718 2352 parabolas
735 2281 854 2352 vocant,
873 2281 989 2333 stante
1008 2271 1138 2332 redditas
1157 2262 1405 2352 ἀνταποδόσεις,

105 2388 135 2440 et
162 2378 306 2459 siquando
334 2398 353 2440 a
377 2399 512 2457 persona
539 2379 575 2440 ad
603 2397 760 2459 personam
788 2381 933 2441 transitus
959 2381 1017 2440 erit
1044 2379 1153 2460 lactus,
1185 2387 1305 2440 etanta
1329 2373 1403 2440 ‘aut'

105 2489 343 2548 coniunctionem
372 2495 401 2547 et
429 2495 496 2546 ante
524 2503 626 2546 casum
654 2487 818 2547 vocativum
842 2495 873 2547 et
895 2496 962 2547 ante
987 2480 1071 2547 ‘sed'
1096 2495 1126 2547 et
1148 2493 1216 2546 ante
1240 2480 1403 2566 ‘quoniam’

63 2600 90 2639 ²⁰
104 2603 136 2655 ct
159 2601 226 2654 ante
249 2595 470 2671 interrogativa,
493 2600 527 2653 ut

251 2702 330 2779 quis
353 2699 453 2778 deus,
476 2717 493 2757 o
517 2698 649 2779 Musae,
672 2701 732 2779 qui
755 2698 858 2762 nohis
881 2700 1023 2761 extudit
1045 2709 1172 2781 artem,
1194 2717 1223 2790 '⁸

251 2807 342 2868 unde
367 2824 454 2865 nova
478 2809 668 2884 ingressus
691 2805 871 2867 hominum
895 2809 1123 2886 experientia
1146 2803 1267 2886 cepit?

104 2923 173 2994 post
195 2915 415 2994 interrogativa,
439 2922 472 2974 ut

639 3020 749 3101 llusa,
771 3019 856 3080 mihi
880 3039 1006 3081 causas
1029 3036 1189 3081 memora.

195 4086 285 4140 Codex
304 4083 501 4153 Sangallensis.
538 4081 813 4152 econfundaturquo
830 4083 931 4138 tricolo
948 4082 994 4137 uel
1012 4081 1131 4136 tricomo
1210 4082 1350 4135 ollactus

106 4174 174 4221 3ex
193 4165 265 4220 alico
346 4164 537 4235 lardatione]
565 4163 693 4232 ceptione
773 4178 845 4231 quoe
872 4160 1057 4216 cocenfolicoe
1137 4158 1315 4229 5suspensio
1386 4164 1402 4212 9

105 4249 203 4301 domus
221 4261 405 4301 corn-mos
478 4251 511 4298 10
530 4244 577 4315 ne]
596 4259 647 4298 neo
721 4248 752 4296 ld
767 4244 833 4311 post
850 4258 900 4295 om.
974 4246 1006 4294 17
1022 4241 1210 4300 αντακοδοσις
1223 4240 1252 4292 et
1266 4237 1403 4305 siquando

106 4327 142 4382 ad
161 4343 308 4396 personum
327 4325 429 4380 transit
447 4324 501 4383 erit
518 4325 608 4379 iactus
691 4329 723 4379 te
742 4322 803 4394 sed]
822 4323 901 4378 sedet
979 4326 1013 4374 21
1033 4319 1175 4390 ollonae]
1198 4336 1293 4375 omose
1368 4325 1403 4374 22

105 4424 180 4464 nouo
197 4423 306 4478 gressus
378 4405 472 4474 coepit

194 4681 210 4729 4
229 4675 274 4729 vel
293 4675 368 4728 certe
387 4690 449 4726 oum
470 4670 592 4741 quodum
610 4671 749 4726 mizdons
768 4667 903 4724 sermonis
921 4685 994 4739 quaa
1013 4663 1174 4738 ἐμφατικῶς
1191 4682 1209 4720 a
1226 4665 1317 4735 poetis
1340 4681 1403 4720 oon·

104 4759 239 4827 geruntur
261 4755 403 4809 Diorroedes
491 4754 575 4807 isui
597 4750 661 4821 hoc]
695 4749 772 4821 Verp.
791 4750 860 4804 Aeas
885 4750 979 4805 1145
1066 4754 1098 4801 12
1125 4747 1295 4819 lectumque]
1324 4748 1401 4818 Verp.

105 4838 174 4891 Aen.
194 4835 278 4889 1111
294 4839 350 4889 496
423 4841 454 4888 21
476 4833 550 4904 quis]
575 4832 652 4901 Verp.
671 4847 758 4904 georg.
778 4830 862 4885 1111
878 4834 933 4886 315
1004 4835 1039 4885 24
1053 4827 1144 4898 lluao]
1168 4827 1246 4899 Verg.
1266 4827 1335 4882 Acro.
1350 4826 1372 4879 I
1383 4832 1402 4882 8
