3316 5474
223 369 288 431 114
783 369 959 427 AGROECII

223 480 245 516 p.
258 469 317 508 asos.
332 470 358 509 eo
372 470 397 509 a.

223 553 319 613 facilia
348 554 485 633 neglexit.
527 572 581 633 ego
610 563 708 615 autem
737 555 851 615 credidi
877 554 950 616 haec
973 552 1109 632 ambigua
1131 552 1287 632 aliquantis
1317 553 1425 636 videri,
1457 556 1526 633 quia
1634 565 1636 568 ’

221 661 294 721 mibi
322 659 448 722 obscura
475 662 649 741 frequenter
678 664 814 724 luissent.
856 662 891 722 ad
921 671 950 723 tc
978 664 1070 742 igitur
1096 659 1152 720 boc
1183 661 1361 741 opusculum
1388 663 1526 744 mittitur,

223 771 252 828 in
282 788 340 847 quo
369 767 516 829 laborabis
543 768 717 850 plurimum,
747 772 796 830 cni
819 788 942 830 necesse
966 776 1011 830 ast
1038 767 1196 829 emendare
1219 771 1318 847 ipsum
1340 770 1391 848 qui
1415 768 1525 847 aliquid

220 876 377 936 emendare
396 879 604 956 praesumpsit.
641 876 762 937 donabit
785 877 882 937 divina
904 879 999 956 pictas
1022 883 1064 957 ut,
1088 878 1139 954 qui
1162 878 1307 955 scriptum
1330 894 1347 935 a
1370 885 1400 937 te
1424 852 1525 936 obser-

220 1001 287 1043 vare
318 984 465 1066 volumus,
494 986 581 1045 ctiam
609 986 826 1064 praescriptum
855 992 940 1044 tuum
969 1001 1088 1044 servare
1118 985 1275 1062 possimus.
1319 982 1381 1042 vale
1411 996 1552 1042 memor⁵

222 1093 330 1173 nostri,
354 1091 445 1152 decus
469 1100 499 1151 et
521 1090 701 1170 praesidium
725 1110 833 1152 mcum.

308 1200 471 1277 Agroecius
500 1216 567 1258 cum
591 1197 680 1257 latine
708 1196 824 1278 scribis,
855 1215 908 1277 per
932 1196 1135 1278 diphthongon
1159 1196 1363 1278 scribendum,
1391 1215 1464 1278 non,
1492 1206 1526 1258 ut
1580 1218 1587 1233 ·

224 1305 344 1385 quidam
367 1314 486 1386 putant,
508 1324 563 1385 per
585 1307 596 1364 i
618 1305 762 1383 Agricius.

310 1412 431 1473 Triceni
454 1412 490 1472 de
514 1413 651 1472 tricentis
673 1412 769 1494 dices,
791 1413 899 1492 trIgcni
923 1411 959 1472 de
982 1414 1113 1492 triginta.

308 1521 442 1581 accersit
464 1521 517 1599 qui
540 1529 651 1601 evocat,
674 1522 798 1580 arcessit
821 1522 873 1599 qui
896 1528 1029 1596 accusat,
1053 1523 1131 1581 sicut
1154 1519 1258 1581 Cicero
1282 1514 1368 1580 ‘non
1391 1519 1566 1598 capitis10

224 1621 438 1687 arcessere'.

308 1733 469 1813 Ecquando
493 1735 673 1815 increpando
695 1735 742 1795 rel
766 1735 942 1815 inquirendo
967 1737 1178 1815 interrogantis
1197 1733 1369 1794 adverbium
1387 1741 1442 1813 est,
1467 1730 1524 1809 [ct]

221 1840 337 1919 quando
358 1839 530 1920 simpliciter
550 1841 707 1920 loquentis.
742 1840 877 1903 similiter
896 1861 942 1923 cn,
962 1860 1030 1901 cum
1049 1840 1195 1922 ostandis3
1215 1859 1271 1922 ern,
1290 1860 1358 1901 cum
1372 1842 1525 1917 increpas:

220 1946 325 2007 Cicero
349 1942 416 2007 ‘em
440 1951 498 2008 cui
522 1956 604 2008 tuos
627 1947 763 2009 liberos
787 1957 863 2009 tute
887 1943 1122 2010 committas’:
1144 1948 1230 2031 bem,
1252 1967 1320 2009 cum
1344 1947 1428 2008 dolor
1451 1948 1525 2005 iram

167 2078 171 2082 ·
221 2055 358 2134 moverit,
381 2059 433 2113 aut
455 2072 523 2114 cum
547 2054 700 2115 admiratio
723 2054 768 2115 vel
792 2057 931 2134 cogitatio
954 2062 1115 2134 stuporem.
1539 2066 1564 2105 1⁵

313 2161 444 2220 dcerrus
467 2161 560 2222 moles
583 2170 641 2243 est,
665 2159 790 2222 acerbus
813 2163 980 2222 inmaturus
1004 2170 1034 2222 et
1056 2180 1165 2240 asper·
1190 2160 1308 2244 Segnis,
1331 2163 1463 2241 insignis.

309 2267 429 2329 albitum
453 2269 516 2328 sine
540 2269 719 2347 aspiratione
743 2266 780 2326 de
803 2266 944 2328 abscessu
975 2266 1095 2350 scribis,
1122 2267 1256 2329 habitum
1283 2267 1320 2328 de
1348 2270 1458 2329 vestitu
1480 2267 1526 2327 vel

220 2384 306 2454 gestu
329 2373 530 2453 membrisque
553 2374 687 2435 dicimus.
841 2459 843 2463 ἲ

311 2481 396 2542 Sicut
423 2477 553 2561 ‘primus
581 2501 597 2542 e
626 2476 742 2542 multis’
775 2490 805 2542 et
837 2476 935 2561 ‘prior
963 2500 979 2542 e
1007 2477 1156 2565 duobus',
1187 2485 1229 2543 ita
1260 2490 1429 2561 postremus
1456 2481 1461 2557 Ι
1488 2481 1525 2541 de

222 2589 323 2649 multis
347 2598 377 2649 et
399 2591 548 2668 posterior
571 2588 607 2649 de
631 2587 747 2649 duobus
770 2596 801 2648 et
823 2588 898 2648 alter
921 2588 957 2649 dc
980 2588 1098 2650 duobus
1121 2589 1239 2670 dicitur,
1262 2589 1337 2649 alius
1359 2587 1396 2648 de
1414 2587 1525 2648 multis.
1539 2602 1566 2640 20

311 2694 368 2755 Vae
387 2694 556 2756 interiectio
575 2695 702 2758 dolentis
721 2704 776 2777 est,
798 2713 833 2755 ve
853 2697 1023 2756 coniunctio
1042 2695 1237 2757 subiunctira.
1274 2696 1437 2776 praemium
1457 2710 1525 2753 cum

568 2851 604 2891 m
1062 2891 1065 2896 .

313 2911 396 2974 lego
410 2900 515 2971 autem]
530 2902 591 2974 Ego
605 2903 698 2959 hocO
750 2903 913 2975 aliquantis]
929 2903 1043 2971 aliquan
1058 2903 1095 2956 M
1146 2903 1215 2973 quia
1227 2901 1298 2956 mibi
1312 2933 1345 2943 -
1360 2899 1478 2956 fuissem
1491 2899 1529 2952 M

224 3000 295 3052 quaa
313 2983 383 3038 mihi
402 3015 435 3024 -
454 2983 568 3037 fuerunt
585 2984 643 3038 ΒΟ
730 2984 942 3055 tepusculum]
969 3001 1040 3053 opus
1057 2982 1115 3036 BG
1202 2989 1218 3037 3
1241 2982 1344 3050 inquo
1362 2998 1413 3037 om.
1433 2981 1457 3035 0

222 3073 364 3128 laborabis
388 3071 541 3142 plurimum
561 3061 617 3142 ᾗ
641 3074 745 3128 laboris
766 3073 921 3143 'plurimum
939 3073 966 3125 Β
1055 3070 1160 3142 ipsum]
1180 3089 1244 3126 eum
1262 3071 1321 3126 ΒΟ
1407 3076 1425 3123 4
1447 3085 1527 3139 prae-

223 3153 330 3223 sumpsi
349 3154 386 3207 M
474 3153 523 3222 qui
543 3153 627 3208 etiam
651 3154 785 3224 scriptum
810 3170 828 3208 a
849 3156 878 3208 te
897 3154 1044 3209 obseruare
1063 3154 1192 3208 uolumus
1216 3151 1366 3220 (noluimus
1384 3150 1423 3219 B)
1442 3149 1528 3203 ctiam

223 3243 428 3311 praescriptum
451 3244 531 3296 tunm
555 3260 665 3299 seruarc
688 3243 825 3313 possimus
851 3242 910 3296 BG
1019 3248 1035 3296 5
1059 3241 1124 3297 nale
1146 3228 1246 3296 inoff
1265 3236 1528 3295 ORTOGRAPHIA

225 3320 399 3376 AGROECII
416 3322 602 3377 RETHORIS
621 3323 774 3393 Agroecins
789 3325 895 3377 etcum
913 3323 1002 3377 latine
1016 3322 1121 3377 scribas
1134 3322 1162 3374 B
1180 3322 1244 3376 uale
1263 3320 1399 3376 INCIPIT
1419 3317 1528 3373 ORTO·

223 3400 387 3455 GRAPHIA
405 3400 568 3454 EIUSDEM
586 3403 736 3471 Agroetius
751 3420 814 3458 cum
828 3404 915 3458 latine
930 3400 1074 3458 scribasO
1128 3407 1144 3456 7
1162 3401 1313 3471 Agroetius
1327 3400 1400 3455 sicut
1413 3400 1529 3467 (Agroe-

224 3482 282 3536 cius
298 3482 370 3536 sicut
388 3484 418 3536 et
436 3481 532 3551 Scap.)
552 3482 628 3551 apud
645 3500 742 3552 grecos
760 3484 891 3538 scribitur
911 3501 974 3538 cum
988 3483 1124 3552 diptongo
1139 3482 1317 3538 scribendum
1330 3481 1397 3550 quia
1415 3495 1529 3549 grecum

224 3578 325 3616 nomen
340 3565 391 3617 est.
419 3562 537 3633 siagrius
550 3580 617 3617 nero
632 3563 736 3632 absque
752 3563 896 3633 diptougo.
918 3563 1030 3619 Triceni
1043 3565 1126 3618 codex
1139 3564 1289 3618 Beneuen
1302 3567 1358 3617 330
1371 3565 1396 3615 et
1409 3559 1528 3627 Sangar-

224 3643 362 3697 inamata
380 3646 454 3697 1180
526 3643 675 3712 Agroetius
695 3661 757 3697 cum
777 3641 864 3696 latine
883 3641 987 3697 scribas
1008 3643 1045 3695 M
1128 3659 1179 3712 per
1196 3642 1364 3713 diptongum
1381 3655 1415 3694 oe
1435 3637 1459 3691 0

224 3727 240 3774 8
259 3738 309 3791 per
327 3740 344 3790 y
365 3721 499 3791 Agrytius
519 3722 617 3775 MBO
723 3731 738 3777 9
763 3722 879 3777 'I'raceni
903 3722 939 3776 de
962 3722 1094 3777 trecentis
1112 3722 1216 3793 trigeni
1235 3722 1270 3778 de
1288 3719 1413 3790 traginta
1436 3718 1460 3772 0

226 3807 258 3854 10
276 3818 332 3854 nou
352 3801 452 3869 capitis
471 3801 616 3856 arcessisse
634 3802 681 3856 nel
699 3817 839 3862 arcessere
856 3800 914 3856 ΒΟ
929 3819 979 3857 uos
997 3801 1097 3871 capitis
1116 3819 1254 3860 arcessere
1269 3820 1306 3872 p:
1326 3801 1380 3857 Cic.
1391 3819 1422 3871 p.
1437 3800 1527 3854 Deiot.

223 3885 267 3947 11,
277 3886 314 3936 30
369 3887 401 3934 12
416 3881 580 3936 adverbium
594 3899 644 3935 ont.
656 3881 715 3935 BG
767 3888 799 3935 13
815 3881 945 3936 similiter
958 3881 1032 3936 enim
1047 3899 1110 3936 cum
1125 3883 1248 3938 ostendis
1263 3900 1296 3938 en
1312 3900 1375 3938 cum
1389 3881 1528 3949 increpas:

225 3961 320 4016 Cicero
340 3979 375 4016 en
393 3960 438 4015 cui
456 3963 488 4015 tu
507 3978 617 4029 quoquc
642 3961 730 4017 libere
748 3962 852 4017 liberos
870 3963 931 4016 tute
950 3962 1109 4016 commistae
1127 3962 1191 4017 hcm
1215 3980 1278 4017 cum
1300 3963 1381 4018 dolor
1404 3977 1421 4019 ς
1448 3959 1528 4014 simi-

223 4041 289 4096 liter
311 4058 346 4096 en
370 4057 433 4095 cum
456 4041 592 4109 ostendis,
622 4042 718 4098 Cicero
742 4061 776 4098 en
800 4043 844 4097 cui
871 4044 934 4096 tuos
964 4041 1068 4098 liberos
1090 4044 1151 4098 tute
1174 4043 1346 4099 committas:
1373 4043 1443 4097 item
1466 4058 1528 4095 cum

224 4122 340 4190 dolorp
414 4129 447 4177 14
466 4138 510 4176 em
531 4121 587 4192 cui]
608 4120 662 4179 Oic.
682 4125 714 4177 in
738 4123 813 4177 Verr.
832 4127 883 4177 oct.
902 4136 952 4175 sec.
972 4121 993 4173 I
1009 4126 1055 4191 37,
1069 4129 1105 4178 93
1177 4127 1241 4179 tuos
1259 4123 1318 4179 Bo
1333 4127 1366 4179 tu
1383 4129 1422 4193 qq
1442 4124 1481 4177 M

225 4201 339 4273 liberos]
359 4203 466 4259 lebetes
484 4205 511 4257 Β
583 4203 654 4258 iram
673 4202 857 4258 commouerit
873 4202 901 4255 Β
979 4208 1012 4257 16
1031 4204 1119 4259 moles
1138 4207 1182 4259 cst
1198 4204 1279 4258 Beda
1294 4223 1322 4274 p.
1342 4209 1427 4271 2777,
1446 4204 1529 4257 molis

225 4285 268 4336 est
287 4284 325 4336 Μ
341 4282 423 4337 molis
442 4286 521 4351 (corr.
541 4288 595 4353 es)
614 4284 659 4337 uel
683 4283 809 4338 cumulus
830 4281 950 4337 Cmolis
968 4284 1013 4336 est
1030 4282 1076 4337 uel
1094 4284 1168 4339 mole
1187 4285 1214 4337 B
1304 4283 1459 4339 inmaturus
1483 4283 1529 4336 nel

225 4379 306 4430 asper
319 4364 346 4416 Β
402 4363 501 4432 Segnis
520 4363 638 4434 insignis
652 4362 680 4415 Β
699 4363 798 4431 Segnis
814 4404 944 4420 ........
963 4364 1053 4431 spatio
1072 4370 1130 4419 octo
1148 4366 1303 4420 litterarum
1320 4365 1352 4419 s'n
1369 4367 1423 4432 fine
1436 4382 1529 4419 ceram

225 4445 319 4497 relicto
334 4443 377 4510 M,
397 4441 497 4510 Segnis
511 4442 627 4512 insignis
641 4443 789 4497 dicendum
806 4443 828 4494 C
845 4443 938 4511 segnis
952 4441 998 4497 ucl
1016 4442 1138 4513 insegnia
1157 4445 1191 4499 de
1209 4445 1291 4516 pigro
1309 4443 1356 4499 uel
1373 4461 1428 4498 non
1447 4443 1528 4513 pigro

226 4522 372 4575 dicendum
393 4538 407 4574 c
482 4529 512 4575 17
533 4522 647 4576 abcessu
668 4524 702 4575 M
776 4528 809 4576 18
829 4525 910 4591 gestu
929 4524 1116 4577 membrorum
1136 4542 1199 4579 cum
1218 4523 1388 4594 aspiratione
1407 4524 1454 4578 Sic
1472 4525 1527 4592 pri·

227 4621 288 4656 mus
307 4602 342 4655 de
360 4602 457 4656 multis
477 4601 502 4654 0
571 4608 604 4654 19
624 4600 708 4671 sicut]
728 4600 769 4655 sic
786 4601 814 4654 Β
885 4602 961 4671 prior
980 4620 1014 4658 ex
1032 4603 1140 4657 duobus
1161 4604 1198 4658 Μ
1259 4604 1301 4659 ita
1318 4605 1475 4673 postremus
1494 4605 1528 4658 de

226 4681 322 4736 multis
342 4683 371 4735 et
388 4681 526 4751 posterior
544 4698 559 4735 e
578 4681 686 4737 duobus
703 4684 736 4735 in
753 4681 836 4735 init-io
851 4684 973 4751 paginae
990 4685 1134 4752 repetitum
1152 4690 1189 4738 cat
1206 4685 1239 4740 in
1258 4685 1295 4738 Μ
1365 4690 1400 4740 20
1418 4685 1448 4739 et
1465 4689 1529 4738 onte

226 4760 363 4832 posterior
381 4767 405 4814 et
423 4765 487 4814 ante
504 4762 576 4814 alter
595 4779 645 4815 ona
663 4762 722 4814 BC
799 4762 936 4830 posterior
954 4781 970 4817 e
989 4767 1067 4835 (corr.
1088 4766 1123 4820 ol.
1143 4781 1177 4820 nt.
1197 4764 1231 4819 de
1249 4764 1287 4833 B)
1307 4764 1414 4820 duobus
1434 4766 1471 4819 M
1474 4765 1532 4818 Bu

262 4848 294 4898 21
316 4845 359 4897 est
375 4846 436 4912 post
455 4840 576 4896 dolentis
595 4859 644 4898 oni.
666 4842 710 4910 M,
729 4843 792 4898 add.
810 4841 865 4896 BC
915 4844 1071 4913 proemium
1091 4861 1153 4901 cum
1174 4847 1218 4917 (oe
1233 4845 1297 4899 add.
1312 4847 1337 4914 c)
1356 4843 1531 4918 diptcugoG
