<?xml version="1.0" encoding="UTF-8"?>
<!DOCTYPE html PUBLIC "-//W3C//DTD XHTML 1.0 Transitional//EN"
    "http://www.w3.org/TR/xhtml1/DTD/xhtml1-transitional.dtd">
<html xmlns="http://www.w3.org/1999/xhtml" xml:lang="en" lang="en">
 <head>
  <title>
</title>
<meta http-equiv="Content-Type" content="text/html;charset=utf-8" />
  <meta name='ocr-system' content='tesseract 3.04.00' />
  <meta name='ocr-capabilities' content='ocr_page ocr_carea ocr_par ocr_line ocrx_word'/>
</head>
<body>
  <div class='ocr_page' id='page_1' title='image "./grammaticilatin00keilgoog/grammaticilatin00keilgoog_0306.png"; bbox 0 0 3316 5474; ppageno 0'>
   <div class='ocr_carea' id='block_1_1' title="bbox 629 376 1457 439">
    <p class='ocr_par' dir='ltr' id='par_1_1' title="bbox 629 376 1457 439">
     <span class='ocr_line' id='line_1_1' title="bbox 629 376 1457 439; baseline 0.01 -8"><span class='ocrx_word' id='word_1_1' title='bbox 629 378 677 431; x_wconf 83' lang='lat' dir='ltr'><strong>DE</strong></span> <span class='ocrx_word' id='word_1_2' title='bbox 696 376 985 431; x_wconf 76' lang='lat' dir='ltr'><strong>ourfloouueffls</strong></span> <span class='ocrx_word' id='word_1_3' title='bbox 1393 376 1457 439; x_wconf 74' lang='grc'><strong>287</strong></span> 
     </span>
    </p>
   </div>
   <div class='ocr_carea' id='block_1_2' title="bbox 85 476 1496 2876">
    <p class='ocr_par' dir='ltr' id='par_1_2' title="bbox 154 476 331 523">
     <span class='ocr_line' id='line_1_2' title="bbox 154 476 331 523; baseline -0.006 -8"><span class='ocrx_word' id='word_1_4' title='bbox 154 476 249 523; x_wconf 58' lang='lat' dir='ltr'><strong>saraa.</strong></span> <span class='ocrx_word' id='word_1_5' title='bbox 266 476 331 515; x_wconf 75' lang='lat' dir='ltr'><strong>oso.</strong></span> 
     </span>
    </p>

    <p class='ocr_par' dir='ltr' id='par_1_3' title="bbox 129 555 1461 962">
     <span class='ocr_line' id='line_1_3' title="bbox 129 555 1457 643; baseline 0.001 -24"><span class='ocrx_word' id='word_1_6' title='bbox 129 555 381 641; x_wconf 22' lang='lat' dir='ltr'><strong>*sacelliciisss</strong></span> <span class='ocrx_word' id='word_1_7' title='bbox 404 571 434 621; x_wconf 89' lang='lat' dir='ltr'><strong>ot</strong></span> <span class='ocrx_word' id='word_1_8' title='bbox 458 579 577 621; x_wconf 88' lang='lat' dir='ltr'><strong>rursum</strong></span> <span class='ocrx_word' id='word_1_9' title='bbox 603 556 775 623; x_wconf 78' lang='lat' dir='ltr'><strong>‘recessit</strong></span> <span class='ocrx_word' id='word_1_10' title='bbox 797 581 813 621; x_wconf 95' lang='lat' dir='ltr'><strong>a</strong></span> <span class='ocrx_word' id='word_1_11' title='bbox 838 561 943 643; x_wconf 92' lang='lat' dir='ltr'><strong>malo,</strong></span> <span class='ocrx_word' id='word_1_12' title='bbox 972 580 1039 621; x_wconf 95' lang='lat' dir='ltr'><strong>non</strong></span> <span class='ocrx_word' id='word_1_13' title='bbox 1065 561 1156 640; x_wconf 90' lang='lat' dir='ltr'><strong>quod</strong></span> <span class='ocrx_word' id='word_1_14' title='bbox 1187 561 1351 622; x_wconf 88' lang='lat' dir='ltr'><strong>iaciendo</strong></span> <span class='ocrx_word' id='word_1_15' title='bbox 1375 579 1457 620; x_wconf 88' lang='lat' dir='ltr'><strong>con·</strong></span> 
     </span>
     <span class='ocr_line' id='line_1_4' title="bbox 155 663 1458 748; baseline 0.001 -22"><span class='ocrx_word' id='word_1_16' title='bbox 155 669 252 747; x_wconf 94' lang='lat' dir='ltr'><strong>tigit,</strong></span> <span class='ocrx_word' id='word_1_17' title='bbox 282 666 344 726; x_wconf 90' lang='lat' dir='ltr'><strong>sed</strong></span> <span class='ocrx_word' id='word_1_18' title='bbox 375 666 467 746; x_wconf 90' lang='lat' dir='ltr'><strong>quod</strong></span> <span class='ocrx_word' id='word_1_19' title='bbox 498 668 714 728; x_wconf 87' lang='lat' dir='ltr'><strong>inveniendo</strong></span> <span class='ocrx_word' id='word_1_20' title='bbox 744 668 967 748; x_wconf 82' lang='lat' dir='ltr'><strong>reprobavit3</strong></span> <span class='ocrx_word' id='word_1_21' title='bbox 996 670 1068 727; x_wconf 91' lang='lat' dir='ltr'><strong>item</strong></span> <span class='ocrx_word' id='word_1_22' title='bbox 1100 663 1250 729; x_wconf 76' lang='lat' dir='ltr'><strong>‘dictum</strong></span> <span class='ocrx_word' id='word_1_23' title='bbox 1281 676 1334 728; x_wconf 88' lang='lat' dir='ltr'><strong>est</strong></span> <span class='ocrx_word' id='word_1_24' title='bbox 1365 666 1458 746; x_wconf 87' lang='lat' dir='ltr'><strong>quod</strong></span> 
     </span>
     <span class='ocr_line' id='line_1_5' title="bbox 155 754 1461 857; baseline 0.002 -25"><span class='ocrx_word' id='word_1_25' title='bbox 155 771 220 832; x_wconf 92' lang='lat' dir='ltr'><strong>boc</strong></span> <span class='ocrx_word' id='word_1_26' title='bbox 239 792 386 833; x_wconf 91' lang='lat' dir='ltr'><strong>numero</strong></span> <span class='ocrx_word' id='word_1_27' title='bbox 407 776 554 852; x_wconf 83' lang='lat' dir='ltr'><strong>requies</strong></span> <span class='ocrx_word' id='word_1_28' title='bbox 572 770 809 857; x_wconf 89' lang='lat' dir='ltr'><strong>designatnr&#39;,</strong></span> <span class='ocrx_word' id='word_1_29' title='bbox 823 778 893 836; x_wconf 92' lang='lat' dir='ltr'><strong>item</strong></span> <span class='ocrx_word' id='word_1_30' title='bbox 909 770 994 835; x_wconf 78' lang='lat' dir='ltr'><strong>‘non</strong></span> <span class='ocrx_word' id='word_1_31' title='bbox 1013 774 1102 835; x_wconf 93' lang='lat' dir='ltr'><strong>nulli</strong></span> <span class='ocrx_word' id='word_1_32' title='bbox 1122 794 1200 835; x_wconf 89' lang='lat' dir='ltr'><strong>sese</strong></span> <span class='ocrx_word' id='word_1_33' title='bbox 1219 754 1461 855; x_wconf 85' lang='lat' dir='ltr'><strong>intrinsecus,</strong></span> 
     </span>
     <span class='ocr_line' id='line_1_6' title="bbox 156 876 1264 962; baseline 0.003 -24"><span class='ocrx_word' id='word_1_34' title='bbox 156 878 248 957; x_wconf 88' lang='lat' dir='ltr'><strong>quod</strong></span> <span class='ocrx_word' id='word_1_35' title='bbox 272 898 335 958; x_wconf 90' lang='lat' dir='ltr'><strong>per</strong></span> <span class='ocrx_word' id='word_1_36' title='bbox 359 898 420 941; x_wconf 86' lang='lat' dir='ltr'><strong>eos</strong></span> <span class='ocrx_word' id='word_1_37' title='bbox 442 884 673 960; x_wconf 78' lang='lat' dir='ltr'><strong>purgationis</strong></span> <span class='ocrx_word' id='word_1_38' title='bbox 696 884 812 961; x_wconf 87' lang='lat' dir='ltr'><strong>gratia</strong></span> <span class='ocrx_word' id='word_1_39' title='bbox 836 881 1038 962; x_wconf 79' lang='lat' dir='ltr'><strong>derivatur,</strong></span> <span class='ocrx_word' id='word_1_40' title='bbox 1061 876 1264 942; x_wconf 81' lang='lat' dir='ltr'><strong>extollunt&#39;.</strong></span> 
     </span>
    </p>

    <p class='ocr_par' dir='ltr' id='par_1_4' title="bbox 113 984 1461 1495">
     <span class='ocr_line' id='line_1_7' title="bbox 113 984 1458 1067; baseline 0.004 -27"><span class='ocrx_word' id='word_1_41' title='bbox 113 1000 128 1040; x_wconf 77' lang='lat' dir='ltr'><strong>s</strong></span> <span class='ocrx_word' id='word_1_42' title='bbox 245 984 369 1055; x_wconf 80' lang='lat' dir='ltr'><strong>Quoties</strong></span> <span class='ocrx_word' id='word_1_43' title='bbox 393 988 481 1047; x_wconf 89' lang='lat' dir='ltr'><strong>toties</strong></span> <span class='ocrx_word' id='word_1_44' title='bbox 504 989 615 1066; x_wconf 85' lang='lat' dir='ltr'><strong>septies</strong></span> <span class='ocrx_word' id='word_1_45' title='bbox 638 990 702 1048; x_wconf 89' lang='lat' dir='ltr'><strong>sine</strong></span> <span class='ocrx_word' id='word_1_46' title='bbox 726 1008 754 1048; x_wconf 94' lang='lat' dir='ltr'><strong>n.</strong></span> <span class='ocrx_word' id='word_1_47' title='bbox 792 987 936 1067; x_wconf 87' lang='lat' dir='ltr'><strong>quicquid</strong></span> <span class='ocrx_word' id='word_1_48' title='bbox 960 989 1113 1066; x_wconf 91' lang='lat' dir='ltr'><strong>inpriore</strong></span> <span class='ocrx_word' id='word_1_49' title='bbox 1137 987 1245 1066; x_wconf 79' lang='lat' dir='ltr'><strong>syllaba</strong></span> <span class='ocrx_word' id='word_1_50' title='bbox 1269 1005 1323 1067; x_wconf 86' lang='lat' dir='ltr'><strong>per</strong></span> <span class='ocrx_word' id='word_1_51' title='bbox 1346 1005 1362 1046; x_wconf 92' lang='lat' dir='ltr'><strong>c</strong></span> <span class='ocrx_word' id='word_1_52' title='bbox 1386 989 1458 1046; x_wconf 87' lang='lat' dir='ltr'><strong>scri·</strong></span> 
     </span>
     <span class='ocr_line' id='line_1_8' title="bbox 156 1090 1458 1174; baseline 0.002 -24"><span class='ocrx_word' id='word_1_53' title='bbox 156 1090 295 1162; x_wconf 89' lang='lat' dir='ltr'><strong>bendum.</strong></span> <span class='ocrx_word' id='word_1_54' title='bbox 333 1110 501 1172; x_wconf 82' lang='lat' dir='ltr'><strong>quanquam</strong></span> <span class='ocrx_word' id='word_1_55' title='bbox 525 1094 555 1152; x_wconf 91' lang='lat' dir='ltr'><strong>in</strong></span> <span class='ocrx_word' id='word_1_56' title='bbox 579 1097 680 1173; x_wconf 92' lang='lat' dir='ltr'><strong>priore</strong></span> <span class='ocrx_word' id='word_1_57' title='bbox 703 1113 757 1174; x_wconf 93' lang='lat' dir='ltr'><strong>per</strong></span> <span class='ocrx_word' id='word_1_58' title='bbox 780 1113 808 1155; x_wconf 91' lang='lat' dir='ltr'><strong>n.</strong></span> <span class='ocrx_word' id='word_1_59' title='bbox 846 1095 967 1174; x_wconf 87' lang='lat' dir='ltr'><strong>querela</strong></span> <span class='ocrx_word' id='word_1_60' title='bbox 992 1112 1046 1173; x_wconf 90' lang='lat' dir='ltr'><strong>per</strong></span> <span class='ocrx_word' id='word_1_61' title='bbox 1070 1112 1162 1155; x_wconf 79' lang='lat' dir='ltr'><strong>summ</strong></span> <span class='ocrx_word' id='word_1_62' title='bbox 1185 1094 1203 1153; x_wconf 90' lang='lat' dir='ltr'><strong>l.</strong></span> <span class='ocrx_word' id='word_1_63' title='bbox 1241 1103 1387 1174; x_wconf 90' lang='lat' dir='ltr'><strong>quatenus</strong></span> <span class='ocrx_word' id='word_1_64' title='bbox 1410 1093 1458 1153; x_wconf 88' lang='lat' dir='ltr'><strong>ad·</strong></span> 
     </span>
     <span class='ocr_line' id='line_1_9' title="bbox 157 1196 1459 1283; baseline 0.002 -27"><span class='ocrx_word' id='word_1_65' title='bbox 157 1196 290 1258; x_wconf 82' lang='lat' dir='ltr'><strong>verbium</strong></span> <span class='ocrx_word' id='word_1_66' title='bbox 319 1198 375 1259; x_wconf 85' lang='lat' dir='ltr'><strong>loci</strong></span> <span class='ocrx_word' id='word_1_67' title='bbox 405 1200 449 1259; x_wconf 84' lang='lat' dir='ltr'><strong>rel</strong></span> <span class='ocrx_word' id='word_1_68' title='bbox 478 1202 634 1280; x_wconf 92' lang='lat' dir='ltr'><strong>temporis,</strong></span> <span class='ocrx_word' id='word_1_69' title='bbox 661 1199 689 1259; x_wconf 89' lang='lat' dir='ltr'><strong>id</strong></span> <span class='ocrx_word' id='word_1_70' title='bbox 719 1209 765 1262; x_wconf 89' lang='lat' dir='ltr'><strong>est</strong></span> <span class='ocrx_word' id='word_1_71' title='bbox 792 1219 962 1283; x_wconf 79' lang='lat' dir='ltr'><strong>quousque,</strong></span> <span class='ocrx_word' id='word_1_72' title='bbox 988 1219 1043 1280; x_wconf 90' lang='lat' dir='ltr'><strong>per</strong></span> <span class='ocrx_word' id='word_1_73' title='bbox 1066 1220 1095 1281; x_wconf 92' lang='lat' dir='ltr'><strong>e,</strong></span> <span class='ocrx_word' id='word_1_74' title='bbox 1127 1202 1266 1279; x_wconf 80' lang='lat' dir='ltr'><strong>quatinus</strong></span> <span class='ocrx_word' id='word_1_75' title='bbox 1290 1201 1459 1260; x_wconf 90' lang='lat' dir='ltr'><strong>coniunctio</strong></span> 
     </span>
     <span class='ocr_line' id='line_1_10' title="bbox 156 1303 1461 1388; baseline 0.002 -25"><span class='ocrx_word' id='word_1_76' title='bbox 156 1303 295 1378; x_wconf 85' lang='lat' dir='ltr'><strong>causalis,</strong></span> <span class='ocrx_word' id='word_1_77' title='bbox 324 1305 351 1366; x_wconf 90' lang='lat' dir='ltr'><strong>id</strong></span> <span class='ocrx_word' id='word_1_78' title='bbox 377 1315 423 1366; x_wconf 91' lang='lat' dir='ltr'><strong>est</strong></span> <span class='ocrx_word' id='word_1_79' title='bbox 453 1315 498 1386; x_wconf 92' lang='lat' dir='ltr'><strong>ut,</strong></span> <span class='ocrx_word' id='word_1_80' title='bbox 525 1323 579 1385; x_wconf 93' lang='lat' dir='ltr'><strong>per</strong></span> <span class='ocrx_word' id='word_1_81' title='bbox 602 1308 612 1366; x_wconf 95' lang='lat' dir='ltr'><strong>i</strong></span> <span class='ocrx_word' id='word_1_82' title='bbox 636 1305 835 1367; x_wconf 88' lang='lat' dir='ltr'><strong>scribendum.</strong></span> <span class='ocrx_word' id='word_1_83' title='bbox 873 1309 1026 1386; x_wconf 91' lang='lat' dir='ltr'><strong>quaeritur</strong></span> <span class='ocrx_word' id='word_1_84' title='bbox 1050 1306 1086 1366; x_wconf 88' lang='lat' dir='ltr'><strong>de</strong></span> <span class='ocrx_word' id='word_1_85' title='bbox 1108 1305 1301 1385; x_wconf 85' lang='lat' dir='ltr'><strong>inquirendo,</strong></span> <span class='ocrx_word' id='word_1_86' title='bbox 1323 1307 1461 1388; x_wconf 80' lang='lat' dir='ltr'><strong>queritur</strong></span> 
     </span>
     <span class='ocr_line' id='line_1_11' title="bbox 156 1407 1460 1495; baseline 0.001 -25"><span class='ocrx_word' id='word_1_87' title='bbox 156 1410 191 1471; x_wconf 90' lang='lat' dir='ltr'><strong>de</strong></span> <span class='ocrx_word' id='word_1_88' title='bbox 215 1411 366 1490; x_wconf 87' lang='lat' dir='ltr'><strong>plorando.</strong></span> <span class='ocrx_word' id='word_1_89' title='bbox 405 1421 547 1491; x_wconf 83' lang='lat' dir='ltr'><strong>quaestus</strong></span> <span class='ocrx_word' id='word_1_90' title='bbox 565 1410 655 1492; x_wconf 87' lang='lat' dir='ltr'><strong>lucri,</strong></span> <span class='ocrx_word' id='word_1_91' title='bbox 679 1421 804 1491; x_wconf 92' lang='lat' dir='ltr'><strong>questus</strong></span> <span class='ocrx_word' id='word_1_92' title='bbox 822 1413 1017 1474; x_wconf 90' lang='lat' dir='ltr'><strong>lacrimarum.</strong></span> <span class='ocrx_word' id='word_1_93' title='bbox 1039 1407 1044 1495; x_wconf 84' lang='grc' dir='ltr'>Ι</span> <span class='ocrx_word' id='word_1_94' title='bbox 1064 1414 1248 1491; x_wconf 88' lang='lat' dir='ltr'><strong>querimonia</strong></span> <span class='ocrx_word' id='word_1_95' title='bbox 1268 1431 1386 1491; x_wconf 91' lang='lat' dir='ltr'><strong>quoque</strong></span> <span class='ocrx_word' id='word_1_96' title='bbox 1406 1430 1460 1492; x_wconf 91' lang='lat' dir='ltr'><strong>per</strong></span> 
     </span>
    </p>

    <p class='ocr_par' dir='ltr' id='par_1_5' title="bbox 116 1516 1459 1706">
     <span class='ocr_line' id='line_1_12' title="bbox 116 1516 1459 1601; baseline 0 -24"><span class='ocrx_word' id='word_1_97' title='bbox 116 1535 142 1571; x_wconf 82' lang='grc' dir='ltr'><strong>ιο</strong></span> <span class='ocrx_word' id='word_1_98' title='bbox 157 1516 321 1597; x_wconf 87' lang='lat' dir='ltr'><strong>simplicem</strong></span> <span class='ocrx_word' id='word_1_99' title='bbox 340 1538 356 1579; x_wconf 91' lang='lat' dir='ltr'><strong>e</strong></span> <span class='ocrx_word' id='word_1_100' title='bbox 375 1517 540 1578; x_wconf 88' lang='lat' dir='ltr'><strong>scribenda.</strong></span> <span class='ocrx_word' id='word_1_101' title='bbox 573 1520 731 1597; x_wconf 91' lang='lat' dir='ltr'><strong>quicquam</strong></span> <span class='ocrx_word' id='word_1_102' title='bbox 755 1538 809 1598; x_wconf 89' lang='lat' dir='ltr'><strong>per</strong></span> <span class='ocrx_word' id='word_1_103' title='bbox 827 1539 857 1601; x_wconf 88' lang='lat' dir='ltr'><strong>c,</strong></span> <span class='ocrx_word' id='word_1_104' title='bbox 881 1538 940 1579; x_wconf 92' lang='lat' dir='ltr'><strong>non</strong></span> <span class='ocrx_word' id='word_1_105' title='bbox 965 1518 1124 1598; x_wconf 86' lang='lat' dir='ltr'><strong>quidquam</strong></span> <span class='ocrx_word' id='word_1_106' title='bbox 1146 1517 1336 1579; x_wconf 87' lang='lat' dir='ltr'><strong>scribendum</strong></span> <span class='ocrx_word' id='word_1_107' title='bbox 1359 1518 1459 1598; x_wconf 86' lang='lat' dir='ltr'><strong>perd.</strong></span> 
     </span>
     <span class='ocr_line' id='line_1_13' title="bbox 156 1623 1226 1706; baseline 0.002 -23"><span class='ocrx_word' id='word_1_108' title='bbox 156 1624 355 1706; x_wconf 89' lang='lat' dir='ltr'><strong>quorundam,</strong></span> <span class='ocrx_word' id='word_1_109' title='bbox 379 1627 456 1687; x_wconf 90' lang='lat' dir='ltr'><strong>sicut</strong></span> <span class='ocrx_word' id='word_1_110' title='bbox 480 1623 655 1704; x_wconf 89' lang='lat' dir='ltr'><strong>eorundem,</strong></span> <span class='ocrx_word' id='word_1_111' title='bbox 679 1643 734 1704; x_wconf 91' lang='lat' dir='ltr'><strong>per</strong></span> <span class='ocrx_word' id='word_1_112' title='bbox 758 1644 776 1685; x_wconf 97' lang='lat' dir='ltr'><strong>n</strong></span> <span class='ocrx_word' id='word_1_113' title='bbox 800 1624 1005 1705; x_wconf 85' lang='lat' dir='ltr'><strong>scribendum,</strong></span> <span class='ocrx_word' id='word_1_114' title='bbox 1028 1643 1087 1685; x_wconf 89' lang='lat' dir='ltr'><strong>non</strong></span> <span class='ocrx_word' id='word_1_115' title='bbox 1111 1643 1165 1703; x_wconf 92' lang='lat' dir='ltr'><strong>per</strong></span> <span class='ocrx_word' id='word_1_116' title='bbox 1189 1643 1226 1685; x_wconf 92' lang='lat' dir='ltr'><strong>m.</strong></span> 
     </span>
    </p>

    <p class='ocr_par' dir='ltr' id='par_1_6' title="bbox 247 1729 1145 1813">
     <span class='ocr_line' id='line_1_14' title="bbox 247 1729 1145 1813; baseline 0 -22"><span class='ocrx_word' id='word_1_117' title='bbox 247 1730 363 1801; x_wconf 84' lang='lat' dir='ltr'><strong>Queror</strong></span> <span class='ocrx_word' id='word_1_118' title='bbox 387 1731 423 1791; x_wconf 91' lang='lat' dir='ltr'><strong>de</strong></span> <span class='ocrx_word' id='word_1_119' title='bbox 448 1741 492 1812; x_wconf 93' lang='lat' dir='ltr'><strong>te,</strong></span> <span class='ocrx_word' id='word_1_120' title='bbox 514 1748 625 1809; x_wconf 76' lang='lat' dir='ltr'><strong>queror</strong></span> <span class='ocrx_word' id='word_1_121' title='bbox 650 1729 762 1791; x_wconf 86' lang='lat' dir='ltr'><strong>libide</strong></span> <span class='ocrx_word' id='word_1_122' title='bbox 787 1731 851 1813; x_wconf 93' lang='lat' dir='ltr'><strong>illo,</strong></span> <span class='ocrx_word' id='word_1_123' title='bbox 874 1734 944 1793; x_wconf 92' lang='lat' dir='ltr'><strong>item</strong></span> <span class='ocrx_word' id='word_1_124' title='bbox 968 1749 1145 1810; x_wconf 90' lang='lat' dir='ltr'><strong>conqueror.</strong></span> 
     </span>
    </p>

    <p class='ocr_par' dir='ltr' id='par_1_7' title="bbox 157 1832 1460 2026">
     <span class='ocr_line' id='line_1_15' title="bbox 245 1832 1460 1919; baseline 0 -22"><span class='ocrx_word' id='word_1_125' title='bbox 245 1832 327 1907; x_wconf 79' lang='lat' dir='ltr'><strong>‘Quo</strong></span> <span class='ocrx_word' id='word_1_126' title='bbox 346 1833 467 1898; x_wconf 79' lang='lat' dir='ltr'><strong>vadisi’</strong></span> <span class='ocrx_word' id='word_1_127' title='bbox 492 1838 526 1898; x_wconf 91' lang='lat' dir='ltr'><strong>ad</strong></span> <span class='ocrx_word' id='word_1_128' title='bbox 552 1855 640 1914; x_wconf 85' lang='lat' dir='ltr'><strong>quem</strong></span> <span class='ocrx_word' id='word_1_129' title='bbox 665 1836 762 1898; x_wconf 90' lang='lat' dir='ltr'><strong>locum</strong></span> <span class='ocrx_word' id='word_1_130' title='bbox 783 1839 941 1919; x_wconf 85' lang='lat' dir='ltr'><strong>significat,</strong></span> <span class='ocrx_word' id='word_1_131' title='bbox 965 1833 1172 1916; x_wconf 74' lang='lat' dir='ltr'><strong>‘quaradisi&#39;</strong></span> <span class='ocrx_word' id='word_1_132' title='bbox 1195 1841 1318 1918; x_wconf 72' lang='lat' dir='ltr'><strong>quasia</strong></span> <span class='ocrx_word' id='word_1_133' title='bbox 1342 1838 1460 1899; x_wconf 80' lang='lat' dir='ltr'><strong>(licitur.</strong></span> 
     </span>
     <span class='ocr_line' id='line_1_16' title="bbox 157 1940 1460 2026; baseline 0.002 -23"><span class='ocrx_word' id='word_1_134' title='bbox 157 1961 216 2022; x_wconf 95' lang='lat' dir='ltr'><strong>quo</strong></span> <span class='ocrx_word' id='word_1_135' title='bbox 239 1943 395 2023; x_wconf 88' lang='lat' dir='ltr'><strong>aliquando</strong></span> <span class='ocrx_word' id='word_1_136' title='bbox 418 1963 472 2023; x_wconf 90' lang='lat' dir='ltr'><strong>pro</strong></span> <span class='ocrx_word' id='word_1_137' title='bbox 496 1943 547 2005; x_wconf 90' lang='lat' dir='ltr'><strong>ubi</strong></span> <span class='ocrx_word' id='word_1_138' title='bbox 569 1946 710 2023; x_wconf 72' lang='lat' dir='ltr'><strong>poniturz,</strong></span> <span class='ocrx_word' id='word_1_139' title='bbox 728 1946 910 2023; x_wconf 77' lang='lat' dir='ltr'><strong>Augustinus</strong></span> <span class='ocrx_word' id='word_1_140' title='bbox 935 1940 1092 2006; x_wconf 76' lang='lat' dir='ltr'><strong>‘invenis</strong></span> <span class='ocrx_word' id='word_1_141' title='bbox 1115 1944 1253 2005; x_wconf 90' lang='lat' dir='ltr'><strong>domum</strong></span> <span class='ocrx_word' id='word_1_142' title='bbox 1278 1945 1460 2026; x_wconf 80' lang='lat' dir='ltr'><strong>famosam,</strong></span> 
     </span>
    </p>

    <p class='ocr_par' dir='ltr' id='par_1_8' title="bbox 117 2045 905 2132">
     <span class='ocr_line' id='line_1_17' title="bbox 117 2045 905 2132; baseline 0.009 -27"><span class='ocrx_word' id='word_1_143' title='bbox 117 2066 224 2128; x_wconf 81' lang='lat' dir='ltr'><strong>raquo</strong></span> <span class='ocrx_word' id='word_1_144' title='bbox 248 2049 331 2112; x_wconf 94' lang='lat' dir='ltr'><strong>boni</strong></span> <span class='ocrx_word' id='word_1_145' title='bbox 354 2045 546 2132; x_wconf 90' lang='lat' dir='ltr'><strong>habitant&#39;,</strong></span> <span class='ocrx_word' id='word_1_146' title='bbox 569 2051 598 2111; x_wconf 90' lang='lat' dir='ltr'><strong>id</strong></span> <span class='ocrx_word' id='word_1_147' title='bbox 621 2060 668 2111; x_wconf 90' lang='lat' dir='ltr'><strong>est</strong></span> <span class='ocrx_word' id='word_1_148' title='bbox 689 2050 741 2111; x_wconf 94' lang='lat' dir='ltr'><strong>ubi</strong></span> <span class='ocrx_word' id='word_1_149' title='bbox 764 2050 905 2112; x_wconf 90' lang='lat' dir='ltr'><strong>babitant.</strong></span> 
     </span>
    </p>

    <p class='ocr_par' dir='ltr' id='par_1_9' title="bbox 157 2155 1462 2452">
     <span class='ocr_line' id='line_1_18' title="bbox 247 2155 1459 2239; baseline 0.002 -23"><span class='ocrx_word' id='word_1_150' title='bbox 247 2155 326 2226; x_wconf 82' lang='lat' dir='ltr'><strong>Quot</strong></span> <span class='ocrx_word' id='word_1_151' title='bbox 349 2156 385 2216; x_wconf 90' lang='lat' dir='ltr'><strong>ad</strong></span> <span class='ocrx_word' id='word_1_152' title='bbox 414 2175 572 2218; x_wconf 90' lang='lat' dir='ltr'><strong>numerum</strong></span> <span class='ocrx_word' id='word_1_153' title='bbox 598 2159 743 2239; x_wconf 88' lang='lat' dir='ltr'><strong>pertinet,</strong></span> <span class='ocrx_word' id='word_1_154' title='bbox 774 2160 851 2219; x_wconf 87' lang='lat' dir='ltr'><strong>sicut</strong></span> <span class='ocrx_word' id='word_1_155' title='bbox 874 2167 904 2220; x_wconf 92' lang='lat' dir='ltr'><strong>et</strong></span> <span class='ocrx_word' id='word_1_156' title='bbox 927 2166 984 2239; x_wconf 92' lang='lat' dir='ltr'><strong>tot,</strong></span> <span class='ocrx_word' id='word_1_157' title='bbox 1007 2161 1110 2238; x_wconf 92' lang='lat' dir='ltr'><strong>quanti</strong></span> <span class='ocrx_word' id='word_1_158' title='bbox 1133 2168 1164 2220; x_wconf 93' lang='lat' dir='ltr'><strong>et</strong></span> <span class='ocrx_word' id='word_1_159' title='bbox 1187 2162 1259 2221; x_wconf 92' lang='lat' dir='ltr'><strong>tanti</strong></span> <span class='ocrx_word' id='word_1_160' title='bbox 1282 2159 1316 2219; x_wconf 91' lang='lat' dir='ltr'><strong>ad</strong></span> <span class='ocrx_word' id='word_1_161' title='bbox 1341 2177 1459 2220; x_wconf 87' lang='lat' dir='ltr'><strong>mensu·</strong></span> 
     </span>
     <span class='ocr_line' id='line_1_19' title="bbox 159 2264 1459 2346; baseline 0.002 -23"><span class='ocrx_word' id='word_1_162' title='bbox 159 2281 230 2325; x_wconf 91' lang='lat' dir='ltr'><strong>ram.</strong></span> <span class='ocrx_word' id='word_1_163' title='bbox 267 2264 319 2324; x_wconf 91' lang='lat' dir='ltr'><strong>sed</strong></span> <span class='ocrx_word' id='word_1_164' title='bbox 339 2267 434 2325; x_wconf 83' lang='lat' dir='ltr'><strong>nostri</strong></span> <span class='ocrx_word' id='word_1_165' title='bbox 453 2273 590 2325; x_wconf 83' lang='lat' dir='ltr'><strong>auctores</strong></span> <span class='ocrx_word' id='word_1_166' title='bbox 609 2264 766 2343; x_wconf 84' lang='lat' dir='ltr'><strong>aliquoties</strong></span> <span class='ocrx_word' id='word_1_167' title='bbox 785 2274 912 2344; x_wconf 90' lang='lat' dir='ltr'><strong>quantos</strong></span> <span class='ocrx_word' id='word_1_168' title='bbox 932 2285 985 2345; x_wconf 90' lang='lat' dir='ltr'><strong>pro</strong></span> <span class='ocrx_word' id='word_1_169' title='bbox 1004 2284 1129 2327; x_wconf 89' lang='lat' dir='ltr'><strong>numero</strong></span> <span class='ocrx_word' id='word_1_170' title='bbox 1148 2275 1276 2345; x_wconf 91' lang='lat' dir='ltr'><strong>ponunt:</strong></span> <span class='ocrx_word' id='word_1_171' title='bbox 1297 2265 1459 2346; x_wconf 81' lang='lat' dir='ltr'><strong>Gregorius</strong></span> 
     </span>
     <span class='ocr_line' id='line_1_20' title="bbox 157 2364 1462 2452; baseline 0 -22"><span class='ocrx_word' id='word_1_172' title='bbox 157 2364 1462 2452; x_wconf 77' lang='lat' dir='ltr'><strong>‘seclcumretemagnispiscibusplennmdicitur,addituretquantis,</strong></span> 
     </span>
    </p>

    <p class='ocr_par' dir='ltr' id='par_1_10' title="bbox 85 2473 1496 2561">
     <span class='ocr_line' id='line_1_21' title="bbox 85 2473 1496 2561; baseline 0.002 -26"><span class='ocrx_word' id='word_1_173' title='bbox 85 2484 97 2503; x_wconf 87' lang='lat'><em>⁰</em></span> <span class='ocrx_word' id='word_1_174' title='bbox 157 2474 305 2538; x_wconf 89' lang='lat' dir='ltr'><strong>scilicet</strong></span> <span class='ocrx_word' id='word_1_175' title='bbox 323 2473 453 2561; x_wconf 87' lang='lat' dir='ltr'><strong>CLlll&#39;.</strong></span> <span class='ocrx_word' id='word_1_176' title='bbox 487 2486 616 2558; x_wconf 92' lang='lat' dir='ltr'><strong>quantus</strong></span> <span class='ocrx_word' id='word_1_177' title='bbox 634 2496 722 2557; x_wconf 93' lang='lat' dir='ltr'><strong>quam</strong></span> <span class='ocrx_word' id='word_1_178' title='bbox 743 2495 866 2556; x_wconf 90' lang='lat' dir='ltr'><strong>magnus</strong></span> <span class='ocrx_word' id='word_1_179' title='bbox 884 2476 1002 2557; x_wconf 88' lang='lat' dir='ltr'><strong>dicitur,</strong></span> <span class='ocrx_word' id='word_1_180' title='bbox 1021 2486 1130 2556; x_wconf 92' lang='lat' dir='ltr'><strong>quotus</strong></span> <span class='ocrx_word' id='word_1_181' title='bbox 1149 2481 1235 2538; x_wconf 90' lang='lat' dir='ltr'><strong>cuius</strong></span> <span class='ocrx_word' id='word_1_182' title='bbox 1253 2481 1366 2559; x_wconf 89' lang='lat' dir='ltr'><strong>aetatis,</strong></span> <span class='ocrx_word' id='word_1_183' title='bbox 1381 2479 1459 2539; x_wconf 85' lang='lat' dir='ltr'><strong>unde</strong></span> <span class='ocrx_word' id='word_1_184' title='bbox 1484 2506 1496 2518; x_wconf 27' lang='grc' dir='ltr'><strong>-ι</strong></span> 
     </span>
    </p>

    <p class='ocr_par' dir='ltr' id='par_1_11' title="bbox 116 2580 1458 2876">
     <span class='ocr_line' id='line_1_22' title="bbox 116 2580 1458 2664; baseline 0.004 -26"><span class='ocrx_word' id='word_1_185' title='bbox 116 2599 145 2638; x_wconf 80' lang='lat' dir='ltr'><strong>so</strong></span> <span class='ocrx_word' id='word_1_186' title='bbox 158 2591 188 2644; x_wconf 92' lang='lat' dir='ltr'><strong>et</strong></span> <span class='ocrx_word' id='word_1_187' title='bbox 211 2592 300 2660; x_wconf 92' lang='lat' dir='ltr'><strong>quota</strong></span> <span class='ocrx_word' id='word_1_188' title='bbox 323 2582 392 2644; x_wconf 90' lang='lat' dir='ltr'><strong>luna</strong></span> <span class='ocrx_word' id='word_1_189' title='bbox 416 2583 539 2645; x_wconf 89' lang='lat' dir='ltr'><strong>dicitur:</strong></span> <span class='ocrx_word' id='word_1_190' title='bbox 573 2584 757 2663; x_wconf 78' lang='lat' dir='ltr'><strong>Augustinus</strong></span> <span class='ocrx_word' id='word_1_191' title='bbox 780 2580 928 2663; x_wconf 77' lang='lat' dir='ltr'><strong>‘quotus</strong></span> <span class='ocrx_word' id='word_1_192' title='bbox 951 2586 1107 2664; x_wconf 92' lang='lat' dir='ltr'><strong>quisque</strong></span> <span class='ocrx_word' id='word_1_193' title='bbox 1131 2602 1304 2663; x_wconf 92' lang='lat' dir='ltr'><strong>apparere</strong></span> <span class='ocrx_word' id='word_1_194' title='bbox 1327 2592 1362 2644; x_wconf 90' lang='lat' dir='ltr'><strong>et</strong></span> <span class='ocrx_word' id='word_1_195' title='bbox 1385 2587 1458 2644; x_wconf 83' lang='lat' dir='ltr'><strong>eri·</strong></span> 
     </span>
     <span class='ocr_line' id='line_1_23' title="bbox 157 2685 1458 2770; baseline 0 -22"><span class='ocrx_word' id='word_1_196' title='bbox 157 2697 256 2749; x_wconf 88' lang='lat' dir='ltr'><strong>stere</strong></span> <span class='ocrx_word' id='word_1_197' title='bbox 284 2698 413 2770; x_wconf 92' lang='lat' dir='ltr'><strong>potest,</strong></span> <span class='ocrx_word' id='word_1_198' title='bbox 441 2693 501 2769; x_wconf 92' lang='lat' dir='ltr'><strong>qni</strong></span> <span class='ocrx_word' id='word_1_199' title='bbox 530 2708 597 2750; x_wconf 92' lang='lat' dir='ltr'><strong>non</strong></span> <span class='ocrx_word' id='word_1_200' title='bbox 626 2693 862 2752; x_wconf 84' lang='lat' dir='ltr'><strong>convincatur</strong></span> <span class='ocrx_word' id='word_1_201' title='bbox 890 2709 968 2751; x_wconf 90' lang='lat' dir='ltr'><strong>esse</strong></span> <span class='ocrx_word' id='word_1_202' title='bbox 996 2685 1191 2770; x_wconf 89' lang='lat' dir='ltr'><strong>peccator&#39;,</strong></span> <span class='ocrx_word' id='word_1_203' title='bbox 1219 2689 1247 2749; x_wconf 86' lang='lat' dir='ltr'><strong>id</strong></span> <span class='ocrx_word' id='word_1_204' title='bbox 1278 2697 1324 2750; x_wconf 88' lang='lat' dir='ltr'><strong>est</strong></span> <span class='ocrx_word' id='word_1_205' title='bbox 1347 2692 1377 2749; x_wconf 96' lang='lat' dir='ltr'><strong>in</strong></span> <span class='ocrx_word' id='word_1_206' title='bbox 1401 2708 1458 2769; x_wconf 90' lang='lat' dir='ltr'><strong>qua</strong></span> 
     </span>
     <span class='ocr_line' id='line_1_24' title="bbox 157 2796 884 2876; baseline 0.007 -22"><span class='ocrx_word' id='word_1_207' title='bbox 157 2803 266 2876; x_wconf 88' lang='lat' dir='ltr'><strong>aetate,</strong></span> <span class='ocrx_word' id='word_1_208' title='bbox 289 2814 348 2874; x_wconf 95' lang='lat' dir='ltr'><strong>qno</strong></span> <span class='ocrx_word' id='word_1_209' title='bbox 372 2796 488 2857; x_wconf 89' lang='lat' dir='ltr'><strong>dierum</strong></span> <span class='ocrx_word' id='word_1_210' title='bbox 512 2796 725 2858; x_wconf 91' lang='lat' dir='ltr'><strong>velannorum</strong></span> <span class='ocrx_word' id='word_1_211' title='bbox 750 2816 884 2860; x_wconf 86' lang='lat' dir='ltr'><strong>numero.</strong></span> 
     </span>
    </p>
   </div>
   <div class='ocr_carea' id='block_1_3' title="bbox 160 2928 1465 3648">
    <p class='ocr_par' dir='ltr' id='par_1_12' title="bbox 246 2928 917 3010">
     <span class='ocr_line' id='line_1_25' title="bbox 246 2928 917 3010; baseline 0.006 -22"><span class='ocrx_word' id='word_1_212' title='bbox 246 2928 357 2990; x_wconf 82' lang='lat' dir='ltr'><strong>Radius</strong></span> <span class='ocrx_word' id='word_1_213' title='bbox 380 2930 556 3010; x_wconf 90' lang='lat' dir='ltr'><strong>masculino,</strong></span> <span class='ocrx_word' id='word_1_214' title='bbox 579 2946 638 2989; x_wconf 96' lang='lat' dir='ltr'><strong>non</strong></span> <span class='ocrx_word' id='word_1_215' title='bbox 663 2929 777 2991; x_wconf 88' lang='lat' dir='ltr'><strong>radium</strong></span> <span class='ocrx_word' id='word_1_216' title='bbox 801 2939 917 2992; x_wconf 83' lang='lat' dir='ltr'><strong>neutro.</strong></span> 
     </span>
    </p>

    <p class='ocr_par' dir='ltr' id='par_1_13' title="bbox 247 3035 1095 3118">
     <span class='ocr_line' id='line_1_26' title="bbox 247 3035 1095 3118; baseline 0.002 -23"><span class='ocrx_word' id='word_1_217' title='bbox 247 3035 350 3096; x_wconf 87' lang='lat' dir='ltr'><strong>Rubor</strong></span> <span class='ocrx_word' id='word_1_218' title='bbox 374 3036 482 3098; x_wconf 92' lang='lat' dir='ltr'><strong>coloris</strong></span> <span class='ocrx_word' id='word_1_219' title='bbox 506 3044 564 3117; x_wconf 91' lang='lat' dir='ltr'><strong>est,</strong></span> <span class='ocrx_word' id='word_1_220' title='bbox 587 3035 680 3096; x_wconf 87' lang='lat' dir='ltr'><strong>robur</strong></span> <span class='ocrx_word' id='word_1_221' title='bbox 703 3039 836 3118; x_wconf 86' lang='lat' dir='ltr'><strong>virtutis,</strong></span> <span class='ocrx_word' id='word_1_222' title='bbox 858 3036 948 3098; x_wconf 90' lang='lat' dir='ltr'><strong>robor</strong></span> <span class='ocrx_word' id='word_1_223' title='bbox 971 3036 1095 3098; x_wconf 90' lang='lat' dir='ltr'><strong>arboris.</strong></span> 
     </span>
    </p>

    <p class='ocr_par' dir='ltr' id='par_1_14' title="bbox 248 3141 591 3223">
     <span class='ocr_line' id='line_1_27' title="bbox 248 3141 591 3223; baseline 0.006 -22"><span class='ocrx_word' id='word_1_224' title='bbox 248 3141 341 3222; x_wconf 82' lang='lat' dir='ltr'><strong>liapio</strong></span> <span class='ocrx_word' id='word_1_225' title='bbox 365 3142 418 3203; x_wconf 91' lang='lat' dir='ltr'><strong>tibi</strong></span> <span class='ocrx_word' id='word_1_226' title='bbox 441 3146 591 3223; x_wconf 89' lang='lat' dir='ltr'><strong>pecunias.</strong></span> 
     </span>
    </p>

    <p class='ocr_par' dir='ltr' id='par_1_15' title="bbox 247 3248 593 3330">
     <span class='ocr_line' id='line_1_28' title="bbox 247 3248 593 3330; baseline 0 -22"><span class='ocrx_word' id='word_1_227' title='bbox 247 3248 376 3310; x_wconf 82' lang='lat' dir='ltr'><strong>liedoleo</strong></span> <span class='ocrx_word' id='word_1_228' title='bbox 400 3258 593 3330; x_wconf 86' lang='lat' dir='ltr'><strong>unguentum.</strong></span> 
     </span>
    </p>

    <p class='ocr_par' dir='ltr' id='par_1_16' title="bbox 248 3355 1352 3437">
     <span class='ocr_line' id='line_1_29' title="bbox 248 3355 1352 3437; baseline 0.002 -21"><span class='ocrx_word' id='word_1_229' title='bbox 248 3355 372 3434; x_wconf 82' lang='lat' dir='ltr'><strong>Regium</strong></span> <span class='ocrx_word' id='word_1_230' title='bbox 396 3356 506 3418; x_wconf 88' lang='lat' dir='ltr'><strong>dicitur</strong></span> <span class='ocrx_word' id='word_1_231' title='bbox 530 3356 607 3436; x_wconf 89' lang='lat' dir='ltr'><strong>qnod</strong></span> <span class='ocrx_word' id='word_1_232' title='bbox 633 3358 713 3435; x_wconf 89' lang='lat' dir='ltr'><strong>regis</strong></span> <span class='ocrx_word' id='word_1_233' title='bbox 737 3357 811 3437; x_wconf 89' lang='lat' dir='ltr'><strong>init,</strong></span> <span class='ocrx_word' id='word_1_234' title='bbox 835 3357 931 3436; x_wconf 87' lang='lat' dir='ltr'><strong>regalo</strong></span> <span class='ocrx_word' id='word_1_235' title='bbox 956 3357 1034 3436; x_wconf 88' lang='lat' dir='ltr'><strong>quod</strong></span> <span class='ocrx_word' id='word_1_236' title='bbox 1059 3376 1129 3437; x_wconf 87' lang='lat' dir='ltr'><strong>rege</strong></span> <span class='ocrx_word' id='word_1_237' title='bbox 1153 3359 1274 3436; x_wconf 88' lang='lat' dir='ltr'><strong>dignum</strong></span> <span class='ocrx_word' id='word_1_238' title='bbox 1298 3367 1352 3418; x_wconf 90' lang='lat' dir='ltr'><strong>est.</strong></span> 
     </span>
    </p>

    <p class='ocr_par' dir='ltr' id='par_1_17' title="bbox 160 3460 1465 3648">
     <span class='ocr_line' id='line_1_30' title="bbox 247 3460 1465 3546; baseline 0.002 -25"><span class='ocrx_word' id='word_1_239' title='bbox 247 3460 354 3522; x_wconf 82' lang='lat' dir='ltr'><strong>Rabies</strong></span> <span class='ocrx_word' id='word_1_240' title='bbox 374 3470 487 3523; x_wconf 91' lang='lat' dir='ltr'><strong>tantum</strong></span> <span class='ocrx_word' id='word_1_241' title='bbox 507 3482 631 3525; x_wconf 90' lang='lat' dir='ltr'><strong>numero</strong></span> <span class='ocrx_word' id='word_1_242' title='bbox 651 3463 800 3542; x_wconf 89' lang='lat' dir='ltr'><strong>singulari.</strong></span> <span class='ocrx_word' id='word_1_243' title='bbox 837 3463 977 3542; x_wconf 82' lang='lat' dir='ltr'><strong>reliquiae</strong></span> <span class='ocrx_word' id='word_1_244' title='bbox 998 3472 1027 3524; x_wconf 90' lang='lat' dir='ltr'><strong>ot</strong></span> <span class='ocrx_word' id='word_1_245' title='bbox 1046 3475 1155 3545; x_wconf 89' lang='lat' dir='ltr'><strong>rostra,</strong></span> <span class='ocrx_word' id='word_1_246' title='bbox 1176 3464 1225 3524; x_wconf 94' lang='lat' dir='ltr'><strong>ubi</strong></span> <span class='ocrx_word' id='word_1_247' title='bbox 1244 3467 1465 3546; x_wconf 84' lang='lat' dir='ltr'><strong>continuantur,</strong></span> 
     </span>
     <span class='ocr_line' id='line_1_31' title="bbox 160 3568 460 3648; baseline 0.01 -21"><span class='ocrx_word' id='word_1_248' title='bbox 160 3576 274 3628; x_wconf 92' lang='lat' dir='ltr'><strong>tantum</strong></span> <span class='ocrx_word' id='word_1_249' title='bbox 298 3568 460 3648; x_wconf 85' lang='lat' dir='ltr'><strong>pluraliter.</strong></span> 
     </span>
    </p>
   </div>
   <div class='ocr_carea' id='block_1_4' title="bbox 160 3792 1471 4743">
    <p class='ocr_par' dir='ltr' id='par_1_18' title="bbox 161 3792 1469 4026">
     <span class='ocr_line' id='line_1_32' title="bbox 250 3792 1465 3867; baseline 0.003 -19"><span class='ocrx_word' id='word_1_250' title='bbox 250 3801 264 3848; x_wconf 87' lang='lat'>1</span> <span class='ocrx_word' id='word_1_251' title='bbox 285 3812 339 3850; x_wconf 92' lang='lat' dir='ltr'><strong>nou</strong></span> <span class='ocrx_word' id='word_1_252' title='bbox 358 3793 426 3864; x_wconf 84' lang='lat' dir='ltr'><strong>quin</strong></span> <span class='ocrx_word' id='word_1_253' title='bbox 443 3793 572 3850; x_wconf 84' lang='lat' dir='ltr'><strong>iaciendo</strong></span> <span class='ocrx_word' id='word_1_254' title='bbox 591 3792 710 3867; x_wconf 80' lang='lat' dir='ltr'><strong>contigit</strong></span> <span class='ocrx_word' id='word_1_255' title='bbox 728 3796 776 3852; x_wconf 87' lang='lat' dir='ltr'><strong>sed</strong></span> <span class='ocrx_word' id='word_1_256' title='bbox 795 3795 870 3866; x_wconf 90' lang='lat' dir='ltr'><strong>quod</strong></span> <span class='ocrx_word' id='word_1_257' title='bbox 889 3795 1058 3851; x_wconf 84' lang='lat' dir='ltr'><strong>inuenieudo</strong></span> <span class='ocrx_word' id='word_1_258' title='bbox 1079 3798 1117 3850; x_wconf 88' lang='grc' dir='ltr'><em>Μ</em></span> <span class='ocrx_word' id='word_1_259' title='bbox 1132 3815 1190 3852; x_wconf 90' lang='lat' dir='ltr'><strong>non</strong></span> <span class='ocrx_word' id='word_1_260' title='bbox 1212 3797 1281 3867; x_wconf 86' lang='lat' dir='ltr'><strong>quis</strong></span> <span class='ocrx_word' id='word_1_261' title='bbox 1301 3797 1465 3852; x_wconf 78' lang='lat' dir='ltr'><strong>uinciendo</strong></span> 
     </span>
     <span class='ocr_line' id='line_1_33' title="bbox 161 3872 1434 3947; baseline 0.002 -20"><span class='ocrx_word' id='word_1_262' title='bbox 161 3872 298 3927; x_wconf 77' lang='lat' dir='ltr'><strong>continuit</strong></span> <span class='ocrx_word' id='word_1_263' title='bbox 316 3875 364 3928; x_wconf 91' lang='lat' dir='ltr'><strong>sed</strong></span> <span class='ocrx_word' id='word_1_264' title='bbox 384 3874 452 3942; x_wconf 85' lang='lat' dir='ltr'><strong>quis</strong></span> <span class='ocrx_word' id='word_1_265' title='bbox 465 3875 602 3932; x_wconf 85' lang='lat' dir='ltr'><strong>ueniendo</strong></span> <span class='ocrx_word' id='word_1_266' title='bbox 618 3877 666 3934; x_wconf 69' lang='lat' dir='ltr'><strong>§L</strong></span> <span class='ocrx_word' id='word_1_267' title='bbox 684 3877 760 3947; x_wconf 90' lang='lat' dir='ltr'><strong>quod</strong></span> <span class='ocrx_word' id='word_1_268' title='bbox 777 3876 905 3931; x_wconf 81' lang='lat' dir='ltr'><strong>iaciendo</strong></span> <span class='ocrx_word' id='word_1_269' title='bbox 922 3874 1043 3945; x_wconf 86' lang='lat' dir='ltr'><strong>contigit</strong></span> <span class='ocrx_word' id='word_1_270' title='bbox 1060 3892 1110 3945; x_wconf 89' lang='lat' dir='ltr'><strong>per</strong></span> <span class='ocrx_word' id='word_1_271' title='bbox 1127 3876 1201 3944; x_wconf 91' lang='lat' dir='ltr'><strong>quod</strong></span> <span class='ocrx_word' id='word_1_272' title='bbox 1218 3875 1388 3931; x_wconf 87' lang='lat' dir='ltr'><strong>inueniendo</strong></span> <span class='ocrx_word' id='word_1_273' title='bbox 1406 3877 1434 3930; x_wconf 91' lang='lat' dir='ltr'><strong><em>P</em></strong></span> 
     </span>
     <span class='ocr_line' id='line_1_34' title="bbox 163 3953 1469 4026; baseline 0.003 -19"><span class='ocrx_word' id='word_1_274' title='bbox 163 3953 280 4024; x_wconf 62' lang='lat' dir='ltr'><strong>uitem]</strong></span> <span class='ocrx_word' id='word_1_275' title='bbox 300 3954 375 4007; x_wconf 90' lang='lat' dir='ltr'><strong>idem</strong></span> <span class='ocrx_word' id='word_1_276' title='bbox 395 3953 423 4006; x_wconf 93' lang='lat' dir='ltr'><em>P</em></span> <span class='ocrx_word' id='word_1_277' title='bbox 481 3953 587 4009; x_wconf 87' lang='lat' dir='ltr'><strong>dictum</strong></span> <span class='ocrx_word' id='word_1_278' title='bbox 606 3956 660 4026; x_wconf 85' lang='lat' dir='ltr'><strong>est]</strong></span> <span class='ocrx_word' id='word_1_279' title='bbox 680 3955 750 4011; x_wconf 87' lang='lat' dir='ltr'><strong>dicit</strong></span> <span class='ocrx_word' id='word_1_280' title='bbox 768 3956 815 4013; x_wconf 68' lang='lat' dir='ltr'><strong>eL</strong></span> <span class='ocrx_word' id='word_1_281' title='bbox 865 3956 1027 4011; x_wconf 85' lang='lat' dir='ltr'><strong>3nonuulli</strong></span> <span class='ocrx_word' id='word_1_282' title='bbox 1046 3973 1105 4011; x_wconf 85' lang='lat' dir='ltr'><strong>sese</strong></span> <span class='ocrx_word' id='word_1_283' title='bbox 1123 3956 1172 4013; x_wconf 72' lang='lat' dir='ltr'><strong>sb</strong></span> <span class='ocrx_word' id='word_1_284' title='bbox 1191 3957 1331 4011; x_wconf 81' lang='lat' dir='ltr'><strong>nonnullis</strong></span> <span class='ocrx_word' id='word_1_285' title='bbox 1349 3963 1383 4012; x_wconf 70' lang='grc' dir='ltr'><strong>δε</strong></span> <span class='ocrx_word' id='word_1_286' title='bbox 1401 3957 1469 4011; x_wconf 90' lang='grc' dir='ltr'><strong>ΡΜ</strong></span> 
     </span>
    </p>

    <p class='ocr_par' dir='ltr' id='par_1_19' title="bbox 160 4033 1471 4344">
     <span class='ocr_line' id='line_1_35' title="bbox 214 4033 1467 4105; baseline 0.005 -20"><span class='ocrx_word' id='word_1_287' title='bbox 214 4033 325 4102; x_wconf 84' lang='lat' dir='ltr'><strong>4quod</strong></span> <span class='ocrx_word' id='word_1_288' title='bbox 346 4034 383 4086; x_wconf 89' lang='lat' dir='ltr'><strong><em>M</em></strong></span> <span class='ocrx_word' id='word_1_289' title='bbox 399 4035 447 4102; x_wconf 91' lang='lat' dir='ltr'><strong>qui</strong></span> <span class='ocrx_word' id='word_1_290' title='bbox 466 4035 494 4088; x_wconf 93' lang='lat' dir='ltr'><strong><em>P</em></strong></span> <span class='ocrx_word' id='word_1_291' title='bbox 508 4036 575 4105; x_wconf 82' lang='lat' dir='ltr'><strong>quis</strong></span> <span class='ocrx_word' id='word_1_292' title='bbox 594 4037 642 4094; x_wconf 67' lang='lat' dir='ltr'><strong>§L</strong></span> <span class='ocrx_word' id='word_1_293' title='bbox 714 4037 885 4091; x_wconf 84' lang='lat' dir='ltr'><strong>extolluntur</strong></span> <span class='ocrx_word' id='word_1_294' title='bbox 903 4035 952 4093; x_wconf 72' lang='lat'><strong>51)</strong></span> <span class='ocrx_word' id='word_1_295' title='bbox 1032 4035 1203 4105; x_wconf 80' lang='lat' dir='ltr'><strong>bquicquid</strong></span> <span class='ocrx_word' id='word_1_296' title='bbox 1221 4039 1251 4090; x_wconf 88' lang='lat' dir='ltr'><strong>et</strong></span> <span class='ocrx_word' id='word_1_297' title='bbox 1269 4035 1419 4105; x_wconf 84' lang='lat' dir='ltr'><strong>quicquum</strong></span> <span class='ocrx_word' id='word_1_298' title='bbox 1437 4038 1467 4091; x_wconf 93' lang='lat' dir='ltr'><strong>in</strong></span> 
     </span>
     <span class='ocr_line' id='line_1_36' title="bbox 160 4113 1466 4185; baseline 0.002 -17"><span class='ocrx_word' id='word_1_299' title='bbox 160 4114 245 4183; x_wconf 88' lang='lat' dir='ltr'><strong>priori</strong></span> <span class='ocrx_word' id='word_1_300' title='bbox 264 4113 374 4182; x_wconf 78' lang='lat' dir='ltr'><strong>syllaba</strong></span> <span class='ocrx_word' id='word_1_301' title='bbox 391 4128 469 4183; x_wconf 89' lang='lat' dir='ltr'><strong>perc</strong></span> <span class='ocrx_word' id='word_1_302' title='bbox 488 4116 678 4184; x_wconf 84' lang='lat' dir='ltr'><strong>scribendum,</strong></span> <span class='ocrx_word' id='word_1_303' title='bbox 697 4132 753 4170; x_wconf 91' lang='lat' dir='ltr'><strong>non</strong></span> <span class='ocrx_word' id='word_1_304' title='bbox 772 4134 821 4185; x_wconf 89' lang='lat' dir='ltr'><strong>per</strong></span> <span class='ocrx_word' id='word_1_305' title='bbox 834 4115 860 4169; x_wconf 89' lang='lat' dir='ltr'><strong>d.</strong></span> <span class='ocrx_word' id='word_1_306' title='bbox 890 4131 1048 4184; x_wconf 80' lang='lat' dir='ltr'><strong>quanquam</strong></span> <span class='ocrx_word' id='word_1_307' title='bbox 1068 4115 1097 4168; x_wconf 91' lang='lat' dir='ltr'><strong>in</strong></span> <span class='ocrx_word' id='word_1_308' title='bbox 1116 4115 1207 4184; x_wconf 86' lang='lat' dir='ltr'><strong>priore</strong></span> <span class='ocrx_word' id='word_1_309' title='bbox 1226 4131 1317 4184; x_wconf 89' lang='lat' dir='ltr'><strong>pern.</strong></span> <span class='ocrx_word' id='word_1_310' title='bbox 1346 4133 1466 4185; x_wconf 88' lang='lat' dir='ltr'><strong>quorun·</strong></span> 
     </span>
     <span class='ocr_line' id='line_1_37' title="bbox 161 4193 1465 4265; baseline 0.001 -16"><span class='ocrx_word' id='word_1_311' title='bbox 161 4195 225 4249; x_wconf 86' lang='lat' dir='ltr'><strong>dam</strong></span> <span class='ocrx_word' id='word_1_312' title='bbox 240 4195 315 4249; x_wconf 89' lang='lat' dir='ltr'><strong>sicut</strong></span> <span class='ocrx_word' id='word_1_313' title='bbox 327 4193 478 4250; x_wconf 88' lang='lat' dir='ltr'><strong>eorundem</strong></span> <span class='ocrx_word' id='word_1_314' title='bbox 490 4212 541 4264; x_wconf 88' lang='lat' dir='ltr'><strong>per</strong></span> <span class='ocrx_word' id='word_1_315' title='bbox 555 4215 581 4252; x_wconf 88' lang='lat' dir='ltr'><strong>n.</strong></span> <span class='ocrx_word' id='word_1_316' title='bbox 605 4195 735 4264; x_wconf 85' lang='lat' dir='ltr'><strong>querela,</strong></span> <span class='ocrx_word' id='word_1_317' title='bbox 753 4196 859 4249; x_wconf 62' lang='lat' dir='ltr'><strong>amians</strong></span> <span class='ocrx_word' id='word_1_318' title='bbox 876 4196 955 4261; x_wconf 80' lang='lat' dir='ltr'><strong>infru</strong></span> <span class='ocrx_word' id='word_1_319' title='bbox 972 4212 996 4251; x_wconf 84' lang='lat' dir='ltr'><strong>u.</strong></span> <span class='ocrx_word' id='word_1_320' title='bbox 1016 4194 1166 4263; x_wconf 82' lang='lat' dir='ltr'><strong>quicquum</strong></span> <span class='ocrx_word' id='word_1_321' title='bbox 1183 4225 1213 4234; x_wconf 83' lang='lat'><em>—</em></span> <span class='ocrx_word' id='word_1_322' title='bbox 1229 4212 1283 4248; x_wconf 92' lang='lat' dir='ltr'><strong>non</strong></span> <span class='ocrx_word' id='word_1_323' title='bbox 1302 4212 1352 4265; x_wconf 86' lang='lat' dir='ltr'><strong>per</strong></span> <span class='ocrx_word' id='word_1_324' title='bbox 1365 4214 1393 4249; x_wconf 88' lang='lat' dir='ltr'><strong>m</strong></span> <span class='ocrx_word' id='word_1_325' title='bbox 1408 4197 1465 4254; x_wconf 65' lang='lat' dir='ltr'><strong>eL.</strong></span> 
     </span>
     <span class='ocr_line' id='line_1_38' title="bbox 162 4274 1471 4344; baseline 0 -16"><span class='ocrx_word' id='word_1_326' title='bbox 162 4275 295 4344; x_wconf 88' lang='lat' dir='ltr'><strong>quicquid</strong></span> <span class='ocrx_word' id='word_1_327' title='bbox 314 4306 348 4314; x_wconf 97' lang='lat'>-</span> <span class='ocrx_word' id='word_1_328' title='bbox 367 4291 418 4344; x_wconf 88' lang='lat' dir='ltr'><strong>per</strong></span> <span class='ocrx_word' id='word_1_329' title='bbox 436 4291 450 4328; x_wconf 91' lang='lat' dir='ltr'><strong>c</strong></span> <span class='ocrx_word' id='word_1_330' title='bbox 470 4275 645 4330; x_wconf 88' lang='lat' dir='ltr'><strong>scribendum</strong></span> <span class='ocrx_word' id='word_1_331' title='bbox 664 4275 713 4328; x_wconf 78' lang='lat' dir='ltr'><strong>laoe</strong></span> <span class='ocrx_word' id='word_1_332' title='bbox 731 4275 788 4329; x_wconf 86' lang='lat' dir='ltr'><strong>loeo</strong></span> <span class='ocrx_word' id='word_1_333' title='bbox 806 4275 906 4329; x_wconf 82' lang='lat' dir='ltr'><strong>outisso</strong></span> <span class='ocrx_word' id='word_1_334' title='bbox 919 4279 1022 4344; x_wconf 55' lang='lat' dir='ltr'><strong>posti</strong></span> <span class='ocrx_word' id='word_1_335' title='bbox 1048 4291 1099 4343; x_wconf 91' lang='lat' dir='ltr'><strong>per</strong></span> <span class='ocrx_word' id='word_1_336' title='bbox 1116 4274 1127 4327; x_wconf 93' lang='lat' dir='ltr'><strong>i</strong></span> <span class='ocrx_word' id='word_1_337' title='bbox 1146 4274 1322 4328; x_wconf 88' lang='lat' dir='ltr'><strong>scribendum</strong></span> <span class='ocrx_word' id='word_1_338' title='bbox 1346 4276 1425 4330; x_wconf 81' lang='lat' dir='ltr'><strong>babet</strong></span> <span class='ocrx_word' id='word_1_339' title='bbox 1443 4275 1471 4328; x_wconf 93' lang='lat' dir='ltr'><em>P</em></span> 
     </span>
    </p>

    <p class='ocr_par' dir='ltr' id='par_1_20' title="bbox 162 4352 1469 4743">
     <span class='ocr_line' id='line_1_39' title="bbox 216 4352 1468 4426; baseline 0.001 -19"><span class='ocrx_word' id='word_1_340' title='bbox 216 4361 232 4408; x_wconf 83' lang='lat'><strong>6</strong></span> <span class='ocrx_word' id='word_1_341' title='bbox 252 4356 425 4426; x_wconf 84' lang='lat' dir='ltr'><strong>quanquam]</strong></span> <span class='ocrx_word' id='word_1_342' title='bbox 445 4354 557 4423; x_wconf 79' lang='lat' dir='ltr'><strong>quando</strong></span> <span class='ocrx_word' id='word_1_343' title='bbox 576 4353 625 4423; x_wconf 91' lang='lat' dir='ltr'><strong>qui</strong></span> <span class='ocrx_word' id='word_1_344' title='bbox 643 4352 671 4405; x_wconf 91' lang='lat' dir='ltr'><strong><em>P</em></strong></span> <span class='ocrx_word' id='word_1_345' title='bbox 758 4354 883 4426; x_wconf 80' lang='lat' dir='ltr'><strong>querela]</strong></span> <span class='ocrx_word' id='word_1_346' title='bbox 903 4355 1016 4423; x_wconf 82' lang='lat' dir='ltr'><strong>querulo</strong></span> <span class='ocrx_word' id='word_1_347' title='bbox 1035 4355 1063 4408; x_wconf 92' lang='lat' dir='ltr'><strong><em>P</em></strong></span> <span class='ocrx_word' id='word_1_348' title='bbox 1151 4359 1165 4405; x_wconf 77' lang='lat' dir='ltr'><strong>&#39;t</strong></span> <span class='ocrx_word' id='word_1_349' title='bbox 1191 4352 1220 4406; x_wconf 93' lang='lat' dir='ltr'><strong>id</strong></span> <span class='ocrx_word' id='word_1_350' title='bbox 1240 4357 1283 4408; x_wconf 88' lang='lat' dir='ltr'><strong>est</strong></span> <span class='ocrx_word' id='word_1_351' title='bbox 1296 4356 1393 4422; x_wconf 77' lang='lat' dir='ltr'><strong>priore</strong></span> <span class='ocrx_word' id='word_1_352' title='bbox 1411 4356 1468 4408; x_wconf 89' lang='lat' dir='ltr'><strong>loco</strong></span> 
     </span>
     <span class='ocr_line' id='line_1_40' title="bbox 162 4431 1467 4504; baseline 0.001 -17"><span class='ocrx_word' id='word_1_353' title='bbox 162 4450 212 4488; x_wconf 87' lang='lat' dir='ltr'><strong>om.</strong></span> <span class='ocrx_word' id='word_1_354' title='bbox 232 4433 260 4486; x_wconf 93' lang='lat' dir='ltr'><strong><em>P</em></strong></span> <span class='ocrx_word' id='word_1_355' title='bbox 327 4433 493 4502; x_wconf 79' lang='lat' dir='ltr'><strong>Squeritur</strong></span> <span class='ocrx_word' id='word_1_356' title='bbox 515 4438 629 4502; x_wconf 74' lang='lat' dir='ltr'><strong>utroque</strong></span> <span class='ocrx_word' id='word_1_357' title='bbox 655 4431 712 4485; x_wconf 88' lang='lat' dir='ltr'><strong>loco</strong></span> <span class='ocrx_word' id='word_1_358' title='bbox 735 4431 763 4484; x_wconf 91' lang='lat' dir='ltr'><strong><em>P</em></strong></span> <span class='ocrx_word' id='word_1_359' title='bbox 836 4434 973 4504; x_wconf 88' lang='lat' dir='ltr'><strong>queritur]</strong></span> <span class='ocrx_word' id='word_1_360' title='bbox 999 4432 1178 4502; x_wconf 83' lang='lat' dir='ltr'><strong>conqueritur</strong></span> <span class='ocrx_word' id='word_1_361' title='bbox 1202 4432 1238 4484; x_wconf 88' lang='lat' dir='ltr'><strong><em>M</em></strong></span> <span class='ocrx_word' id='word_1_362' title='bbox 1314 4436 1467 4502; x_wconf 76' lang='lat' dir='ltr'><strong>tiquestus</strong></span> 
     </span>
     <span class='ocr_line' id='line_1_41' title="bbox 162 4510 1400 4582; baseline 0.001 -17"><span class='ocrx_word' id='word_1_363' title='bbox 162 4517 276 4581; x_wconf 81' lang='lat' dir='ltr'><strong>utroque</strong></span> <span class='ocrx_word' id='word_1_364' title='bbox 294 4513 350 4566; x_wconf 88' lang='lat' dir='ltr'><strong>loco</strong></span> <span class='ocrx_word' id='word_1_365' title='bbox 370 4512 398 4565; x_wconf 92' lang='lat' dir='ltr'><strong><em>P</em></strong></span> <span class='ocrx_word' id='word_1_366' title='bbox 483 4511 664 4581; x_wconf 83' lang='lat' dir='ltr'><strong>queremonia</strong></span> <span class='ocrx_word' id='word_1_367' title='bbox 688 4528 738 4581; x_wconf 89' lang='lat' dir='ltr'><strong>per</strong></span> <span class='ocrx_word' id='word_1_368' title='bbox 756 4511 785 4565; x_wconf 91' lang='lat' dir='ltr'><strong><em>P</em></strong></span> <span class='ocrx_word' id='word_1_369' title='bbox 871 4518 904 4566; x_wconf 91' lang='lat'><strong>10</strong></span> <span class='ocrx_word' id='word_1_370' title='bbox 924 4512 1077 4582; x_wconf 84' lang='lat' dir='ltr'><strong>quidquam</strong></span> <span class='ocrx_word' id='word_1_371' title='bbox 1096 4510 1272 4567; x_wconf 78' lang='lat' dir='ltr'><strong>scribendum</strong></span> <span class='ocrx_word' id='word_1_372' title='bbox 1291 4529 1341 4567; x_wconf 87' lang='lat' dir='ltr'><strong>om.</strong></span> <span class='ocrx_word' id='word_1_373' title='bbox 1362 4514 1400 4566; x_wconf 94' lang='lat' dir='ltr'><strong><em>M</em></strong></span> 
     </span>
     <span class='ocr_line' id='line_1_42' title="bbox 164 4589 1469 4661; baseline 0.002 -16"><span class='ocrx_word' id='word_1_374' title='bbox 164 4597 196 4645; x_wconf 79' lang='lat'><strong>12</strong></span> <span class='ocrx_word' id='word_1_375' title='bbox 217 4607 371 4659; x_wconf 87' lang='lat' dir='ltr'><strong>conqueror</strong></span> <span class='ocrx_word' id='word_1_376' title='bbox 390 4590 437 4648; x_wconf 71' lang='grc' dir='ltr'><strong>ςΙ,</strong></span> <span class='ocrx_word' id='word_1_377' title='bbox 457 4590 608 4659; x_wconf 87' lang='lat' dir='ltr'><strong>conquiror</strong></span> <span class='ocrx_word' id='word_1_378' title='bbox 627 4589 664 4643; x_wconf 91' lang='lat' dir='ltr'><strong><em>M</em></strong></span> <span class='ocrx_word' id='word_1_379' title='bbox 682 4606 784 4660; x_wconf 88' lang='lat' dir='ltr'><strong>queror</strong></span> <span class='ocrx_word' id='word_1_380' title='bbox 802 4591 830 4644; x_wconf 96' lang='lat' dir='ltr'><strong><em>P</em></strong></span> <span class='ocrx_word' id='word_1_381' title='bbox 881 4599 914 4646; x_wconf 79' lang='lat'><strong>14</strong></span> <span class='ocrx_word' id='word_1_382' title='bbox 932 4593 1040 4648; x_wconf 84' lang='lat' dir='ltr'><strong>invenis</strong></span> <span class='ocrx_word' id='word_1_383' title='bbox 1061 4625 1092 4633; x_wconf 90' lang='lat'>-</span> <span class='ocrx_word' id='word_1_384' title='bbox 1113 4592 1188 4657; x_wconf 84' lang='lat' dir='ltr'><strong>Quot</strong></span> <span class='ocrx_word' id='word_1_385' title='bbox 1206 4608 1256 4645; x_wconf 87' lang='lat' dir='ltr'><strong>om.</strong></span> <span class='ocrx_word' id='word_1_386' title='bbox 1276 4591 1304 4644; x_wconf 94' lang='lat' dir='ltr'><strong><em>P</em></strong></span> <span class='ocrx_word' id='word_1_387' title='bbox 1355 4598 1388 4647; x_wconf 84' lang='grc'><strong>16</strong></span> <span class='ocrx_word' id='word_1_388' title='bbox 1407 4610 1469 4661; x_wconf 91' lang='lat' dir='ltr'><strong>per·</strong></span> 
     </span>
     <span class='ocr_line' id='line_1_43' title="bbox 162 4668 1469 4743; baseline 0.002 -21"><span class='ocrx_word' id='word_1_389' title='bbox 162 4668 255 4723; x_wconf 86' lang='lat' dir='ltr'><strong>tinent</strong></span> <span class='ocrx_word' id='word_1_390' title='bbox 273 4669 301 4722; x_wconf 93' lang='lat' dir='ltr'><strong><em>P</em></strong></span> <span class='ocrx_word' id='word_1_391' title='bbox 352 4676 385 4724; x_wconf 87' lang='grc'><strong>18</strong></span> <span class='ocrx_word' id='word_1_392' title='bbox 405 4670 432 4723; x_wconf 89' lang='lat' dir='ltr'><strong>S.</strong></span> <span class='ocrx_word' id='word_1_393' title='bbox 447 4685 510 4723; x_wconf 88' lang='lat' dir='ltr'><strong>cum</strong></span> <span class='ocrx_word' id='word_1_394' title='bbox 524 4672 600 4724; x_wconf 85' lang='lat' dir='ltr'><strong>recto</strong></span> <span class='ocrx_word' id='word_1_395' title='bbox 618 4668 741 4738; x_wconf 84' lang='lat' dir='ltr'><strong>piscibus</strong></span> <span class='ocrx_word' id='word_1_396' title='bbox 754 4670 902 4741; x_wconf 85' lang='lat' dir='ltr'><strong>magqisP</strong></span> <span class='ocrx_word' id='word_1_397' title='bbox 951 4673 1022 4727; x_wconf 87' lang='lat' dir='ltr'><strong>dicit</strong></span> <span class='ocrx_word' id='word_1_398' title='bbox 1041 4674 1078 4727; x_wconf 92' lang='lat' dir='ltr'><strong><em>M</em></strong></span> <span class='ocrx_word' id='word_1_399' title='bbox 1130 4673 1229 4742; x_wconf 83' lang='lat' dir='ltr'><strong>quanti</strong></span> <span class='ocrx_word' id='word_1_400' title='bbox 1246 4671 1273 4723; x_wconf 94' lang='lat' dir='ltr'><strong><em>P</em></strong></span> <span class='ocrx_word' id='word_1_401' title='bbox 1326 4677 1357 4725; x_wconf 80' lang='lat'><strong>19</strong></span> <span class='ocrx_word' id='word_1_402' title='bbox 1372 4672 1469 4743; x_wconf 77' lang='lat' dir='ltr'><strong>quom]</strong></span> 
     </span>
    </p>
   </div>
   <div class='ocr_carea' id='block_1_5' title="bbox 162 4748 1467 4898">
    <p class='ocr_par' dir='ltr' id='par_1_21' title="bbox 162 4748 1467 4898">
     <span class='ocr_line' id='line_1_44' title="bbox 164 4748 1467 4830; baseline 0.003 -27"><span class='ocrx_word' id='word_1_403' title='bbox 164 4749 231 4816; x_wconf 87' lang='lat' dir='ltr'><strong>quis</strong></span> <span class='ocrx_word' id='word_1_404' title='bbox 249 4748 277 4801; x_wconf 93' lang='lat' dir='ltr'><strong><em>P</em></strong></span> <span class='ocrx_word' id='word_1_405' title='bbox 344 4755 377 4802; x_wconf 78' lang='lat'><strong>21</strong></span> <span class='ocrx_word' id='word_1_406' title='bbox 398 4750 459 4820; x_wconf 89' lang='lat' dir='ltr'><strong>qui]</strong></span> <span class='ocrx_word' id='word_1_407' title='bbox 478 4750 545 4818; x_wconf 86' lang='lat' dir='ltr'><strong>quia</strong></span> <span class='ocrx_word' id='word_1_408' title='bbox 565 4750 601 4803; x_wconf 87' lang='lat' dir='ltr'><strong><em>M</em></strong></span> <span class='ocrx_word' id='word_1_409' title='bbox 657 4755 720 4830; x_wconf 18' lang='lat'><strong>,24</strong></span> <span class='ocrx_word' id='word_1_410' title='bbox 738 4750 836 4822; x_wconf 89' lang='lat' dir='ltr'><strong>robur]</strong></span> <span class='ocrx_word' id='word_1_411' title='bbox 855 4752 984 4807; x_wconf 88' lang='lat' dir='ltr'><strong>ruborP</strong></span> <span class='ocrx_word' id='word_1_412' title='bbox 1052 4760 1085 4808; x_wconf 79' lang='grc'><strong>27</strong></span> <span class='ocrx_word' id='word_1_413' title='bbox 1105 4753 1171 4823; x_wconf 84' lang='lat' dir='ltr'><strong>suit]</strong></span> <span class='ocrx_word' id='word_1_414' title='bbox 1191 4755 1262 4807; x_wconf 87' lang='lat' dir='ltr'><strong>liunt</strong></span> <span class='ocrx_word' id='word_1_415' title='bbox 1282 4752 1319 4806; x_wconf 88' lang='lat' dir='ltr'><strong><em>M</em></strong></span> <span class='ocrx_word' id='word_1_416' title='bbox 1389 4753 1467 4823; x_wconf 86' lang='lat' dir='ltr'><strong>rege]</strong></span> 
     </span>
     <span class='ocr_line' id='line_1_45' title="bbox 162 4828 658 4898; baseline 0.002 -16"><span class='ocrx_word' id='word_1_417' title='bbox 162 4828 224 4898; x_wconf 84' lang='lat' dir='ltr'><strong>regi</strong></span> <span class='ocrx_word' id='word_1_418' title='bbox 243 4828 310 4881; x_wconf 93' lang='lat' dir='ltr'><strong><em>PM</em></strong></span> <span class='ocrx_word' id='word_1_419' title='bbox 379 4834 413 4883; x_wconf 72' lang='lat'><strong>28</strong></span> <span class='ocrx_word' id='word_1_420' title='bbox 432 4829 613 4884; x_wconf 80' lang='lat' dir='ltr'><strong>concionatur</strong></span> <span class='ocrx_word' id='word_1_421' title='bbox 632 4830 658 4883; x_wconf 88' lang='lat' dir='ltr'><strong><em>L</em></strong></span> 
     </span>
    </p>
   </div>
   <div class='ocr_carea' id='block_1_6' title="bbox 0 0 1671 5474">
    <p class='ocr_par' dir='ltr' id='par_1_22' title="bbox 0 0 1671 5474">
     <span class='ocr_line' id='line_1_46' title="bbox 0 0 1671 5474; baseline 0 0"><span class='ocrx_word' id='word_1_422' title='bbox 0 0 1671 5474; x_wconf 95' lang='lat' dir='ltr'><strong> </strong></span> 
     </span>
    </p>
   </div>
  </div>
 </body>
</html>
