3316 5474
713 379 907 435 EXCERPTA
1397 377 1461 442 337

159 481 312 530 smum

159 585 248 646 quem
271 565 308 626 de
336 567 439 626 metris
468 567 601 645 scripsit,
629 559 823 625 ‘hexameter'
851 566 948 644 inquit
976 559 1114 644 ‘versus',
1142 573 1246 625 contra
1274 581 1364 643 quem
1391 565 1462 624 item

159 672 281 734 Caesius
303 672 429 754 Bassus,
458 673 502 732 vir
529 671 635 732 doctus
657 680 746 750 atque
771 669 919 749 eruditus,
946 673 976 731 in
1004 669 1081 730 libro
1109 670 1146 731 de
1176 673 1279 732 metris
1307 666 1463 731 ‘iambicus

161 775 325 840 trimetrus’
353 781 394 840 ait
417 827 424 840 .
447 778 618 839 hexameter
646 796 717 857 ergo
744 780 806 838 sive
835 776 1026 838 hexametrus
1054 785 1126 857 quot
1153 775 1280 856 pedibus
1307 773 1464 838 caeditur?

160 885 232 967 Sex,
268 885 382 966 dactylo
416 895 445 946 et
477 884 609 964 spondeo
641 887 755 946 circum
787 902 820 945 se
852 885 957 964 positis
993 891 1045 945 aut
1081 883 1193 944 alterna
1234 884 1463 963 interpositione

133 995 287 1054 evariatis.

248 1097 418 1159 llexametri
443 1115 546 1158 versus
568 1114 678 1177 genera
702 1104 775 1176 quot
802 1092 895 1157 sunt?
931 1094 1009 1155 Tria.
1046 1095 1127 1167 Quae
1156 1094 1247 1159 sunt?
1283 1097 1461 1158 llexameter
1483 1111 1557 1162 sosas

160 1204 334 1285 dactylicus,
366 1208 544 1266 hexameter
572 1207 743 1282 dactylicos
776 1204 927 1283 hernicus,
959 1201 1130 1264 hexameter
1162 1203 1319 1285 iambicus,
1352 1206 1403 1283 qui
1434 1212 1464 1264 et

160 1313 308 1392 senarius,
331 1314 383 1392 qui
406 1320 521 1373 constat
545 1330 581 1373 ex
604 1310 789 1392 simplicibus
812 1330 877 1391 sex,
905 1309 1043 1391 idemque
1067 1329 1103 1370 ex
1127 1310 1295 1392 duplicibus
1318 1314 1464 1392 trimeter,

160 1417 237 1489 Quid
261 1436 346 1500 ergo,
369 1422 394 1481 si
418 1438 522 1480 versus
544 1419 716 1480 hexameter
739 1436 789 1479 sex
809 1416 950 1499 spondeis
969 1419 1150 1498 constiterit,
1173 1421 1283 1498 poterit
1301 1417 1464 1499 dactylicus

120 1542 146 1581 ro
161 1521 241 1587 dici?
276 1524 344 1586 Erit
361 1525 480 1604 quidem
500 1543 604 1586 versus
623 1524 814 1605 spondiazon,
838 1522 890 1584 sed
910 1531 1038 1583 metrum
1057 1522 1247 1606 dactylicum,
1271 1527 1380 1605 quippe
1399 1526 1464 1585 eius

161 1633 240 1693 modi
263 1634 438 1713 compositio
462 1650 521 1692 non
546 1634 604 1692 nisi
627 1633 657 1692 in
687 1630 863 1710 dactylicum
893 1638 1023 1691 metrum
1052 1629 1138 1692 cadit.
1175 1631 1232 1702 Qui
1260 1639 1331 1692 sunt
1359 1649 1464 1692 versus

160 1740 323 1801 hexametri
347 1735 506 1819 dactylici?
543 1738 600 1809 Qui
624 1746 738 1799 tantum
762 1755 813 1798 sex
836 1736 963 1818 pedibus
986 1737 1139 1818 dactylicis
1167 1746 1318 1818 constant,
1345 1748 1464 1819 praeter

160 1846 237 1907 bella
264 1856 294 1907 et
321 1847 397 1907 lacte
426 1845 551 1906 heroum
580 1844 733 1924 quodlibet
760 1843 839 1905 aliud
868 1846 1069 1925 continentes,
1102 1855 1135 1906 ut
1167 1854 1238 1925 puta
1269 1844 1361 1907 veluti
1393 1852 1465 1907 sunt

160 1951 294 2013 bucolica
317 1960 347 2012 et
370 1954 507 2031 georgica
531 1960 689 2030 ceteraque
713 1950 802 2012 huius
826 1951 914 2011 modi.
953 1950 1011 2022 Qui
1038 1959 1110 2011 sunt
1137 1950 1300 2012 hexametri
1328 1951 1464 2031 dactylici

122 2076 147 2114 rs
160 2054 297 2120 heroici?
333 2058 391 2129 Qui
419 2057 494 2118 bella
522 2066 553 2118 et
580 2055 704 2118 heroum
733 2075 782 2118 res
810 2065 910 2136 gestas
932 2057 1185 2139 complectuntur,
1214 2068 1246 2119 ut
1273 2069 1343 2137 puta
1373 2056 1465 2119 veluti

161 2175 207 2226 est
233 2164 300 2226 llias
328 2164 449 2225 llomeri
478 2164 522 2224 vel
550 2162 665 2243 Virgilii
686 2165 841 2226 Aeneidos.
879 2163 938 2235 Qui
965 2171 1011 2224 est
1038 2182 1092 2244 pes
1122 2161 1266 2244 quintus?
1302 2164 1383 2226 ldem
1412 2166 1465 2244 qui

161 2271 302 2352 dactylus.
335 2271 433 2343 Quare
452 2268 597 2351 quintus?
626 2272 702 2343 Quia
721 2290 839 2352 semper
857 2273 888 2331 in
908 2289 996 2333 versu
1016 2272 1148 2351 exceptis
1167 2271 1232 2332 aliis
1250 2269 1332 2354 locis,
1356 2271 1465 2351 quibus

162 2381 239 2439 varie
258 2381 393 2460 ponitur,
413 2379 716 2458 quintamregionem
735 2379 856 2458 proprie
875 2377 1003 2459 obtinet,
1024 2380 1183 2458 minusque
1202 2379 1278 2440 lenis
1296 2388 1342 2440 est
1360 2397 1464 2439 versus

161 2489 213 2565 qui
241 2489 344 2566 quinto
372 2485 438 2546 loco
458 2468 632 2564 spondeum
659 2486 752 2563 magis
781 2501 870 2563 quam
898 2482 1046 2563 dactylum
1075 2483 1226 2566 hahuerit,
1253 2496 1283 2547 et
1311 2484 1465 2546 vocabitur

121 2609 148 2647 eo
160 2592 354 2672 spondiazon,
373 2591 463 2652 veluti
486 2599 532 2652 est
554 2589 617 2670 ille,

374 2709 438 2760 aut
461 2699 559 2760 leves
582 2715 710 2760 ocreas
732 2697 833 2758 lento
856 2695 994 2758 ducunt
1017 2709 1175 2776 argento.

161 2815 192 2867 et
218 2805 285 2866 ideo
314 2824 369 2866 nec
397 2808 427 2866 in
455 2807 513 2866 line
541 2805 675 2885 dactylus
703 2803 792 2865 debet
819 2806 904 2884 poni,
931 2806 1009 2865 sicut
1038 2823 1095 2865 nec
1123 2807 1272 2886 spondeus
1300 2809 1330 2867 in
1360 2809 1464 2887 quinto

160 2911 226 2973 loco
241 2960 248 2973 .
263 2911 413 2992 spondeus
426 2906 428 2988 i
440 2922 538 2972 autem
557 2930 574 2972 a
593 2910 770 2991 quibusdam
788 2912 865 2972 imus
883 2929 937 2990 pes
956 2912 1193 2993 cognominatum
1212 2913 1291 2993 qnod
1311 2916 1463 2992 regionem

162 3028 273 3079 sextam
296 3036 415 3098 semper
439 3018 570 3080 obtineat
593 3037 649 3080 nec
672 3035 813 3098 umquam
836 3018 969 3098 dactylus
992 3021 1023 3080 in
1046 3018 1104 3080 line
1127 3030 1262 3099 ponatur.

120 3142 147 3182 as
251 3125 310 3197 Qui
331 3126 438 3186 modus
462 3134 507 3186 est
531 3124 709 3207 syllabarum
730 3126 762 3184 in
780 3141 869 3184 versu
888 3108 1059 3184 hexametro
1078 3124 1221 3205 dactylico
1240 3128 1301 3186 sive
1319 3124 1463 3188 heroico?
1484 3140 1557 3191 uult

161 3267 373 3275 .-----..

251 3329 267 3378 3
285 3324 449 3378 hexameter
466 3341 533 3394 ergo
548 3354 581 3364 —
596 3330 612 3379 5
631 3323 748 3378 variath
766 3323 901 3377 Iulianus
914 3323 947 3376 de
960 3323 1067 3379 ratium
1080 3328 1224 3379 nummum
1237 3341 1265 3393 p.
1282 3329 1315 3378 51
1331 3326 1370 3380 ed.
1385 3324 1464 3380 Roas.

252 3491 266 3538 1
287 3500 369 3553 quem
388 3484 422 3538 de
441 3484 539 3538 metris
557 3482 668 3553 scripsit
686 3484 827 3538 exameter
844 3481 941 3552 inquid
960 3499 1058 3542 nerana
1074 3486 1171 3539 contra
1185 3501 1267 3554 quem
1281 3485 1323 3539 ita
1337 3484 1427 3540 cesina
1437 3485 1465 3539 Β

48 3588 50 3593 ·
161 3581 244 3633 quem
258 3565 293 3619 de
312 3564 409 3619 metris
428 3555 523 3618 examt
538 3563 636 3632 inquid
655 3565 854 3632 contraquam
877 3562 946 3617 item
964 3562 1054 3619 casius
1073 3565 1111 3619 M
1181 3572 1198 3619 3
1218 3559 1330 3620 examet
1346 3582 1413 3634 ergo
1429 3566 1467 3620 M

162 3648 303 3699 exametre
321 3661 389 3715 ergo
407 3644 435 3698 B
507 3650 523 3697 4
542 3661 590 3698 sex
609 3643 721 3712 dactylo
740 3645 769 3697 et
787 3642 905 3712 spondio
920 3644 1023 3698 circum
1038 3645 1180 3714 sepositis
1195 3645 1464 3701 autalternainter·

161 3723 299 3793 positione
314 3723 433 3779 uariacis
448 3725 486 3779 M
503 3722 533 3778 Si
551 3740 586 3779 ex
603 3721 708 3778 dactilo
726 3721 890 3778 uariaetatis
908 3722 936 3776 Β
1009 3729 1025 3777 6
1043 3724 1096 3780 Int.
1112 3742 1184 3794 quae
1198 3730 1264 3781 sunt
1276 3726 1309 3780 n.
1324 3728 1466 3781 exameter

162 3807 279 3874 (ameter
293 3808 336 3874 Μ)
354 3803 500 3859 dactilicus
519 3802 627 3858 eroicus
640 3802 712 3857 ΒΜ
727 3803 804 3869 Quae
822 3803 904 3857 sunt?
938 3802 988 3858 Est
1001 3803 1162 3861 hexameter
1176 3807 1331 3876 dactylicus
1343 3810 1465 3876 tantum,

163 3888 204 3940 est
230 3886 393 3940 hexameter
418 3883 575 3953 dactylicus
601 3884 702 3938 herous
735 3884 763 3937 V
792 3884 887 3950 Quae?
915 3883 1076 3940 hexameter
1103 3886 1272 3957 dactylicus,
1304 3887 1466 3942 hexameter

161 3964 289 4021 heroicus
308 3966 466 4019 Aldtelmus
526 3966 688 4020 asenarius
702 3965 740 4019 Μ
799 3981 848 4020 sex
866 3963 995 4033 idemque
1014 3983 1048 4020 ex
1061 3964 1220 4036 duplicibus
1233 3984 1285 4022 om.
1299 3967 1335 4034 B,
1351 3968 1414 4021 odd.
1430 3968 1467 4021 Μ

179 4044 285 4114 equod
299 4062 367 4117 ergo
383 4046 419 4099 M
472 4051 505 4099 12
525 4045 585 4117 sex]
605 4045 629 4100 si
647 4061 680 4100 ex
694 4044 722 4098 Β
777 4050 812 4099 14
830 4043 889 4100 eius
903 4043 1020 4097 modiB
1075 4048 1140 4099 suut
1158 4064 1208 4103 om.
1224 4047 1304 4113 BM,
1323 4048 1386 4101 add.
1408 4046 1465 4101 Vct

162 4127 322 4182 Aldbclmus
394 4133 427 4180 15
446 4125 535 4181 ueluti
554 4129 596 4181 est
609 4126 673 4181 iliae
688 4126 726 4180 M
738 4123 828 4180 ueluti
842 4121 1005 4179 sunthilias
1018 4125 1046 4177 Β
1120 4132 1152 4179 16
1167 4126 1216 4194 qui
1230 4129 1274 4181 est
1287 4144 1336 4196 pes
1351 4126 1465 4195 quintus

161 4206 237 4261 idem
256 4206 304 4275 qui
323 4204 470 4259 dactilicus
488 4220 574 4271 quare
593 4204 707 4272 quintus
725 4209 770 4261 est
788 4221 821 4261 eo
840 4201 915 4274 quod
933 4218 1043 4272 semper
1061 4206 1144 4259 cedere
1168 4205 1317 4272 Victorini,
1336 4205 1403 4271 Quis
1423 4208 1466 4261 est

162 4301 213 4354 pes
231 4283 366 4352 quintus?
385 4283 513 4352 dactylus
532 4327 538 4339 .
558 4301 644 4352 quare
664 4286 778 4353 quintus
797 4284 910 4355 dactylo
929 4283 1075 4352 conpetit?
1093 4283 1160 4353 quia
1174 4303 1283 4354 semper
1297 4286 1464 4340 aldhelmus.

163 4365 216 4431 Qui
239 4365 283 4418 est
306 4380 355 4433 pes
380 4362 512 4431 quintus?
535 4362 649 4430 quintus
672 4363 786 4431 quidem
810 4379 858 4433 pes
882 4379 992 4432 semper
1014 4365 1143 4435 dactylus
1166 4407 1173 4421 .
1201 4371 1304 4437 quare?
1329 4382 1363 4420 eo
1390 4364 1466 4433 quod

163 4459 272 4512 semper
290 4443 365 4497 edidi
383 4444 460 4512 apud
480 4443 676 4500 Victorinum.
695 4443 742 4497 sed
759 4444 954 4512 grammatices
972 4445 1112 4516 dactylum
1129 4447 1203 4500 dicit
1221 4447 1346 4515 quintum
1362 4445 1466 4515 pedem,

158 4528 304 4592 propterea
313 4522 386 4592 qued
399 4525 424 4576 is
437 4524 468 4577 im
481 4523 634 4577 becumctro
646 4539 727 4578 cusu
739 4525 866 4593 quietum
879 4523 967 4576 locum
981 4524 1111 4580 obtineret
1154 4586 1158 4592 g
1181 4526 1256 4579 idem
1270 4526 1332 4597 qui]
1351 4525 1465 4594 quidem

162 4603 211 4672 qui
229 4603 301 4656 ΒΜ
374 4603 454 4657 ltin
477 4619 574 4657 uersus
597 4603 722 4672 exceptis
744 4603 809 4658 aliis
829 4602 899 4658 locis
917 4605 945 4659 Β
968 4603 997 4658 in
1020 4621 1103 4659 uersu
1126 4605 1249 4675 exceptis
1272 4606 1321 4660 alii
1340 4606 1409 4662 locis
1429 4609 1467 4663 M

199 4687 233 4736 18
247 4683 318 4737 lenis
331 4682 369 4736 M
383 4681 455 4737 lenis
468 4683 496 4737 Β
550 4689 583 4738 21
603 4685 654 4737 ant
670 4683 758 4755 leves]
779 4683 856 4753 Verp.
871 4683 941 4738 Aeta.
962 4683 1030 4738 VII
1041 4688 1096 4740 634
1151 4685 1257 4742 ducunt
1269 4687 1297 4741 Β
1311 4685 1415 4741 ducent
1429 4688 1467 4742 M

198 4768 233 4817 23
253 4779 270 4816 a
287 4779 338 4817 om.
356 4763 398 4832 B,
417 4764 481 4820 add.
502 4764 540 4818 M
609 4768 643 4819 att
666 4763 696 4818 in
717 4778 799 4819 uerso
821 4765 964 4818 exametro
984 4762 1116 4820 dactilico
1134 4764 1195 4821 siue
1213 4765 1325 4823 heroico
1343 4767 1372 4821 B
1390 4766 1465 4822 inter

162 4858 273 4897 uersum
292 4845 433 4900 exametro
452 4842 591 4914 dactylico
610 4843 669 4897 siue
689 4845 828 4899 exametro
849 4843 887 4897 M
