3316 5474
226 361 289 426 172
764 358 993 415 CASSIODORII

224 475 246 511 p.
260 463 313 503 asos
327 462 353 503 r.

225 548 341 634 desinat
362 549 393 607 in
417 553 642 620 consonantem,
671 565 706 606 cx
730 564 788 624 qua
812 548 900 607 etiam
924 545 1053 606 secunda
1082 546 1216 626 incipiat,
1244 544 1263 605 b
1287 554 1397 606 niumm
1421 545 1532 605 retinet

225 657 382 734 scriptura,
404 661 438 714 ut
461 653 554 714 bucca
578 652 656 713 bulla
680 662 710 714 et
733 651 846 713 similia.

314 760 372 820 Vac
395 760 518 842 syllaba,
546 763 683 839 quotiens
709 762 877 839 praeposita
906 761 1010 842 luerit,
1039 780 1055 819 v
1079 759 1207 823 vocalem
1232 758 1321 820 babet
1347 778 1402 839 pro
1426 779 1530 821 conso·

225 875 328 949 nante,
352 876 385 928 ut
406 885 494 927 vacca
519 865 560 944 [id
585 875 632 929 est
656 866 834 944 iumentum]
859 869 1023 928 vaccinium
1050 866 1177 944 [scilicet
1196 866 1273 944 dos].
1312 885 1379 926 nam
1397 866 1532 927 Bacchus
1639 884 1647 901 ·

224 984 255 1036 et
276 974 390 1035 Raccha
414 983 443 1034 et
467 972 572 1033 baccar
594 992 649 1052 per
672 972 690 1032 b
713 972 870 1033 scribenda
893 982 971 1035 sunt.
1009 971 1063 1032 bec
1086 981 1117 1032 et
1139 971 1187 1032 bic
1210 972 1335 1052 syllabas
1358 975 1457 1033 inveni
1481 974 1560 1033 devs

223 1083 321 1142 licere.
358 1080 415 1141 boc
435 1099 526 1141 unum
546 1078 705 1142 barbarum
725 1080 828 1162 didici,
851 1080 881 1140 id
905 1088 950 1141 est
969 1079 1117 1154 bocchus,
1141 1079 1219 1158 quod
1244 1079 1263 1140 b
1287 1090 1398 1141 mnam
1421 1079 1531 1141 habere

224 1191 417 1268 cognovimus
440 1190 471 1247 in
495 1189 651 1265 scriptura.
690 1196 720 1248 et
743 1186 898 1246 sciendum
921 1186 1000 1265 quod
1023 1187 1142 1245 nomina
1165 1189 1335 1268 peregrina,
1365 1188 1390 1247 si
1414 1186 1531 1247 trahan-

226 1303 275 1355 tur
294 1295 329 1354 ad
348 1293 471 1355 latinum
492 1311 673 1373 sermonem,
696 1292 715 1352 b
736 1304 847 1353 mutam
866 1292 923 1353 sibi
941 1292 1118 1372 plerumque
1138 1291 1309 1353 detendunt.
1342 1292 1409 1353 ideo
1430 1301 1532 1355 autem

225 1401 353 1461 diximus
381 1400 570 1480 plerumque,
598 1401 665 1478 quia
694 1407 764 1459 sunt
793 1417 867 1478 quae
894 1399 994 1459 latinis
1022 1398 1134 1478 regulis
1161 1401 1310 1480 serviunt,
1337 1406 1371 1460 ut
1398 1398 1532 1460 Massiva.

226 1507 282 1568 boc
306 1509 385 1568 euim
408 1525 520 1567 nomen
541 1505 610 1567 licet
632 1504 791 1566 barbarum
815 1513 945 1581 constat,
968 1515 1067 1566 tamen
1086 1506 1217 1586 regulam
1240 1505 1360 1567 latinam
1383 1508 1532 1586 scriptura
1548 1525 1575 1564 ro

226 1623 395 1695 conservat,
428 1632 516 1692 quam
548 1633 621 1675 suus
653 1614 737 1675 locus
770 1597 954 1674 monstrabit.
1002 1612 1060 1674 buc
1091 1612 1230 1693 syllabam
1262 1614 1292 1672 in
1323 1631 1382 1672 uno
1413 1616 1533 1692 repperi

227 1720 411 1781 solummodo
436 1724 568 1803 nomine,
592 1721 648 1781 hoc
672 1728 718 1780 est
740 1719 848 1800 bucca,
871 1718 949 1798 quod
972 1719 1069 1799 perh
1093 1727 1205 1779 mutarn
1229 1716 1377 1779 scribitur.

228 1835 440 1843 *ψ-

313 1881 329 1927 3
349 1874 494 1944 proposita
510 1874 537 1927 B
610 1881 627 1927 4
646 1874 792 1928 uacoiuum
812 1870 836 1926 0
904 1872 1026 1927 bacchus
1044 1876 1074 1927 et
1092 1873 1198 1927 bacoha
1216 1873 1245 1926 et
1261 1871 1366 1926 bachar
1383 1872 1410 1925 A
1429 1872 1532 1927 baccus

225 1960 254 2008 et
275 1955 382 2009 baccho
406 1954 526 2008 bacchar
548 1954 576 2007 B
599 1954 700 2007 baccus
724 1956 753 2007 at
776 1953 868 2007 bacha
889 1952 994 2008 bachar
1017 1952 1041 2008 0
1065 1952 1194 2007 Bacchus
1218 1953 1248 2005 et
1269 1951 1379 2005 Baccha
1401 1951 1534 2007 bacchari

227 2035 332 2089 bachas
351 2033 449 2088 Carrio
528 2039 544 2086 6
563 2032 684 2086 bocchos
703 2031 762 2085 AB
781 2032 884 2087 bochoa
904 2032 928 2086 0
1007 2038 1039 2085 10
1057 2032 1207 2087 barbarum
1226 2047 1287 2087 esse
1306 2033 1414 2087 constet
1433 2031 1532 2087 Carrio

676 2299 860 2354 MARTYRII
877 2299 926 2353 DE
945 2299 967 2352 B
985 2298 1034 2352 ΕΤ
1052 2299 1078 2354 V

313 2467 373 2528 llab
401 2469 446 2528 vel
474 2466 529 2528 alia
557 2467 760 2529 intercedente
789 2466 881 2527 vocali
909 2435 1019 2527 unllam
1043 2468 1162 2546 repperi
1186 2468 1314 2527 nominis
1339 2469 1531 2548 incipientem

226 2574 373 2654 syllabam.
419 2574 476 2634 Vac
505 2574 611 2654 syllaba
641 2578 778 2656 quotiens
813 2576 980 2654 praeposita
1008 2575 1112 2649 litent,
1140 2593 1157 2633 v
1184 2573 1314 2635 vocalem
1342 2573 1449 2636 babeat
1475 2595 1531 2656 pro

225 2692 420 2762 consonante,
443 2691 476 2742 ut
499 2702 584 2742 vacca
608 2686 780 2744 vaccinium.
818 2700 885 2742 nam
904 2681 1037 2742 Bacchus
1058 2691 1087 2742 et
1110 2681 1216 2741 baccar
1235 2680 1292 2740 sibi
1315 2700 1420 2760 graeca
1438 2684 1531 2743 vindi·

225 2789 301 2848 cavit
328 2787 494 2868 prudentia.
541 2807 594 2849 vec
626 2792 671 2850 vic
699 2789 824 2869 syllabas
860 2790 959 2865 inveru'
986 2787 1122 2848 delicere.
1163 2787 1219 2847 boc
1248 2806 1339 2848 unum
1373 2788 1531 2850 barbarum

224 2895 328 2976 didici,
351 2895 379 2956 id
401 2903 447 2955 est
464 2894 613 2976 Bocchus,
637 2895 716 2974 quod
739 2893 759 2954 b
782 2903 893 2954 mutam
917 2893 1026 2954 babere
1046 2896 1237 2972 cognovimus
1255 2896 1286 2953 in
1306 2897 1462 2974 scriptura.
1500 2903 1557 2956 ets

224 3002 378 3062 sciendum
405 3002 484 3082 qnod
512 3003 631 3063 nomina
660 3004 830 3082 peregrina,
858 3004 883 3061 si
913 3000 1072 3061 trabuntur
1095 3000 1130 3059 ad
1154 3000 1278 3060 latinum
1302 3019 1484 3083 sermonem,
1512 3001 1531 3060 b

225 3118 336 3169 mutarn
363 3107 419 3169 sibi
448 3109 623 3188 plerumque
652 3108 823 3169 detendunt.
867 3106 933 3166 ideo
961 3115 1060 3166 autem
1088 3105 1217 3166 diximus
1244 3106 1433 3186 plerumque,
1462 3110 1531 3186 quia

224 3223 294 3276 sunt
318 3234 392 3304 quae
415 3215 514 3276 latinis
537 3204 671 3276 serviunt
694 3212 820 3295 regulis,
843 3211 1030 3273 utilassiva.
1068 3213 1124 3273 boc
1144 3216 1221 3274 enim
1242 3232 1350 3274 nomen
1372 3213 1442 3275 licet
1464 3214 1530 3274 bar·

223 3321 328 3382 barum
352 3324 508 3402 consistat,
536 3331 633 3382 tamen
658 3321 789 3400 regulam
813 3321 843 3379 in
866 3320 1014 3396 scriptura
1037 3329 1207 3400 conservat,
1235 3338 1323 3399 quam
1347 3312 1419 3381 sirus
1448 3321 1531 3382 locris

224 3429 408 3489 monstrabit.
445 3428 504 3489 buc
527 3431 652 3508 primam
676 3426 814 3505 syllabam
838 3427 869 3484 in
893 3442 952 3484 uno
974 3428 1094 3504 repperi
1117 3425 1301 3487 solummodo
1320 3429 1449 3507 nornine,
1472 3428 1529 3488 boc
1546 3447 1571 3484 ro

224 3543 270 3595 est
297 3534 404 3617 bucca,
432 3535 510 3613 qxrod
538 3553 592 3613 per
616 3534 634 3594 b
663 3541 773 3593 mutam
797 3530 954 3604 scribitur,
983 3549 1036 3590 ceu
1062 3531 1149 3610 paulo
1172 3541 1238 3593 ante
1263 3533 1408 3593 rationem
1432 3534 1529 3594 reddi·

224 3640 329 3700 dimne.
366 3641 421 3701 bad
446 3640 498 3701 bal
517 3640 573 3719 bag
595 3639 651 3700 balr
676 3636 799 3717 syllabas
823 3636 868 3696 vel
895 3634 1150 3698 iritercedeutibus
1173 3637 1237 3698 aliis
1261 3638 1411 3700 vocalibus
1439 3641 1528 3701 latina

227 3749 325 3807 minus
349 3730 573 3809 corrnumeravit
595 3743 738 3806 facundia.

314 3853 363 3914 l'al
391 3858 486 3934 prima
513 3853 636 3934 syllaba,
663 3850 808 3930 siquidem
832 3849 841 3910 l
865 3850 955 3942 luerit
984 3850 1081 3911 littera
1109 3851 1282 3945 subsecuta,
1304 3870 1358 3928 per
1378 3871 1395 3911 v
1418 3853 1528 3914 scribe·

313 4008 463 4079 thabeat]
483 4006 600 4062 habebit
618 4006 646 4059 P
716 4006 782 4059 aet
798 4004 901 4058 baccar
918 4020 969 4058 om.
988 4004 1016 4057 P
1075 4004 1235 4060 tdefecere
1254 4005 1288 4058 N
1352 4007 1529 4062 sumbernu-

223 4105 271 4158 tur
288 4135 323 4144 -
342 4103 527 4160 defenderunt
547 4104 574 4158 P
649 4110 665 4158 8
685 4101 807 4158 Massiva
827 4100 855 4153 P
872 4085 993 4155 Massilia
1011 4102 1037 4157 N
1108 4102 1259 4157 barbarum
1277 4101 1406 4158 consistit
1424 4103 1529 4159 Phar-

223 4182 331 4239 bariem
350 4184 486 4240 consistat
503 4186 536 4239 N
606 4191 639 4238 10
658 4184 686 4238 in
705 4199 760 4237 uno
779 4182 884 4251 raperis
903 4183 1076 4238 solummodo
1090 4182 1203 4237 nomine
1221 4183 1274 4236 hoc
1293 4184 1335 4237 est
1351 4182 1439 4238 bucca
1457 4184 1486 4236 P
1500 4184 1528 4238 in

224 4283 310 4319 unum
329 4266 439 4336 repperi
457 4267 546 4321 solum
561 4282 662 4320 nomen
681 4264 734 4317 hoc
752 4262 866 4316 buccam
887 4262 921 4315 N
981 4270 1010 4316 tt
1032 4262 1173 4318 reddimus
1191 4261 1257 4315 NP
1319 4268 1351 4316 14
1370 4263 1421 4317 Bal
1439 4263 1530 4332 prima

224 4344 334 4414 syllaba
358 4346 496 4415 siquidem
519 4345 530 4399 l
555 4345 640 4399 fuerit
662 4343 757 4396 littera
780 4342 929 4397 subsecuta
952 4360 1001 4412 per
1019 4362 1037 4398 r
1055 4343 1217 4413 digammon
1240 4342 1375 4398 scribetur
1393 4347 1425 4398 ut
1447 4346 1530 4400 vallis

224 4427 253 4479 et
271 4425 377 4479 vallum
395 4444 461 4481 nam
485 4427 623 4481 rallenam
646 4440 679 4477 ac
702 4421 844 4477 vallistam
863 4439 881 4476 a
898 4439 999 4492 graeco
1017 4423 1074 4479 dici
1091 4440 1154 4477 mea
1172 4422 1283 4491 putavit
1301 4425 1440 4479 sententia
1458 4426 1530 4480 hanc

224 4523 302 4570 παρα
325 4524 357 4558 το
380 4507 477 4575 {latim
496 4527 545 4560 και
564 4523 738 4575 στρωννυναι
756 4523 899 4560 τουτεστιν
918 4523 1048 4571 usurpem
1071 4503 1178 4559 sivero
1203 4504 1274 4558 haec
1292 4520 1349 4558 nou
1367 4509 1530 4575 sequeretur

225 4586 257 4636 ut
275 4584 374 4639 bolvua
391 4586 503 4642 balteus
521 4587 639 4642 balneae
658 4589 687 4640 et
706 4585 805 4639 balvae
823 4589 913 4652 dopna
932 4583 986 4638 nisi
1003 4600 1021 4638 a
1038 4584 1177 4639 vestibulo
1191 4584 1255 4639 aluo
1270 4599 1371 4640 noman
1389 4587 1443 4640 hoc
1456 4586 1529 4640 arui-

223 4665 329 4716 tremur
352 4665 545 4734 compositum.
581 4665 650 4720 mihi
673 4667 766 4719 tamen
790 4664 844 4718 hoc
866 4665 953 4718 etiam
976 4679 1109 4733 gracum
1132 4663 1243 4720 videtur
1267 4665 1385 4720 existere
1409 4683 1530 4735 namque

225 4743 299 4812 apud
321 4743 385 4798 illos
408 4746 540 4815 βαλβιδες
564 4764 590 4798 οι
614 4764 774 4814 καμπτηρες
797 4746 827 4798 et
847 4742 939 4797 balbis
963 4763 992 4796 αι
1014 4763 1069 4796 των
1093 4745 1236 4814 δρομαιων
1255 4758 1423 4814 constuprat
1442 4747 1531 4800 nomi·

223 4825 334 4879 uantur.
362 4822 508 4893 Excipitur
522 4825 683 4880 adverbium
699 4819 782 4880 vaide
796 4823 825 4877 P
875 4824 1024 4879 subsecuta
1037 4841 1087 4894 per
1101 4842 1118 4878 r
1133 4825 1280 4896 scribetur]
1297 4825 1534 4881 subscribeturN
