3316 5474
627 345 675 400 nn
695 344 996 431 cananaeorum
1396 350 1457 414 197

151 444 247 495 pseeoa.
263 447 326 486 roa.

152 530 278 610 syllabae
310 533 492 609 posteritatis
522 534 587 592 iure
618 531 747 592 detinuit
776 530 916 610 regulam.
971 531 1065 610 probo
1096 535 1175 593 enim
1207 543 1280 614 puto
1312 534 1370 595 dici
1405 554 1460 616 per

152 638 364 698 detractionem
384 656 400 696 r
421 637 550 719 litterae,
573 658 641 699 cnm
660 641 843 700 contrarium
863 641 927 699 eius
946 639 1094 719 exprobro
1114 651 1316 721 nuncupatur,
1339 651 1369 701 et
1392 642 1459 702 ideo

152 743 171 803 b
202 753 312 803 mutam
343 743 472 804 arbitror
502 745 705 824 apponendam
740 747 821 805 iuxta
851 745 983 823 regulam
1014 764 1102 824 quam
1137 749 1167 805 in
1203 747 1372 807 nominibus
1404 766 1459 808 nos

152 850 268 910 dedisse
292 853 488 913 meminimus.
527 860 556 912 ot
585 851 644 912 libo
668 871 685 912 a
712 871 819 932 graeco
848 852 1021 913 translatum
1050 871 1116 913 esso
1140 853 1328 933 confidimus,
1356 861 1389 913 ut
1413 861 1459 913 est

123 950 204 1017 ⁵e'rcl
232 947 262 1016 d'
284 958 411 1017 αἴθοπα
436 947 531 1018 οἶνον
555 958 651 1038 λεῖβε.
690 968 842 1038 praeterea
867 961 1051 1040 quaerimus,
1080 977 1172 1038 quare
1200 958 1324 1020 verbum
1347 978 1457 1020 enervo

152 1062 360 1142 disyllaborum
389 1065 619 1144 supergrediens
649 1083 806 1127 numerum
835 1075 865 1126 ct
893 1067 1112 1144 coniugationis
1141 1068 1253 1145 primae
1282 1085 1315 1126 ac
1345 1068 1458 1145 primae

152 1171 261 1248 speciei
277 1173 443 1231 consistens
457 1190 517 1232 uon
531 1171 618 1251 perh
639 1179 749 1232 mutam
769 1171 821 1231 sed
841 1190 894 1251 per
909 1171 1100 1251 vscribitur,
1119 1181 1149 1233 et
1169 1172 1295 1233 dicimus
1310 1175 1457 1251 quaestio·

152 1294 219 1337 nem
244 1276 404 1359 solventes,
428 1280 495 1356 quia
520 1297 536 1339 e
560 1278 644 1357 longa
668 1280 848 1358 praepositio
872 1287 930 1359 est,
955 1286 985 1340 et
1007 1279 1074 1339 ideo
1099 1279 1307 1359 disyllaborum
1331 1282 1458 1360 arripnit

151 1383 291 1462 regulam.

111 1502 137 1542 1⁰
241 1491 298 1551 Sed
328 1493 396 1571 quia
425 1494 523 1553 evenit
543 1491 548 1568 Ι
568 1493 712 1571 quaedam
741 1493 829 1554 verba
857 1496 886 1553 in
912 1493 1015 1554 ultima
1041 1492 1161 1572 quidem
1184 1502 1235 1553 aut
1263 1493 1456 1554 antecedente

151 1596 258 1675 syllaba
283 1600 395 1676 primae
419 1617 563 1678 personae
583 1619 599 1657 r
622 1599 751 1660 litteram
772 1618 831 1660 nou
855 1599 978 1679 babere,
1001 1603 1031 1661 ιιι
1056 1599 1185 1660 secunda
1210 1618 1279 1659 vero
1303 1603 1456 1659 continere

150 1721 292 1784 persona,
315 1712 349 1764 ut
372 1705 436 1765 volo
460 1707 517 1786 riS,
542 1706 617 1766 malo
642 1709 747 1788 marie,
770 1707 914 1785 quaedam
936 1709 967 1766 ιιι
990 1708 1151 1785 praeterito
1175 1714 1289 1767 tantum
1313 1687 1473 1794 perlecto,0

152 1828 209 1870 non
230 1817 327 1871 tamon
347 1813 376 1871 in
396 1814 542 1891 positione
562 1832 628 1894 sua,
648 1821 680 1873 ut
703 1814 816 1892 gaudeo
835 1817 954 1893 gavisus
972 1833 1053 1895 sirm,
1071 1822 1101 1874 et
1121 1831 1226 1874 rursus
1244 1815 1274 1872 ιιι
1295 1814 1455 1891 praeterito

151 1916 283 1994 perlecto
303 1936 320 1974 v
343 1918 470 1979 litteram
494 1923 613 1999 ponitus
632 1939 693 1981 non
715 1919 842 1981 habente
865 1920 938 1980 alias
961 1939 1104 2000 personas
1127 1923 1157 1980 in
1183 1917 1367 1998 temporibus
1391 1917 1456 1978 aliis

241 2077 254 2123 1
274 2071 402 2126 detenuit
419 2073 476 2126 AO
492 2072 608 2127 retinuit
626 2074 653 2127 Β
727 2080 742 2127 2
762 2074 884 2143 exprobo
902 2075 930 2127 Β
1011 2080 1027 2128 3
1047 2074 1076 2128 ιιι
1096 2072 1254 2128 hominibus
1274 2072 1301 2125 A
1320 2071 1348 2124 in
1367 2070 1456 2126 omni·

149 2149 201 2204 bus
225 2150 283 2203 BG
371 2159 387 2206 4
411 2154 443 2206 ιιι
467 2185 500 2193 -
524 2154 611 2226 λεῖβε]
635 2157 667 2207 ιιι
690 2159 705 2207 e
729 2153 775 2207 eni
799 2155 833 2207 de
858 2151 1093 2215 ΕΟΠὰΟΙΝΟὰΒΕ
1117 2155 1200 2208 codar
1223 2153 1373 2207 Bernenols
1390 2158 1456 2220 243,

150 2226 494 2288 ΕΠΙΔΕΘΟΠὸΟΙΝΟΛΒΕ
512 2232 540 2285 Β
560 2229 909 2293 ΜΕΤΙΔΕΦΠὰΟΙΝΟΝΒΕ
928 2235 968 2301 Α,
987 2251 1038 2288 om.
1058 2234 1102 2292 Ος
1164 2241 1180 2288 8
1199 2232 1265 2301 quie
1283 2236 1367 2301 (quae
1385 2250 1454 2288 corr.

149 2310 248 2380 quiae
270 2310 305 2376 O)
329 2311 372 2364 est
394 2310 479 2380 longe
502 2313 673 2381 praepositio
692 2319 721 2369 et
744 2314 807 2368 ideo
826 2312 885 2368 Ao
968 2321 1001 2369 10
1024 2315 1074 2369 sed
1093 2331 1147 2382 quo
1166 2318 1245 2383 (corr.
1266 2313 1342 2381 quia)
1361 2313 1456 2368 euenit

149 2394 173 2458 (t
190 2393 257 2459 ror.)
275 2390 303 2443 Β
322 2391 370 2444 sed
389 2391 485 2445 euenit
503 2393 529 2445 A
550 2392 599 2447 sed
618 2410 690 2463 quae
708 2393 820 2448 euenire
839 2392 864 2446 0
933 2399 965 2446 12
985 2392 1100 2462 quidum
1118 2393 1148 2446 in
1166 2391 1319 2463 praeterito
1338 2392 1365 2445 Β

600 2641 785 2697 ΜΑΒΤῩΒΠ
803 2642 852 2697 ΒΕ
872 2644 894 2697 Β
913 2643 961 2697 ΕΤ
980 2642 1006 2697 V

149 2789 288 2867 regulam.
326 2789 418 2868 probo
443 2791 521 2848 eninr
546 2800 619 2869 puto
642 2791 700 2851 dici
731 2810 785 2871 per
808 2791 1021 2852 detractionem
1045 2810 1061 2851 r
1084 2791 1214 2871 litterae,
1243 2808 1310 2850 cum
1339 2797 1454 2849 contra-

148 2897 228 2956 rium
249 2899 313 2955 eins
342 2896 489 2976 exprobro
518 2906 720 2979 nuncupatur,
747 2907 777 2958 et
805 2898 871 2958 ideo
899 2898 918 2958 b
947 2907 1058 2959 mutam
1087 2897 1216 2957 arbitror
1245 2899 1275 2956 in
1307 2898 1454 2974 scriptura

149 3011 249 3062 tencre
277 3006 357 3064 iuxta
385 3003 517 3082 regulam
545 3022 632 3082 quam
661 3007 692 3064 in
720 3004 889 3065 nominibus
917 3004 1034 3065 dedisse
1064 3006 1261 3065 meminimus.
1299 3010 1329 3062 et
1356 3000 1415 3061 libo
1439 3021 1455 3061 a

148 3128 254 3188 graeco
282 3110 457 3171 translatum
486 3128 552 3170 esse
580 3111 769 3191 confidimus,
804 3120 837 3172 ut
864 3120 910 3172 est
938 3105 990 3173 erl
1019 3102 1049 3172 δ’
1075 3113 1204 3172 aldono
1232 3101 1328 3170 οἶνον
1357 3106 1454 3186 λεῖβε.

121 3224 300 3295 ιῃιιιειειαι
336 3219 521 3296 quaerimus,
555 3236 646 3295 qnare
683 3217 805 3278 verbum
836 3235 945 3278 enervo
980 3217 1189 3297 disyllaborum
1225 3214 1455 3295 supergrediens

148 3341 305 3382 nnmerum
330 3332 360 3382 et
383 3326 598 3401 coniugationls
622 3327 734 3403 primae
758 3343 792 3385 ac
815 3326 927 3404 primae
952 3326 1062 3403 speciei
1086 3325 1254 3384 consistens
1278 3341 1336 3381 uon
1360 3339 1414 3400 per
1435 3319 1454 3379 b

149 3437 259 3488 mutam
288 3431 339 3490 sed
368 3449 421 3509 per
445 3451 461 3487 r
485 3431 653 3510 digammon
683 3431 839 3513 scribitur,
867 3440 897 3492 et
920 3433 1046 3492 dicimus
1070 3432 1274 3510 quaestionem
1298 3428 1455 3507 solventes,

148 3535 226 3613 ιμιοιι
251 3555 266 3594 e
291 3536 376 3614 longa
400 3540 579 3617 praepositio
604 3546 661 3619 cst,
686 3538 805 3598 et-ideo
829 3536 1038 3617 disyllaborum
1063 3538 1189 3615 arripuit
1212 3534 1352 3614 regulam.

237 3642 294 3701 Sed
329 3645 396 3720 quia
425 3643 524 3704 euenit
550 3643 693 3722 quaedam
722 3643 810 3703 verba
840 3645 870 3703 in
899 3643 1000 3703 ultima
1030 3643 1149 3722 quidem
1178 3650 1229 3701 aut
1260 3640 1454 3700 antecedente

109 3763 134 3801 ιο
148 3747 255 3826 syllaba
280 3751 391 3827 primae
416 3769 597 3827 personaer
621 3751 748 3810 litteram
773 3768 832 3809 non
856 3748 979 3830 babere,
1002 3752 1033 3810 ιιι
1052 3750 1182 3810 secunda
1206 3768 1275 3808 vero
1300 3750 1453 3807 continere

147 3873 286 3936 persona,
311 3864 343 3915 nt
367 3856 431 3915 roln
456 3859 512 3938 rie,
536 3857 612 3917 nralo
637 3859 742 3936 mavis,
765 3856 910 3934 quaedam
933 3858 964 3916 in
988 3859 1149 3936 praeterito
1174 3865 1287 3915 tautum
1313 3856 1457 3935 perlecto,

147 3979 206 4020 nou
227 3970 322 4021 tannen
342 3964 372 4021 in
392 3965 538 4041 positione
559 3982 624 4043 sna,
648 3972 681 4022 nt
699 3963 813 4040 gaudeo
832 3965 950 4040 gavisus
968 3981 1049 4042 sirm,
1068 3972 1099 4022 et
1118 3980 1223 4021 rursus
1244 3960 1303 4037 [in]
1323 3970 1453 4039 praeter·

147 4068 187 4127 ito
211 4070 344 4146 perlecto
369 4088 384 4125 v
408 4069 537 4129 litteram
560 4070 680 4148 penitus
703 4087 762 4128 nou
786 4068 927 4148 habente,
953 4068 1023 4128 alias
1046 4067 1189 4147 personas
1213 4071 1242 4126 in
1267 4066 1452 4144 temporibus

146 4173 209 4232 aliis
238 4173 359 4233 eandem
390 4185 490 4235 tenere
519 4175 662 4256 litteram,
690 4183 723 4236 ut
750 4177 814 4235 vivo
844 4177 914 4254 riri,
950 4174 1105 4234 sciendum
1134 4174 1211 4252 quod
1242 4175 1329 4232 etiam
1359 4170 1406 4230 illa
1436 4191 1453 4228 v

108 4294 132 4334 ιι
147 4280 275 4340 litteram
296 4282 424 4340 vocalem
449 4301 502 4360 pro
522 4289 703 4341 consonante
726 4280 853 4341 babeant
872 4284 901 4340 ιιι
921 4283 1077 4360 scriptura.
1116 4283 1140 4340 si
1166 4298 1235 4338 vern
1259 4279 1452 4356 praeteritum

146 4405 234 4465 supra
258 4387 370 4447 dictum
399 4390 429 4447 ln
458 4387 508 4448 bui
533 4396 584 4447 aut
607 4389 638 4446 iu
661 4388 686 4446 si
710 4388 813 4446 autin
838 4388 884 4464 psi
913 4384 1037 4464 syllabas
1065 4385 1192 4464 desinat,
1221 4403 1274 4462 por
1297 4383 1316 4441 b
1341 4390 1452 4443 mutam

146 4494 209 4553 sine
225 4493 314 4552 dnbio
330 4493 509 4574 scribentur,
524 4503 557 4555 nt
575 4492 704 4573 praebeo
722 4491 856 4572 praebui,
874 4490 962 4552 iubeo
982 4493 1064 4572 iussi,
1084 4490 1182 4550 scribo
1202 4492 1307 4569 scripsi
1327 4509 1360 4551 ac
1376 4490 1452 4552 talia.

234 4653 250 4700 4
271 4645 330 4719 ἐπί]
350 4649 431 4704 Ηοια.
448 4649 486 4703 11.
501 4649 528 4702 A
543 4653 600 4704 462
665 4652 680 4701 7
699 4647 838 4701 solventes
857 4645 932 4714 quod
950 4646 1037 4714 longe
1049 4646 1079 4700 N
1098 4646 1269 4700 solventese
1286 4644 1373 4715 longa
1392 4644 1419 4697 P

147 4733 179 4781 10
194 4728 355 4798 contingere
375 4744 494 4797 persons
512 4730 545 4782 ut
563 4728 627 4783 volo
643 4728 671 4780 P
687 4725 830 4781 continere
848 4727 882 4780 ut
899 4725 964 4780 volo
978 4725 1013 4779 N
1069 4731 1102 4779 1³
1123 4742 1178 4779 non
1192 4724 1342 4779 habentem
1356 4724 1421 4778 NP

146 4813 179 4860 14
194 4805 269 4874 quod
284 4805 369 4860 eiiam
383 4805 462 4860 illam
474 4807 502 4860 P
514 4822 626 4877 quoque
637 4805 723 4862 eliam
733 4805 812 4860 illam
821 4804 856 4858 N
908 4812 940 4862 1s
953 4805 984 4861 in
998 4804 1022 4860 si
1035 4808 1085 4861 aut
1098 4804 1127 4859 in
1136 4803 1180 4859 bai
1191 4804 1218 4859 P
1228 4805 1256 4859 in
1271 4804 1296 4859 si
1310 4806 1360 4859 eut
1369 4805 1413 4874 psi
1421 4805 1455 4860 N
