3316 5474
640 368 689 421 DE
708 366 999 423 ournouuarnln
1409 363 1474 428 203

88 537 92 541 ῃ
170 470 344 521 piaretur.

169 557 249 616 enim
272 552 351 614 illins
374 562 420 614 est
443 554 541 632 aliquo
565 561 596 615 et
618 553 712 634 trude,
734 553 790 612 boc
814 561 918 613 estex
943 553 1041 631 aliquo
1065 552 1138 612 loco.
1175 552 1226 612 scd
1251 561 1332 612 certe
1357 570 1393 624 n,
1417 569 1475 610 non

135 665 142 673 “
170 662 290 740 merit,
313 662 381 738 quia
401 656 504 720 ‘unde'
524 662 563 720 ita
583 660 733 721 scribitur.
767 670 797 721 et
815 658 944 740 aliquobi
968 678 1076 740 aeque:
1099 678 1133 718 ex
1153 659 1252 737 aliquo
1271 660 1350 718 enim
1373 667 1403 718 ot
1427 656 1476 718 ubi

169 776 228 848 est,
251 767 307 826 boc
327 775 373 828 cst
391 769 421 827 in
441 767 539 845 aliquo
564 766 637 826 loco.
674 766 725 827 sed
750 766 804 828 bae
823 765 964 847 syllabae,
987 784 1062 844 quae
1082 765 1189 826 litteris
1212 784 1230 844 q
1250 784 1270 824 u
1290 784 1307 823 o
1331 772 1477 843 constant,

170 891 230 934 non
254 872 466 953 exaudiuntur,
489 874 635 953 perscribi
660 883 757 935 tamen
780 873 940 935 debebunt.

142 1006 156 1046 ι
258 980 301 1040 lle
332 983 513 1060 praepositio
537 1001 597 1043 non
621 1000 796 1061 numquam,
823 979 950 1042 eumad
975 990 1172 1042 consonantes
1195 981 1322 1055 accedit,
1349 983 1478 1060 geminat

171 1087 248 1161 illas,
271 1086 350 1165 quod
374 1088 550 1168 plerumque
574 1089 650 1169 apud
675 1091 812 1168 antiquos
836 1097 895 1170 est,
921 1099 953 1149 ut
978 1088 1055 1148 duco
1079 1086 1227 1167 redduco,
1254 1087 1326 1148 cado
1350 1087 1478 1168 reccido,

171 1192 225 1254 tuli
248 1194 365 1274 rettuli,
389 1195 465 1274 pello
489 1195 636 1276 reppello,
658 1194 696 1255 do
719 1194 825 1276 reddo,
848 1195 913 1273 lego
937 1195 1061 1274 relleg03
1084 1193 1162 1255 unde
1193 1194 1343 1274 relliquias
1368 1203 1399 1255 et
1422 1195 1477 1255 rel-

173 1301 313 1379 ligionem
333 1301 476 1363 scribunt.
515 1303 593 1381 quod
612 1302 689 1382 apud
713 1309 816 1382 poetas
839 1304 878 1362 ita
898 1309 1037 1381 oportere
1061 1300 1152 1361 scribi
1170 1303 1383 1382 concesserim,
1406 1310 1478 1362 tam·

171 1410 227 1467 etsi
246 1408 323 1486 apud
343 1419 477 1469 oratores
496 1428 615 1490 quoque
632 1412 769 1488 antiquos
787 1416 846 1489 est3
866 1407 952 1468 uobis
971 1410 1028 1468 iam
1048 1408 1137 1468 decor
1153 1417 1183 1469 et
1201 1409 1304 1469 levitas
1318 1407 1477 1468 obtinenda

130 1540 157 1579 ro
171 1523 229 1594 est,
252 1517 304 1594 qui
327 1518 471 1577 maximus
496 1518 612 1577 lnrctus
635 1526 681 1577 est
704 1515 867 1577 latinitatis.
1281 1582 1286 1591 ,

259 1621 382 1682 Tamtus
405 1631 435 1683 et
462 1633 600 1702 quamtus
630 1625 660 1684 in
684 1622 782 1684 medio
810 1642 839 1684 m
869 1622 977 1684 babere
1001 1622 1123 1685 debent:
1151 1642 1238 1702 quam
1263 1626 1342 1685 enim
1366 1632 1395 1685 ct
1418 1633 1477 1685 tam

171 1737 231 1808 est,
257 1729 337 1817 unde
366 1732 524 1808 quamtitas
553 1739 692 1810 quamtus
721 1739 837 1791 tamtus.
881 1748 936 1790 nec
963 1730 1106 1807 quosdam
1130 1738 1258 1808 moveat,
1288 1732 1312 1790 si
1336 1750 1356 1791 n
1379 1739 1478 1793 sonat:

172 1837 210 1895 ita
235 1837 313 1895 enim
333 1854 422 1914 supra
442 1837 544 1919 docui,
568 1856 586 1898 n
607 1857 712 1899 sonare
731 1837 855 1918 debere,
879 1839 995 1897 tametsi
1017 1839 1047 1896 in
1067 1839 1215 1916 scriptura
1235 1856 1262 1897 m
1282 1840 1411 1917 positum
1431 1840 1478 1899 sit.

261 1942 471 2022 Quaecumque
495 1943 583 2004 verba
607 1948 703 2024 primo
727 1945 791 2004 loco
816 1944 851 2004 ab
871 1963 885 2004 s
904 1943 1002 2004 littera
1025 1945 1182 2024 incipient,
1205 1962 1238 2003 ea
1263 1962 1330 2004 curn
1354 1964 1476 2025 praepo·

132 2072 157 2113 ιι
171 2051 277 2110 sitione
306 2069 341 2110 ex
368 2053 531 2130 composita
559 2051 686 2113 litteram
715 2051 838 2126 eandem
861 2069 876 2110 s
899 2049 1008 2109 babere
1037 2049 1202 2131 debebunt,
1230 2059 1328 2112 celera
1358 2054 1477 2112 minime

171 2159 288 2217 onerari
311 2166 443 2239 oportet,
467 2167 500 2218 ut
523 2158 595 2218 salio
619 2159 736 2240 exsilio,
760 2167 862 2238 specto
881 2165 1030 2236 exspecto.
1051 2155 1056 2231 Ι
1077 2159 1200 2218 aestimo
1220 2160 1356 2219 existimo
1380 2178 1394 2219 s
1418 2178 1477 2219 non

170 2263 292 2336 babent,
320 2266 398 2324 sicut
425 2283 520 2343 aequo
549 2283 696 2344 exaequo,
728 2273 796 2345 peto
825 2272 931 2343 expeto
960 2282 1054 2342 aeque
1082 2282 1142 2324 non
1173 2262 1290 2325 babent.
1332 2285 1391 2344 quo
1419 2265 1477 2326 dis-

171 2371 294 2429 crimine
324 2370 407 2431 lacile
436 2372 617 2451 intellegitur
645 2372 724 2433 abnd
753 2390 819 2433 esse
848 2379 948 2451 pecto,
977 2369 1055 2430 aliud
1084 2380 1199 2451 spect03
1226 2382 1257 2432 et
1284 2372 1350 2432 ideo
1378 2371 1414 2433 ab
1442 2392 1477 2433 eo

171 2475 249 2554 quod
274 2486 319 2537 est
341 2487 442 2557 pecto,
466 2477 494 2538 id
514 2489 560 2549 est
578 2482 714 2561 pectino,
737 2497 805 2539 cunr
824 2480 1021 2557 compositum
1041 2480 1133 2538 luerit
1152 2478 1289 2560 expecto,
1313 2499 1327 2539 s
1350 2480 1477 2540 litteram

132 2608 159 2646 so
174 2601 233 2642 non
257 2582 357 2664 babet3
381 2584 416 2644 ab
436 2605 471 2644 eo
491 2604 561 2645 vero
580 2586 659 2665 quod
683 2593 729 2645 est
750 2593 865 2665 specto,
889 2584 918 2644 id
942 2592 987 2644 est
1005 2587 1050 2644 rei
1069 2583 1195 2644 alicuius
1213 2585 1383 2664 spectaculo
1402 2596 1479 2666 utor,

173 2709 242 2750 cum
260 2694 458 2770 compositum
478 2695 568 2753 luerit
587 2702 738 2773 exspecto,
757 2713 771 2752 s
790 2692 928 2770 litteram,
946 2692 1025 2750 sieut
1043 2709 1133 2769 supra
1152 2690 1289 2772 diximus,
1310 2694 1478 2752 necessario

172 2798 289 2857 retinet.
332 2799 403 2858 item
432 2818 555 2859 exscreo
583 2819 651 2861 curn
680 2820 695 2859 s
724 2816 842 2860 screare
870 2798 1028 2878 significat,
1056 2799 1119 2857 sine
1148 2816 1162 2856 s
1190 2816 1301 2859 creare.
1343 2797 1478 2859 exsilium

203 2940 382 2947 ..ᾑ-

263 3020 292 3068 11
319 3015 434 3069 Tamtus
459 3016 571 3070 Cbrnal.
590 3022 656 3083 152,
675 3022 693 3071 3
784 3021 816 3068 14
841 3014 1038 3082 Quaecumque
1058 3013 1443 3084 rerbaPopirian.159,14

173 3098 206 3145 ‘22
225 3093 354 3148 exsilium
375 3096 486 3154 Gorual.
506 3104 572 3165 152,
591 3104 609 3152 6

175 3232 314 3239 ξ...

245 3307 259 3353 1
279 3300 394 3369 aliquan
410 3307 438 3357 et
452 3303 526 3358 unde
541 3303 565 3357 C
617 3317 650 3355 ex
665 3299 736 3355 alico
751 3300 813 3354 loco
826 3299 878 3353 AO
936 3318 955 3353 ιι
969 3315 1024 3354 non
1038 3317 1067 3351 m
1081 3298 1136 3354 erit
1149 3314 1223 3367 quon
1236 3300 1310 3353 unde
1325 3299 1366 3354 ita
1381 3299 1477 3356 scribi·

171 3379 217 3431 tur
230 3379 258 3431 Β
273 3397 290 3433 n
306 3398 334 3433 m
349 3383 433 3453 eritq
449 3383 522 3438 unde
536 3382 577 3436 ita
591 3379 721 3435 scribitur
735 3379 761 3432 A
780 3385 838 3433 nm
853 3379 907 3434 erit
926 3379 994 3448 qnia
1007 3379 1081 3434 unde
1098 3396 1147 3449 per
1160 3397 1179 3432 n
1194 3378 1363 3434 scribitan
1414 3384 1480 3436 aei

172 3456 297 3526 aliquobi
312 3477 400 3530 aeque
415 3463 510 3532 aliquo
525 3461 583 3514 AG
594 3463 624 3514 et
637 3457 763 3526 aliquobi
777 3475 810 3513 ex
824 3459 920 3529 aliquo
934 3460 963 3515 B
1016 3466 1033 3514 3
1049 3462 1161 3514 constat
1173 3461 1200 3513 A
1256 3465 1273 3512 4
1291 3459 1434 3515 debebunt
1450 3460 1479 3514 Β

172 3536 276 3592 debent
289 3540 316 3593 A
330 3541 452 3597 debelti
503 3547 589 3594 bnon
604 3554 747 3606 nunqnam
760 3539 788 3592 B
802 3554 955 3608 numquam
969 3539 1027 3593 An
1075 3540 1137 3593 out
1151 3555 1201 3594 om.
1215 3538 1269 3594 ΒΟ
1316 3538 1437 3608 redduco
1451 3540 1479 3593 Β

172 3616 275 3673 reduco
290 3620 348 3674 AG
400 3623 494 3677 recido
508 3621 601 3675 ABG
653 3617 768 3673 iretnli
782 3620 857 3689 pello
872 3620 977 3690 repello
991 3620 1082 3674 ABG
1134 3619 1170 3673 do
1184 3636 1233 3674 om.
1249 3620 1277 3672 Β
1330 3620 1437 3691 rellego
1453 3622 1479 3674 B

173 3698 268 3768 relego
287 3700 346 3754 AC
414 3703 559 3772 relliquias
573 3702 602 3755 ei
615 3699 789 3769 relligionem
804 3702 831 3754 A
845 3701 979 3770 reliquias
993 3702 1023 3755 et
1035 3698 1199 3769 religionem
1215 3698 1384 3768 Oreliquins
1397 3704 1478 3769 (corr.

173 3780 316 3849 relliquias
331 3783 357 3850 b)
372 3782 458 3837 etiam
472 3782 637 3853 religionem
652 3780 680 3833 Β
739 3781 846 3849 8qnod
860 3782 936 3852 apud
949 3782 977 3835 B
996 3796 1069 3851 quae
1083 3781 1153 3848 aput
1166 3777 1220 3832 AG
1274 3788 1419 3855 concesse?
1437 3781 1480 3836 ila

173 3860 298 3915 etsiAO
345 3859 698 3928 edoceretheceretO,
712 3863 800 3915 omri
853 3869 886 3917 10
899 3879 971 3933 qnae
981 3862 1010 3930 0,
1024 3878 1092 3916 corr.
1103 3860 1153 3929 qni
1162 3860 1198 3929 B,
1213 3861 1310 3929 qnaA
1363 3867 1393 3916 11
1405 3862 1478 3917 Tau·

173 3944 218 3995 tus
233 3944 262 3995 et
276 3946 397 4011 quantus
411 3944 439 3997 in
451 3942 542 3997 medio
554 3961 582 3996 m
596 3942 700 3997 habere
714 3940 819 3996 debent
831 3946 956 4010 quamsi
968 3940 1111 3998 tamnnde
1126 3939 1267 4010 quantitas
1282 3943 1403 4009 quantus
1416 3945 1479 3997 tan-

172 4022 218 4074 tns
239 4036 291 4074 nec
314 4023 450 4090 quosdam
473 4027 588 4079 moneat
609 4024 636 4077 Β
668 4022 774 4077 Tantus
797 4024 827 4076 et
849 4025 969 4090 quantus
992 4025 1068 4077 tatus
1090 4036 1142 4076 nec
1166 4021 1299 4089 quosdam
1322 4025 1435 4077 moueat
1458 4022 1482 4076 0

173 4100 280 4156 Tantus
299 4104 328 4155 et
346 4106 448 4171 qualus
467 4120 518 4172 per
536 4121 564 4157 m
582 4119 601 4157 a
617 4104 678 4157 tam
696 4103 726 4156 et
749 4114 832 4171 quam
851 4119 903 4157 neo
921 4103 1057 4173 quosdam
1076 4104 1190 4158 moneat
1207 4102 1243 4156 A.
1268 4103 1479 4157 mendatiorum

172 4181 357 4249 praebuerunt
380 4189 505 4251 excerpto
529 4183 646 4238 Cornua
737 4188 769 4236 12
792 4181 823 4252 n]
847 4198 903 4237 non
925 4187 1040 4252 atroque
1062 4183 1120 4237 loco
1142 4183 1169 4236 A
1260 4188 1293 4236 la
1316 4182 1428 4237 tametsi
1451 4182 1479 4234 B

173 4264 232 4315 tar'ri
255 4259 313 4315 AC
419 4269 451 4317 15
475 4262 572 4317 littera
590 4264 739 4318 eandems
764 4261 866 4316 habore
886 4261 1030 4317 debebunt
1045 4263 1073 4316 Β
1094 4261 1220 4317 litteram
1240 4262 1357 4316 eandem
1375 4262 1478 4316 babere

173 4348 241 4414 debs
259 4360 286 4413 A
305 4358 401 4414 littera
419 4359 536 4414 eandem
554 4359 657 4414 habere
676 4358 760 4414 debet
779 4359 803 4413 0
873 4367 906 4415 16
925 4360 1009 4416 axilio
1028 4362 1124 4430 specto
1143 4361 1259 4429 expecto
1278 4358 1338 4412 AB
1392 4374 1478 4412 snon

173 4437 290 4511 babent]
311 4439 408 4495 sinon
427 4440 534 4494 habent
553 4438 576 4493 O
638 4445 671 4494 l'l
690 4439 767 4508 qnod
784 4438 942 4494 discrimina
962 4439 990 4493 B
1062 4444 1095 4493 18
1114 4437 1190 4493 aliud
1208 4437 1318 4508 specio]
1337 4437 1414 4492 aliud
1432 4456 1478 4493 ex·

173 4520 269 4587 specto
286 4519 314 4572 A
370 4524 402 4573 19
422 4536 485 4574 cum
499 4534 549 4572 om.
569 4519 628 4574 AG
679 4519 808 4590 expecto]
828 4519 998 4594 exspectoQ
1049 4526 1084 4574 20
1102 4537 1158 4574 non
1177 4519 1307 4572 habet-
1322 4523 1355 4571 21
1375 4517 1478 4573 alitte-

174 4613 234 4652 ram
248 4614 298 4652 om.
313 4597 372 4653 AO
423 4615 477 4654 non
492 4587 598 4654 babent
611 4600 639 4654 B
693 4606 725 4654 21
742 4599 885 4671 exspecto]
899 4599 1055 4671 expecioB
1108 4604 1143 4652 uu
1161 4597 1276 4669 retinet]
1290 4614 1346 4653 non
1359 4600 1438 4654 tenet
1451 4600 1478 4653 A

210 4694 325 4732 exscreo
339 4695 402 4732 cum
418 4698 430 4732 s
446 4695 553 4733 screare
572 4680 605 4733 fit
622 4680 646 4734 si
661 4679 721 4735 sine
735 4698 748 4734 s
763 4695 856 4734 creare
870 4679 898 4733 B
916 4695 1029 4735 exscreo
1047 4695 1110 4732 cum
1124 4695 1137 4732 s
1152 4693 1245 4731 creare
1263 4678 1326 4732 liin
1346 4677 1432 4733 sines
1450 4679 1478 4733 A

123 4756 130 4765 “
174 4773 285 4812 exsecro
304 4774 366 4811 curn
382 4777 395 4811 s
410 4775 516 4812 screare
535 4759 568 4812 fit
584 4759 624 4813 sic
643 4776 708 4814 sene
727 4779 740 4815 s
759 4776 854 4816 creare
873 4759 898 4816 G
913 4775 1024 4814 exscreo
1044 4776 1135 4815 cums
1152 4775 1170 4813 a
1187 4773 1296 4814 screare
1314 4759 1358 4829 tu,
1378 4758 1401 4813 si
1419 4758 1479 4815 sine

175 4856 201 4905 s,
220 4852 238 4890 a
256 4852 350 4890 creare
370 4836 467 4890 Carrio
539 4839 651 4894 exilium
671 4840 699 4894 B
