3316 5474
607 364 676 418 ARS
695 361 940 418 uuauuurlcu

125 463 278 511 numm

347 567 425 609 cum
450 550 563 630 venit,
586 547 723 610 aulaeis
745 551 812 610 iam
836 567 872 609 se
896 551 1020 627 regina
1043 548 1211 629 superbis

347 673 454 715 aurea
478 658 682 736 composuit
705 655 854 737 sponda,

127 761 155 822 id
180 771 225 822 cst
249 757 325 841 ‘ipso
350 769 482 842 tompore
507 781 565 841 quo
590 765 669 824 venit
692 783 724 824 se
748 765 850 842 regina
873 759 1065 846 composuit'3
1096 773 1126 825 et
1152 764 1229 845 apud
1253 764 1426 824 Ciceronem

127 863 284 929 ‘tantum
312 869 466 950 profeci,
494 889 572 930 cum
595 879 629 931 te
657 869 850 932 consulatu
874 866 1043 953 reppuli',
1071 871 1099 932 id
1124 879 1170 932 est
1194 865 1269 950 ‘ipso
1294 877 1426 948 tempore

87 991 100 1029 s
128 993 186 1054 quo
210 973 326 1055 reppuli
349 970 483 1056 profeci'.
531 978 573 1037 sic
598 996 716 1057 quoque
740 987 771 1038 et
794 978 1111 1057 futuro.ooniungitur
1134 979 1329 1057 finitivorum,
1350 983 1384 1036 ut

299 1100 376 1143 cum
400 1082 501 1143 dabit
522 1084 708 1165 amplexus
730 1095 836 1164 atque
861 1083 984 1146 oscula
1008 1083 1129 1145 dulcia
1152 1086 1255 1164 figet,

127 1189 155 1249 id
186 1198 232 1249 cst
260 1185 336 1269 ‘ipso
366 1198 499 1270 tempore
527 1210 586 1270 quo
614 1190 695 1252 dabit
722 1191 874 1271 amplexus
902 1199 932 1252 et
955 1191 1025 1270 figet
1048 1172 1174 1272 oscula',
1204 1193 1247 1252 sie
1271 1199 1301 1252 et
1323 1191 1427 1251 Cicero

127 1292 185 1358 ‘an
209 1316 288 1358 curm
312 1296 405 1358 bello
430 1297 634 1360 vastabitur
656 1299 775 1378 ltalia,
804 1296 1029 1359 vexabuntur
1053 1298 1175 1381 urbes,
1204 1306 1297 1360 tecta
1326 1296 1426 1357 arde·

128 1403 229 1486 bunt,
252 1414 324 1465 tum
349 1414 382 1466 te
407 1425 474 1467 non
498 1401 721 1468 existimasl'
749 1408 895 1486 significat
918 1408 995 1467 enim
1020 1409 1140 1488 seipso
1164 1415 1296 1486 tempore
1320 1404 1428 1465 invidia

91 1525 115 1564 ¹0
129 1511 393 1593 conflagraturum,
421 1532 479 1592 quo
504 1514 666 1576 vastabitur
688 1515 784 1597 ltalia,
812 1513 996 1575 vexabuntur
1020 1513 1123 1596 urbes,
1152 1522 1227 1574 tecta
1251 1510 1427 1572 ardebunt.

128 1618 183 1679 hoc
206 1627 291 1699 pacto
316 1622 449 1699 iungitur
471 1622 604 1702 finitivi83
627 1621 825 1683 subiunctivis
847 1630 960 1702 autem,
987 1638 1056 1681 cum
1084 1630 1152 1701 post
1180 1621 1289 1680 factum
1317 1616 1427 1696 aliquid

128 1728 286 1808 siguificat,
318 1735 351 1787 ut
383 1727 459 1807 apud
488 1727 662 1789 Ciceronem
695 1724 787 1790 ‘cum
820 1727 883 1789 ille
914 1728 1017 1789 lromo
1049 1727 1314 1788 audacissimus
1345 1741 1427 1784 con·

128 1835 283 1894 seientia
318 1837 507 1896 convictus
540 1836 768 1915 reticuisset,
806 1828 989 1916 patefeei'.
1045 1853 1113 1895 nam
1144 1834 1273 1913 primurn
1305 1831 1428 1891 Catilina

84 1967 92 1985 ·
128 1941 232 2019 tacuit,
256 1948 287 2000 et
310 1949 381 2001 tunc
404 1941 508 2001 Cicero
532 1943 679 2021 patefecit

89 2061 114 2100 ιο
217 2047 248 2106 Si
281 2047 367 2108 modo
404 2049 537 2129 finitivis,
573 2049 660 2110 modo
696 2049 891 2112 subiunctivis
919 2051 1065 2128 iungitur:
1101 2050 1221 2126 finitivis
1248 2046 1304 2107 hoo
1332 2044 1429 2126 modo,

128 2155 267 2233 quotiens
291 2173 339 2214 res
363 2155 658 2239 factasignillcatur,
690 2165 723 2218 ut
745 2157 822 2237 apud
847 2157 1021 2218 Ciceronem
1046 2152 1091 2218 ‘si
1115 2138 1375 2232 inlustrantur,
1399 2153 1429 2212 si

128 2270 322 2341 erumpunt
353 2256 493 2323 omnia'.
538 2281 594 2324 neo
617 2266 696 2324 enim
720 2265 726 2338 Ι
751 2263 880 2345 dubitat,
909 2265 935 2324 si
958 2261 1170 2343 inlustrentur,
1197 2259 1264 2339 sed,
1294 2260 1362 2338 quia
1385 2259 1428 2318 in·

128 2367 306 2444 lustrantur,
334 2369 439 2430 suadet
467 2378 500 2431 ut
524 2369 647 2432 Catilina
670 2379 765 2432 mutet
792 2380 929 2432 mentem.
975 2372 1047 2432 item
1070 2370 1229 2431 Terentius
1257 2369 1287 2427 iu
1315 2364 1428 2445 Hecyra

164 2475 228 2535 hoc
252 2476 337 2537 milri
362 2496 466 2537 unum
491 2497 507 2537 e
531 2476 698 2569 plurimis
722 2479 881 2539 miseriis
904 2478 1084 2557 reliquum
1108 2478 1228 2538 fuerat
1251 2471 1392 2554 malum,

88 2597 115 2636 2⁰
164 2586 194 2644 si
216 2603 365 2664 puerum
389 2593 427 2645 ut
450 2584 571 2666 tollam
595 2589 699 2665 cogit.

128 2693 171 2751 sic
194 2710 312 2771 quoque
337 2700 368 2752 et
391 2693 524 2772 perfecto
547 2694 693 2772 iungitur,
716 2702 750 2755 ut
773 2693 849 2773 apud
873 2692 1026 2771 Virgilium

301 2801 332 2859 si
355 2801 475 2879 potuit
498 2817 617 2860 manes
640 2819 831 2861 arcessere
855 2801 1023 2879 coniugis
1047 2798 1226 2878 Orpheus:

128 2905 254 2966 affirmat
272 2908 350 2966 enirn
374 2908 521 2987 potuisse:
546 2909 617 2968 item
635 2906 712 2987 apud
732 2907 906 2968 Ciceronem
931 2902 1055 2986 ‘quidl
1078 2908 1108 2966 si
1131 2906 1231 2983 haec,
1254 2921 1322 2964 non
1346 2902 1428 2963 dico

129 3014 260 3072 maiora
293 3013 442 3073 fuerunt
474 3013 509 3072 iu
543 3011 669 3073 Clodio
702 3031 803 3092 quam
840 3015 874 3073 iu
907 3008 1055 3075 llilone'
1088 3061 1094 3073 .
1127 3011 1322 3073 subiunctivis
1359 3027 1429 3069 vero

88 3120 275 3202 uiungiun,
298 3121 435 3199 quotiens
460 3118 669 3180 condicionalis
697 3129 727 3181 et
755 3123 889 3181 incertus
921 3130 967 3182 est
999 3139 1110 3191 sermo,
1145 3117 1224 3180 velut
1256 3119 1281 3178 si
1316 3110 1429 3197 faciam,

129 3228 153 3286 si
187 3226 318 3286 facerem>
347 3274 353 3285 .
387 3228 439 3304 qni
471 3227 550 3284 euim
587 3227 630 3286 sic
661 3225 807 3307 loquitur,
845 3224 917 3287 nihil
949 3228 1059 3289 factum
1095 3228 1215 3288 interim
1251 3223 1381 3286 declarat
1422 3271 1428 3284 .

128 3333 179 3393 sed
203 3332 362 3392 Terentius
385 3332 460 3392 lranc
480 3331 611 3410 regulam
630 3352 689 3394 nou
709 3344 756 3394 est
773 3342 908 3395 secutus:
931 3352 999 3393 nam
1018 3333 1054 3395 de
1074 3331 1269 3395 condicionali
1289 3349 1426 3392 sermone

128 3440 239 3499 finitivo
269 3438 358 3499 verbo
387 3458 459 3500 usus
487 3447 545 3519 est,
576 3448 609 3500 ut
635 3443 666 3501 in
695 3440 809 3522 Hecyra
838 3437 884 3503 ‘si
912 3443 1039 3524 facies,
1067 3442 1257 3521 reprimam
1290 3457 1355 3520 me,
1387 3456 1429 3498 ne

129 3564 234 3625 aegre
262 3548 453 3625 quicquam
482 3541 637 3608 audias:'
664 3565 718 3628 pro
747 3549 827 3609 enim
846 3537 886 3609 ‘si
909 3543 1028 3610 feceris'
1056 3543 1092 3608 ‘si
1116 3540 1218 3607 facies'
1242 3546 1328 3607 dixit:
1351 3545 1429 3606 idem

89 3656 159 3713 aoin
184 3652 286 3713 eadem
310 3648 418 3731 ‘quod
441 3657 474 3713 εἰ
495 3654 666 3736 perficio,
689 3674 758 3717 uon
781 3658 942 3735 paenitet
965 3668 1017 3716 me
1042 3649 1168 3716 famae'
1192 3661 1222 3714 et

219 3790 309 3844 Codex
328 3789 525 3858 Sonpollerrare.
571 3792 769 3846 tconsulatur
791 3792 901 3862 reppuli
983 3799 999 3848 t
1022 3795 1055 3847 nt
1076 3808 1127 3847 om.
1209 3789 1283 3846 laic
1299 3790 1343 3862 et]
1362 3789 1430 3845 licet

129 3887 192 3925 cnm
265 3868 443 3924 texistimat
517 3876 549 3924 to
567 3872 698 3927 uastabat
770 3873 942 3928 uexabantur
955 3888 1025 3929 corr.
1038 3873 1181 3928 —buntnr
1255 3878 1284 3924 11
1301 3889 1365 3926 eum
1378 3886 1429 3926 om.

166 3957 199 4004 13
219 3949 348 4004 conuictu
429 3952 548 4020 primum
573 3950 704 4021 patillina
785 3958 817 4007 16
837 3952 861 4007 si
885 3953 1045 4024 erumpunt]
1072 3953 1253 4021 scemmpuot
1337 3957 1370 4005 11
1390 3951 1430 4004 in·

130 4029 294 4100 lustrentur]
320 4028 503 4085 inlustrantur
530 4048 599 4086 corr.
626 4032 810 4086 inlnntmntur
890 4037 925 4086 18
947 4031 1097 4087 terrentius
1123 4031 1153 4085 in
1180 4047 1263 4100 coyro
1285 4031 1339 4085 hoe
1362 4029 1431 4085 mihi

129 4128 214 4165 unum
234 4129 249 4164 e
267 4109 394 4180 plurimis
413 4114 442 4163 et
460 4110 587 4179 plurimis
606 4110 724 4166 miseriis
801 4117 833 4165 11
855 4114 884 4167 et
900 4111 1038 4225 paerfecto]
1058 4111 1211 4181 inperfecto
1283 4116 1318 4164 11
1337 4107 1429 4167 cludio

164 4242 199 4290 15
227 4233 424 4289 conditionalis
505 4240 538 4288 11
563 4233 748 4291 conditionali
825 4242 860 4289 18
879 4237 912 4291 ut
933 4237 1003 4290 haec
1021 4252 1086 4305 cyra
1165 4241 1200 4289 19
1218 4233 1315 4288 codiee
1395 4238 1430 4286 30

129 4317 203 4386 qnod
223 4314 335 4386 perficio
353 4313 463 4384 penitet

220 4449 231 4495 1
253 4459 316 4495 enm
335 4440 424 4500 reniti
449 4440 525 4510 Verp.
546 4441 615 4494 nen.
636 4442 657 4494 I
674 4446 730 4496 697
801 4444 949 4496 ttontum
968 4440 1084 4511 profeci]
1104 4440 1159 4496 cic.
1179 4441 1211 4494 in
1225 4437 1306 4493 Cutil.
1317 4437 1338 4489 I
1345 4440 1430 4502 1027

166 4529 264 4577 ticum
283 4520 373 4590 debit]
404 4519 481 4589 Verp.
505 4520 574 4574 Aen.
595 4520 616 4573 1
633 4525 690 4576 687
781 4519 855 4577 tric
883 4523 912 4577 et
939 4520 1034 4576 Cicero
1058 4521 1203 4576 manuue
1226 4523 1251 4572 et
1273 4517 1430 4572 Diomedes:

130 4603 186 4657 Cic.
205 4603 236 4655 fu
256 4601 337 4656 Catil.
358 4601 439 4666 111,
457 4606 495 4656 29
570 4606 602 4654 11
622 4617 685 4654 oum
703 4600 764 4672 ille]
782 4601 1115 4666 cic.tncattt.116‚13
1189 4606 1221 4654 16
1241 4597 1430 4653 aiinlustran·

128 4683 186 4754 tur]
207 4683 263 4737 Cic.
281 4682 313 4735 in
333 4681 413 4736 Catil.
434 4682 455 4733 I
472 4685 518 4746 3,6
592 4685 624 4735 19
639 4681 692 4735 hoe
706 4680 787 4753 mihi]
804 4681 909 4737 Terent.
924 4682 991 4737 Hcc.
1008 4682 1091 4735 IIII
1103 4685 1166 4746 1,55
1238 4684 1272 4733 11
1287 4676 1428 4749 sipotuit]

135 4761 212 4832 Verp.
233 4764 301 4816 Aen.
326 4759 441 4815 111119
520 4766 555 4814 13
579 4759 656 4830 quid]
685 4760 741 4816 Cic.
764 4778 819 4831 pro
839 4763 905 4818 Mil.
923 4768 1004 4832 13,35
1085 4767 1120 4816 18
1147 4760 1172 4816 ai
1199 4759 1297 4829 fomes]
1326 4759 1430 4815 Yam.

129 4841 196 4898 Hoc.
222 4842 247 4894 V
263 4845 326 4907 1,3u
398 4846 432 4894 30
452 4840 583 4914 quodsi]
604 4840 708 4898 Terent.
728 4840 795 4896 Hoc.
820 4841 845 4896 l'
860 4848 908 4910 279
