3316 5474
735 342 927 397 exuendus
1411 341 1470 407 32]

171 460 192 496 p.
207 446 219 484 a
236 445 265 482 rr.

172 525 330 608 quaeest?
354 527 435 598 erae
451 531 564 589 animos
582 528 736 589 hominum
757 546 922 608 sensusque
938 528 1062 608 quadam
1078 531 1177 608 specie
1193 531 1324 589 veritatis
1341 524 1344 611 l
1361 528 1477 608 inludit,

174 635 263 696 veluti
292 644 338 696 est
366 638 513 715 pictorum
542 645 571 697 et
598 639 856 716 praestigiatorum
886 685 892 696 .
924 636 1005 708 Quae
1030 645 1075 697 est
1099 632 1356 716 ματαιοτεχνίαὶ)
1395 634 1476 706 Quae

173 743 310 804 difficiles
346 743 466 822 quidem
504 763 567 824 res,
609 762 667 804 non
707 751 806 804 turnen
845 764 900 805 usu
941 746 1124 805 necessarias
1158 745 1243 822 lacit,
1280 741 1369 802 velrrti
1407 750 1476 802 sumt

173 849 434 930 sphaeropaectae,
460 849 622 912 funambuli
645 861 803 930 ceteraque
829 850 916 912 ludus
940 851 1027 912 modi.

635 1079 693 1144 DE
719 1079 1015 1146 GRAMMATICA

148 1223 151 1227 ’
262 1229 457 1287 Grammatico
481 1227 551 1305 quid
576 1224 643 1288 est?
676 1227 804 1288 Seieutia
829 1228 1044 1308 interpretandi
1072 1236 1174 1307 poetas
1202 1235 1290 1307 atque
1319 1227 1477 1287 historicos
1499 1247 1556 1296 rear

174 1346 203 1395 et
231 1344 312 1395 recte
341 1333 490 1394 scribendi
519 1332 718 1414 loquendique
751 1337 841 1415 ratio,
876 1325 940 1395 ἀπὸ
974 1332 1042 1396 τῶν
1075 1326 1294 1415 γραμμάτων,
1327 1333 1356 1393 id
1389 1343 1435 1394 est
1462 1353 1477 1393 a

174 1441 294 1521 litteris,
322 1443 371 1502 cui
395 1459 501 1501 nomen
526 1440 648 1501 latinum
674 1460 689 1500 o
713 1441 890 1521 quibusdam
915 1441 1080 1502 litteratura
1109 1440 1153 1499 rel
1183 1440 1348 1501 litteralitas
1377 1441 1477 1501 datum

174 1558 226 1609 est.
282 1547 363 1608 Vnde
400 1550 532 1627 incipere
565 1548 653 1608 debet
686 1545 898 1627 grammatica?
948 1549 1072 1619 Quidam
1108 1547 1322 1626 [grammatica]
1359 1566 1373 1607 a
1407 1566 1477 1607 rore

135 1677 160 1713 ιο
175 1665 352 1737 coeperunt,
376 1655 424 1715 alii
448 1674 463 1715 a
488 1655 608 1736 litteris,
637 1655 724 1715 aliia
749 1653 880 1736 syllabis,
904 1654 956 1716 atii
981 1674 996 1714 a
1021 1653 1152 1735 casibus,
1181 1673 1273 1715 noso
1298 1654 1477 1714 definitione.

179 1766 238 1837 Orci
259 1773 357 1824 tumen
382 1773 545 1839 coqrerunt
568 1766 693 1823 niellus?
725 1763 829 1837 Vtique
852 1766 942 1837 quio
963 1765 1138 1835 definitione
1157 1761 1201 1822 rel
1221 1780 1236 1820 a
1256 1761 1364 1822 litteris
1384 1809 1390 1821 .
1410 1779 1478 1820 nam

175 1890 228 1931 vox
253 1869 394 1931 naturalis
417 1879 463 1930 est
486 1878 517 1930 et
540 1870 603 1929 sine
627 1870 818 1947 grammatica
837 1871 1003 1928 communis
1022 1886 1090 1929 eum
1114 1871 1260 1949 imperitis
1284 1916 1289 1928 .
1314 1868 1355 1928 illi
1379 1875 1476 1927 autem

175 1981 225 2057 qui
248 1996 264 2038 a
288 1977 395 2038 litteris
419 1985 583 2057 coeperunt
606 1975 660 2036 hac
685 1976 820 2036 videlicet
840 1978 887 2036 usi
911 1984 980 2036 sunt
1004 1978 1134 2056 ratione,
1162 1975 1241 2055 quod
1270 1976 1477 2055 grammaticae

174 2086 246 2144 artis
269 2085 351 2143 initia
376 2101 392 2142 a
415 2103 486 2144 voce
510 2086 658 2165 oriantur,
682 2103 757 2163 quae
781 2083 936 2144 elementis
955 2092 1070 2145 constat
1090 2133 1096 2143 .
1116 2083 1302 2143 Elementum
1322 2082 1391 2161 quid
1412 2078 1479 2143 est?

136 2209 160 2247 15
175 2190 266 2251 Vnius
299 2193 443 2270 cuiusque
476 2194 520 2251 rei
553 2194 684 2273 initium,
721 2212 736 2251 a
769 2210 828 2271 quo
861 2194 990 2252 sumitur
1022 2195 1239 2252 incrementum
1273 2199 1303 2250 et
1335 2192 1366 2250 in
1400 2187 1477 2268 quod

176 2298 333 2360 resolvitur
357 2346 364 2358 .
388 2301 574 2381 vosigitur,
602 2306 636 2359 ut
658 2297 800 2378 diximus,
827 2297 936 2358 litteris
960 2300 1079 2379 nititur,
1107 2296 1223 2360 litterae
1252 2294 1371 2378 syllabis
1400 2296 1478 2357 clau·

175 2405 300 2486 duntur,
333 2404 458 2485 syllabae
483 2409 513 2466 in
537 2405 697 2467 dictionem
721 2407 915 2486 conveniunt,
944 2403 1034 2465 dictio
1062 2407 1225 2466 orationem
1254 2414 1355 2486 auget,
1384 2405 1478 2464 oratio

248 2664 259 2711 1
281 2659 416 2729 quadam]
436 2658 574 2727 quaedam
592 2659 620 2711 B
639 2658 760 2726 quodam
781 2658 818 2710 M
889 2663 904 2709 ‘t
925 2657 1013 2712 ueluti
1036 2661 1079 2712 est
1102 2659 1239 2728 pictorum
1263 2661 1292 2713 et
1315 2655 1478 2726 praestigia·

175 2741 265 2792 torum
285 2755 373 2808 genus
398 2739 424 2792 V
492 2741 521 2792 et
540 2756 589 2793 om.
609 2737 682 2790 ΒΜ
753 2737 934 2806 mattotiguia
948 2737 975 2790 Β
994 2737 1191 2807 mateodegnia
1207 2737 1243 2790 M
1315 2733 1478 2805 liquidem]

175 2816 295 2884 quedem
316 2819 353 2871 Μ
414 2837 470 2874 non
488 2822 584 2873 tamen
599 2816 662 2872 usui
676 2816 847 2872 necessarias
871 2817 897 2870 V
958 2818 1052 2870 tamen
1071 2832 1120 2871 oen.
1140 2816 1209 2869 ΒΜ
1268 2817 1478 2884 isperespecte

174 2895 201 2949 Β
229 2900 373 2966 sperpeete
403 2899 440 2951 M
512 2897 653 2966 ceterique
686 2897 712 2949 V
781 2897 869 2968 modi]
899 2896 996 2950 mundi
1025 2896 1062 2949 M
1133 2903 1148 2951 6
1172 2894 1390 2951 Grammaticem
1415 2895 1442 2949 Β

211 2983 225 3031 'l
249 2980 326 3033 recta
351 2978 490 3034 scribendi
514 2976 644 3047 loquendi
671 2977 708 3029 M
729 2979 804 3032 recte
827 2976 972 3047 (loquendi
996 2977 1058 3031 add.
1084 2977 1115 3030 in
1141 2993 1226 3045 rrearq.
1255 2993 1340 3029 uranu
1368 2976 1478 3043 recente)

175 3056 367 3126 scribendique
385 3060 412 3111 B
485 3059 569 3126 apoto
588 3057 781 3126 grammatone
800 3057 828 3111 id
847 3056 944 3112 estad
964 3056 1066 3112 litteris
1084 3057 1112 3109 Β
1130 3057 1360 3125 apostors'amaton
1383 3054 1412 3108 id
1436 3057 1479 3108 est

175 3153 193 3190 a
210 3137 312 3191 litteris
328 3139 364 3191 M
413 3143 429 3190 8
444 3156 461 3191 a
476 3136 642 3206 quibusdam
662 3134 838 3192 litteraturae
856 3137 902 3191 uel
921 3135 1096 3190 litteralitate
1115 3136 1212 3190 datum
1232 3136 1275 3189 est
1293 3135 1320 3187 B
1339 3151 1357 3188 a
1375 3133 1476 3203 quibus

175 3216 271 3271 littera
299 3217 344 3271 uel
372 3221 448 3272 tures
478 3214 639 3271 litteraliter
662 3217 723 3282 (om.
738 3215 840 3271 'datum
865 3219 919 3285 est)
940 3217 983 3271 M.
1009 3215 1197 3269 litteraturam
1216 3215 1256 3268 vel
1276 3215 1477 3269 litterationem

174 3300 381 3366 yraeumuticam
399 3304 485 3352 ortem
507 3298 609 3352 dictum
632 3312 686 3350 ease
710 3296 833 3352 Varrone
855 3302 964 3351 nemore
988 3297 1103 3351 tradunt
1123 3298 1238 3351 Marius
1267 3295 1425 3350 Victorinus
1447 3313 1477 3364 p.

175 3382 227 3444 M
253 3380 428 3448 Anqustinus
450 3379 483 3433 de
506 3378 564 3434 ord.
589 3378 631 3430 II
653 3381 747 3444 12,35
770 3393 824 3446 sqq,
849 3377 978 3431 Isidorus
1002 3377 1023 3430 I
1045 3378 1294 3444 3,1:cs.·1)c'0m.
1318 3394 1348 3445 p.
1368 3380 1479 3442 421,10

180 3459 337 3513 Wilmanns
364 3461 396 3513 de
430 3459 547 3512 Varron.
576 3459 637 3513 libr.
666 3474 778 3527 mamm.
803 3475 834 3526 p.
862 3462 906 3512 99.
936 3461 994 3510 208
1067 3465 1082 3512 9
1112 3457 1226 3526 quidam
1254 3456 1341 3512 etiam
1365 3473 1383 3510 a
1410 3471 1479 3510 voce

177 3541 329 3608 coeperunt
357 3538 388 3606 V,
412 3539 528 3608 quidam
553 3538 730 3607 grammatici
753 3555 770 3592 a
793 3554 860 3592 voce
888 3539 1040 3606 coeperunt
1066 3539 1167 3605 reunsi
1193 3538 1258 3592 oiim
1333 3542 1365 3590 10
1388 3533 1438 3588 ulii
1461 3552 1479 3590 a

176 3619 285 3674 casibus
306 3619 369 3672 BV
393 3620 438 3673 uei
461 3636 479 3673 a
502 3619 613 3673 casibus
637 3619 675 3673 M
744 3634 795 3673 uos
818 3635 836 3672 a
859 3615 1025 3671 diffinitione
1054 3619 1082 3686 (a
1104 3616 1300 3672 diffinitionem
1325 3617 1363 3685 B)
1391 3616 1437 3674 uel
1461 3632 1478 3670 a

148 3757 152 3762 ,
175 3699 277 3754 litteris
294 3714 358 3753 nam
377 3715 432 3752 uox
454 3699 526 3752 ΒΜ
544 3719 552 3751 .·
569 3701 694 3768 suppleri
711 3715 744 3754 ea·
770 3698 793 3751 l'
866 3703 898 3750 12
924 3696 982 3752 sine
1005 3698 1190 3768 grammatico
1215 3698 1252 3750 M
1323 3695 1478 3750 cummunis

176 3797 238 3834 cum
257 3777 396 3847 imperitis
414 3778 442 3830 B
461 3779 614 3833 communis
639 3797 701 3834 cum
725 3780 823 3850 peritis
844 3781 880 3834 M
898 3778 1052 3834 communis
1075 3779 1161 3833 etiam
1184 3795 1247 3833 cum
1270 3775 1408 3848 imperitis
1434 3776 1479 3828 V:

175 3861 290 3924 foetosae
308 3859 462 3912 communis
482 3859 568 3914 etiam
591 3858 729 3929 imperitis
803 3867 836 3916 13
862 3860 910 3930 qui
933 3877 951 3914 a
975 3859 1090 3931 litteris]
1114 3874 1170 3928 qua
1193 3858 1295 3913 litteris
1313 3857 1341 3911 B
1412 3857 1477 3928 hac]

175 3940 229 3995 hoe
249 3939 286 3993 M
358 3945 390 3992 14
410 3955 427 3991 a
446 3944 510 3993 ante
527 3956 596 3994 voce
615 3957 664 3995 cen.
682 3942 726 4008 M,
745 3941 809 3997 add.
827 3941 855 3994 Β
928 3939 1109 4010 elementum]
1129 3939 1252 4006 definitio
1271 3939 1404 4005 elementi,
1423 3957 1480 4008 quo

154 4035 253 4088 ‚saepe
275 4034 332 4073 oen
353 4020 494 4072 oceuinato
518 4025 628 4073 erectore
649 4021 695 4074 sai
716 4027 781 4075 sunt
802 4022 990 4091 qrammotici,
1016 4021 1130 4074 Mariua
1154 4020 1312 4074 Victorinus
1332 4036 1360 4088 p.
1380 4023 1410 4086 4,
1429 4024 1478 4084 26,

160 4099 288 4169 =Serqius
306 4100 377 4167 cepi.
393 4101 424 4152 io
438 4100 512 4153 Dos.
524 4117 554 4170 p.
570 4105 626 4155 487
631 4106 680 4165 ,15
686 4143 694 4167 ,
712 4101 859 4155 Dositbeus
875 4106 970 4169 p.12,
989 4100 1095 4155 Probus
1112 4103 1175 4154 istst.
1191 4118 1222 4169 p.
1237 4105 1344 4166 4&,33,
1364 4101 1478 4167 Scauro,

175 4184 207 4232 ut
223 4180 346 4245 uidetur,
363 4180 499 4233 tribuitur
517 4198 536 4233 a
554 4181 685 4234 Diomede
700 4198 729 4250 p.
748 4186 872 4248 421,16,
896 4181 1015 4235 Scaurus
1034 4179 1073 4234 sic
1097 4196 1158 4234 eam
1185 4179 1294 4247 delinit,
1318 4179 1413 4233 littera
1437 4182 1479 4234 est
1528 4190 1532 4199 '

176 4259 252 4314 vocis
272 4259 331 4314 eius
350 4276 421 4327 quae
440 4259 524 4314 scribi
542 4260 636 4329 potest
655 4261 745 4317 forma
763 4305 769 4317 .
789 4262 957 4316 elementum
977 4263 1019 4314 est
1042 4259 1159 4314 minima
1182 4260 1224 4314 vis
1248 4261 1276 4314 et
1300 4259 1477 4314 indivisibilis

176 4340 294 4395 materia
316 4339 392 4393 vocis
416 4340 582 4394 articulatae
606 4341 652 4395 vel
676 4343 757 4397 unius
781 4341 914 4410 cuiusque
937 4339 978 4392 rei
995 4339 1120 4408 initium,
1146 4356 1237 4408 aquo
1256 4339 1374 4394 sumitur
1392 4339 1478 4394 iucre-

61 4411 66 4428 ’
177 4425 302 4475 mentum
321 4422 350 4474 et
368 4418 397 4473 iu
417 4420 493 4487 quod
511 4421 673 4490 resolvitur,
691 4429 716 4478 et
734 4425 766 4477 in
783 4420 1024 4490 &planationibus
1038 4420 1070 4472 in
1083 4418 1225 4472 Donatum
1235 4437 1266 4488 p.
1281 4423 1386 4484 535‚5,
1404 4418 1478 4473 undo

176 4499 294 4555 Scaurus
315 4498 451 4565 unicium,
476 4515 493 4552 a
517 4517 572 4569 quo
596 4503 715 4558 sumitur
736 4499 961 4557 incrementum’.
999 4500 1124 4553 Audacia
1146 4505 1286 4568 exempto,
1310 4499 1478 4555 elementum

176 4611 208 4619 -
227 4580 257 4633 in
277 4579 351 4648 quod
369 4579 531 4648 resolvitur,
551 4598 584 4635 ecc
608 4582 743 4637 Vaticano
761 4582 851 4636 codice
868 4581 954 4635 edidit
969 4581 1069 4636 Maius
1087 4579 1163 4633 eluas.
1184 4584 1255 4633 auct.
1269 4597 1293 4634 o.
1315 4580 1361 4634 VI
1369 4598 1399 4649 p.
1415 4586 1479 4647 553,

175 4678 208 4714 ex
226 4659 362 4713 Bernenai
380 4659 515 4729 Hoqenua
533 4662 626 4717 anecd.
641 4663 720 4717 Hele.
737 4681 767 4732 p.
784 4660 910 4715 XXXV
982 4666 1014 4715 15
1034 4659 1179 4730 cuiusque]
1200 4659 1277 4714 cuius
1297 4661 1335 4713 M
1404 4677 1479 4715 sum-

175 4739 261 4794 mitur
279 4740 481 4794 incrementum
500 4740 576 4794 etin
595 4758 651 4810 quo
670 4741 789 4797 soluitur
806 4742 1008 4796 incrementum
1027 4740 1114 4812 igitur
1135 4741 1171 4794 M
1188 4740 1307 4794 sumitur
1325 4741 1478 4796 incremeu·

176 4825 240 4901 tum¹
255 4820 341 4890 igitur
359 4822 386 4874 B
460 4827 493 4875 16
512 4820 623 4876 uittitur
640 4823 668 4877 Β
742 4829 774 4877 17
793 4821 892 4895 dictio]
913 4821 999 4878 dictio
1018 4837 1084 4877 uero
1105 4821 1141 4875 M
