3316 5474
228 353 295 419 282
758 361 762 376 ⁸
812 354 934 409 BEDAE

229 465 251 502 ι».
264 454 324 495 aroc.
338 456 365 494 aa
378 455 403 494 1².

230 557 283 599 rus
302 557 389 599 omne
404 541 586 601 consortium
602 537 711 600 navalis
726 543 883 620 exercitus,
898 542 1049 620 navigator
1068 542 1131 620 ipse
1151 543 1309 620 primarius
1326 541 1534 621 profectionis,

229 654 317 706 nauta
341 665 410 706 vero
435 649 531 707 omnis
555 648 605 725 qui
634 645 765 707 laborem
794 648 864 709 lacit
887 648 1049 727 navigandi.
1092 649 1173 709 naris
1196 647 1354 708 ablativum
1382 666 1436 726 per
1459 666 1476 707 e
1501 656 1533 709 et

227 769 282 830 per
304 755 315 813 i
338 754 431 814 ellert.

325 859 475 940 Organum
505 863 593 921 unios
630 863 735 921 musici
766 863 887 942 proprie
916 880 1023 922 nomen
1052 870 1110 941 est,
1142 861 1194 922 sed
1227 859 1405 942 generaliter
1432 862 1532 922 omnia

228 968 410 1027 musicorum
442 987 508 1028 vasa
535 985 645 1047 organa
678 976 803 1047 possunt
830 967 906 1029 dici:
938 968 1063 1029 loannes
1091 967 1433 1049 Constantinopolitanus
1467 969 1559 1046 epi-⁵

228 1091 337 1153 scopus
361 1069 412 1135 ‘in
436 1073 608 1135 salicibus
632 1077 666 1134 in
690 1074 805 1136 medio
833 1077 912 1136 eius
937 1074 1196 1153 suspendimus
1220 1092 1352 1153 organa
1381 1068 1532 1154 nostra’‚

228 1178 257 1239 id
288 1189 334 1240 est
364 1180 505 1242 citharam
535 1180 708 1260 psalterium
737 1180 830 1261 lyram
861 1189 891 1242 et
920 1190 1027 1242 cetera.
1070 1184 1244 1260 organarius
1273 1189 1371 1242 autem
1402 1189 1448 1241 est
1472 1182 1531 1258 'qui

228 1286 323 1348 utitur
346 1305 465 1366 organo.

317 1393 431 1474 Obryza
453 1394 577 1475 obryzae
600 1413 709 1473 genere
734 1395 875 1456 feminino
898 1403 929 1456 et
951 1394 1091 1475 obryzum
1116 1394 1216 1474 obryzi
1239 1403 1354 1455 neutro.

317 1500 407 1581 Origo
430 1502 552 1581 originis
575 1504 693 1562 initium
717 1510 776 1583 est,
804 1504 887 1582 origo
911 1503 1042 1581 origonis
1065 1509 1205 1561 neutrum
1229 1507 1275 1560 est
1302 1508 1331 1559 et
1359 1507 1405 1559 est
1432 1497 1530 1560 velum
1546 1517 1574 1554 ro

228 1608 309 1666 navis
333 1616 362 1667 et
385 1606 474 1668 babet
496 1611 526 1668 in
549 1607 656 1688 plurali
679 1627 804 1670 numero
828 1612 958 1689 erigona.

316 1713 442 1776 Obtineo
465 1714 583 1777 laudem
606 1724 636 1776 et
658 1719 785 1796 impetro
809 1735 845 1776 ex
870 1734 929 1777 uno
952 1733 1058 1795 graeco
1082 1717 1161 1796 venit
1185 1706 1400 1794 ἐπιτυγχάνω.

316 1821 448 1901 Obiurgo
471 1824 593 1903 increpo
617 1826 746 1904 corripio
770 1843 806 1884 ex
830 1842 889 1885 urm
912 1842 1018 1903 graeco
1044 1819 1265 1884 transferuntur
1288 1812 1486 1899 ἐπιπλήσσω.

316 1927 427 1989 Omelia
451 1939 671 2011 graecanam,
696 1931 785 1991 latine
809 1948 907 1991 sermo
931 1930 975 1990 vel
999 1929 1187 2008 colloquium.
1288 1967 1295 1976 ι

316 2034 417 2095 Otium
441 2044 471 2095 et
494 2035 643 2098 silentium
668 2057 703 2097 ex
728 2056 786 2098 uno
807 2039 812 2114 Ι
832 2055 938 2117 graeco
962 2039 1055 2118 venit,
1079 2036 1107 2095 id
1131 2044 1177 2096 est
1200 2026 1329 2116 ἡσυχία.
1545 2049 1571 2087 ¹5

317 2140 446 2201 Ordibor
469 2149 499 2201 et
522 2142 621 2202 ordiar
645 2144 745 2225 telam,
768 2153 896 2224 utroque
920 2144 1008 2205 modo
1032 2142 1179 2203 dixerunt.

318 2246 423 2308 Ostrea
447 2249 587 2309 leminino
610 2268 733 2331 genere,
757 2268 816 2310 non
839 2259 972 2311 ostreum
996 2249 1131 2310 neutrali.

316 2353 451 2415 Ocimum
475 2354 659 2416 consuetudo
684 2356 858 2417 neutraliter
881 2356 965 2437 dicit,
989 2356 1040 2416 sed
1064 2355 1206 2415 Aemilius
1229 2355 1327 2415 Macer
1342 2357 1391 2416 uit

386 2464 483 2522 iuter
505 2465 725 2541 praeteritas
748 2462 1001 2525 numerabitur
1023 2465 1161 2524 ocimns
1183 2462 1323 2523 herbas.
1476 2536 1484 2551 ο

315 2567 423 2629 Ordior
450 2569 525 2630 banc
549 2589 611 2631 rem
636 2580 666 2630 et
693 2570 843 2651 ingredior
866 2580 896 2631 et
927 2573 1036 2650 incipio
1060 2589 1096 2630 ex
1119 2587 1179 2630 uno
1202 2587 1308 2649 graeco
1332 2573 1424 2644 venit,
1447 2569 1570 2650 quod20

227 2682 273 2734 est
295 2666 447 2756 ἄρχομαι.

317 2781 400 2843 Onus
423 2786 638 2866 iumentorum,
662 2789 778 2847 sarcina
801 2795 847 2846 est
870 2786 1030 2846 bominum.

317 2888 503 2974 Optumates,
527 2896 577 2971 qui
601 2911 706 2972 graece
726 2893 866 2953 dicuutur
884 2893 1142 2975 πρωτοπολϊται,
1164 2891 1320 2971 pluraliter
1344 2890 1438 2951 solum
1460 2910 1527 2971 pro·

227 2993 372 3056 seruntur.

316 3102 432 3167 Oblitus
456 3111 563 3186 nostri,
586 3126 645 3168 non
669 3127 737 3189 nos,
761 3117 877 3168 veteres
900 3116 997 3169 tamen
1021 3115 1052 3167 et
1075 3105 1131 3166 hoc
1155 3104 1241 3165 modo
1264 3105 1411 3165 dixerunt.
1542 3115 1568 3154 ²⁵

203 3246 208 3256 ·
316 3210 398 3273 Olina
422 3213 510 3275 arbor
533 3223 593 3297 est,
617 3215 681 3275 olea
705 3216 796 3297 setus,
820 3215 918 3276 oleum
941 3215 1047 3294 liquor.

316 3319 371 3380 Odi
395 3319 483 3382 odisti
506 3320 569 3382 odit
591 3322 707 3382 odimus
731 3322 835 3383 odistis
858 3321 987 3382 oderunt
1010 3331 1040 3382 et
1063 3323 1212 3400 praesenti
1237 3328 1370 3398 tempore
1391 3328 1418 3378 et
1443 3336 1526 3398 prae·

227 3427 314 3485 terito
338 3427 471 3505 perlecto
495 3431 538 3488 sic
561 3429 736 3490 declinatur.
774 3430 839 3490 ideo
863 3429 1041 3490 defectivum
1065 3428 1184 3490 dicitur.

315 3533 403 3594 Petra
427 3542 457 3594 et
479 3553 618 3614 graecum
642 3544 673 3595 et
698 3534 822 3595 latinum
850 3553 956 3595 nomen
985 3544 1031 3595 est
1058 3553 1151 3595 unum
1178 3536 1316 3614 idemque
1343 3539 1374 3596 in
1403 3545 1527 3615 utraque

226 3635 325 3717 lingua
349 3641 529 3722 significans,
554 3641 632 3702 unde
656 3653 686 3701 et
704 3640 786 3701 Petri
816 3641 940 3719 apostoli
963 3658 1070 3702 nomen
1090 3643 1119 3701 in
1139 3649 1266 3720 utraque
1284 3642 1382 3721 lingua
1402 3643 1526 3703 eandem
1540 3645 1567 3684 ³⁰

226 3745 351 3804 invictae
375 3745 443 3805 fidei
466 3749 690 3826 significantiam
713 3765 730 3805 a
752 3755 835 3826 petra
860 3746 1020 3807 derivatam
1041 3750 1182 3809 continet.
1218 3748 1313 3827 platea
1337 3749 1473 3810 similiter
1496 3752 1526 3810 in

227 3859 352 3928 utraque
375 3850 475 3930 lingua
498 3872 592 3914 uuum
615 3854 751 3932 idemque
775 3853 935 3936 significat3
962 3853 1013 3914 sed
1038 3863 1071 3916 ut
1095 3855 1286 3935 etymologiae
1310 3857 1385 3915 ratio
1411 3855 1527 3936 probat,

298 4029 312 4075 1
325 4039 406 4077 omne
417 4025 585 4079 consortium
596 4025 623 4078 L
633 4024 722 4079 omnis
732 4025 866 4079 consortii
876 4025 948 4080 ΜΡ
999 4032 1016 4079 4
1030 4026 1153 4098 proprie]
1167 4029 1282 4097 propter
1296 4043 1364 4081 corr.
1379 4043 1466 4098 propp
1483 4028 1526 4094 M,

225 4102 316 4157 omL
373 4103 646 4173 diapsallicibusP
700 4105 875 4161 8eatomP
930 4105 1065 4163 90brixa
1079 4106 1191 4163 obtime
1205 4107 1384 4176 gau.fem.et
1398 4104 1525 4159 obrixum

226 4182 316 4238 obrixi
329 4183 359 4237 iu
373 4188 471 4240 neutro
486 4184 514 4237 P
564 4190 598 4239 10
613 4187 655 4239 est
668 4183 780 4239 initium
795 4185 824 4239 P
873 4186 1008 4259 origonis]
1020 4187 1136 4258 originis
1151 4187 1179 4240 P
1224 4189 1254 4241 et
1267 4188 1310 4242 ast
1323 4186 1417 4241 uelum
1432 4184 1481 4242 sL
1497 4191 1528 4240 ut

226 4265 376 4319 estaolum
386 4266 455 4320 PM
505 4274 534 4321 11
547 4269 576 4321 et
589 4267 675 4321 habet
686 4266 796 4324 om.sL
850 4274 883 4321 13
897 4266 1111 4338 babueruntm]
1126 4264 1252 4320 uenitM
1301 4261 1529 4323 eutrttrttomr’

152 4405 155 4411 ,
267 4349 298 4399 15
317 4345 396 4400 venit
413 4364 463 4401 om.
483 4347 533 4405 ςΙι
605 4353 638 4401 16
657 4345 755 4400 ordibo
774 4348 803 4400 et
821 4347 914 4401 ordiar
932 4347 988 4400 PL
1007 4345 1106 4402 ordibo
1124 4350 1154 4400 et
1171 4345 1283 4400 ordibor
1302 4345 1340 4398 M
1410 4346 1527 4412 utroque

226 4425 309 4479 modo
328 4429 437 4481 veteres
456 4426 585 4482 dixerunt
605 4426 693 4496 Caper
708 4444 737 4495 p.
757 4432 870 4492 101,11
946 4432 977 4480 18
997 4427 1127 4481 consuete
1146 4424 1311 4480 neutraliter
1330 4423 1432 4478 dicitur
1452 4425 1489 4477 M

228 4512 260 4560 19
280 4507 489 4562 numerabimur
503 4507 599 4562 ocinus
616 4507 643 4558 P
695 4512 730 4560 20
749 4505 824 4575 quod
844 4508 886 4561 est
903 4523 953 4560 om,
973 4506 999 4558 L
1052 4511 1087 4559 23
1106 4507 1264 4575 optumates
1278 4504 1304 4556 L
1322 4507 1485 4573 optumaces
1502 4506 1529 4556 P

225 4587 384 4652 optumates
403 4586 449 4640 uel
469 4585 618 4655 optimates
637 4588 674 4639 M
743 4583 1001 4647 nemrototfitrtt
1021 4585 1049 4638 P
1066 4581 1321 4645 lll’ldl'l'lOdEll'dl
1341 4585 1367 4637 L
1388 4585 1527 4639 ΠΛὺΠΟ-

225 4659 380 4721 monstrat
402 4666 439 4719 M
518 4666 691 4719 solummodo
710 4665 739 4718 P
823 4672 857 4720 26
875 4665 962 4736 fetus]
982 4665 1087 4720 fructus
1105 4664 1154 4722 511
1235 4670 1268 4718 tt
1288 4664 1347 4735 odi]
1366 4664 1430 4719 odio
1449 4665 1477 4717 P

225 4749 260 4798 28
279 4743 454 4798 declinantur
472 4745 500 4798 P
568 4744 768 4800 delectatiuum
789 4746 826 4800 Μ
895 4750 930 4798 30
949 4744 1047 4799 eadem
1066 4745 1094 4799 P
1107 4746 1226 4800 eundem
1245 4745 1283 4799 Μ
1352 4752 1383 4799 31
1404 4745 1528 4799 invictae

225 4823 302 4894 fidei]
321 4823 351 4877 in
369 4822 434 4877 fidei
453 4825 529 4878 uitae
549 4825 586 4878 M
656 4823 685 4877 iu
704 4827 821 4894 utraque
840 4823 938 4894 lingua
956 4823 1086 4879 similiter
1104 4826 1141 4879 M
1212 4832 1245 4880 32
1265 4825 1424 4896 significans
1443 4825 1491 4883 §L
