3316 5474
236 359 302 425 278
829 357 951 412 annin

237 470 258 507 p.
273 459 333 500 2789.
347 460 373 500 90
388 459 412 498 Ρ.

325 542 459 622 Largitas
482 541 673 603 humanitatis
697 551 756 623 est,
780 541 895 622 largitio
919 542 1096 604 ambitionis.

324 649 409 729 Ligat
432 652 498 728 quis
521 649 654 731 vinculo,
677 649 755 729 legat
778 657 963 713 testamento.
985 646 989 729 Ι

326 756 420 836 Loqui
444 756 571 816 hominis
590 765 649 838 est,
673 755 794 835 obloqui
813 754 1036 838 obtrectatoris,
1059 760 1137 819 sicut
1155 757 1246 819 obicit
1265 760 1401 838 opponit3
1424 757 1544 837 adloqui

237 863 445 944 persuadentis
468 863 674 942 hortantisque
699 863 744 924 rel
766 861 911 942 iubentis,
937 862 1037 943 eloqui
1060 865 1195 924 oratoris.
1272 873 1276 877 “

325 969 505 1032 Laurentius
533 967 648 1030 Caelius
678 978 709 1030 et
736 969 803 1030 talia
830 968 930 1051 plura,
959 988 1035 1049 quac
1063 972 1275 1032 nominativum
1303 991 1404 1032 casum
1435 973 1465 1031 in
1496 973 1572 1033 iuss

238 1075 360 1158 habent,
392 1078 561 1156 genetivum
594 1075 773 1155 singularem
805 1084 836 1136 et
867 1078 1080 1137 nominativum
1112 1076 1258 1157 pluralem
1291 1081 1321 1139 in
1354 1077 1503 1158 duplicem
1518 1055 1546 1138 'i

238 1185 372 1265 mittunt,
400 1185 564 1244 vocativum
593 1183 772 1263 singularem
804 1185 834 1243 in
863 1182 1041 1265 simplicem,
1077 1193 1109 1245 ut
1136 1184 1185 1244 hic
1212 1185 1391 1247 Laurentius
1419 1184 1547 1267 Caelius,

238 1291 328 1351 lruius
355 1289 508 1352 Laurentii
530 1289 634 1371 Caelii,
661 1291 691 1350 hi
720 1289 873 1351 Laurentii
890 1289 1000 1372 Caelii,
1027 1309 1045 1349 o
1068 1290 1209 1353 Laurenti
1238 1292 1325 1353 Caeli.
1367 1293 1411 1352 sic
1439 1299 1469 1353 et
1497 1290 1547 1352 hic

239 1395 317 1457 tilius
345 1395 434 1458 huius
461 1396 511 1457 lilii
541 1397 572 1457 hi
600 1396 651 1458 lllii
678 1414 696 1457 o
724 1396 773 1458 lili.
810 1405 861 1458 aut
889 1404 971 1459 certe
996 1400 1159 1458 vocativum
1183 1401 1214 1459 in
1237 1401 1279 1481 ie,
1309 1407 1341 1459 ut
1364 1398 1412 1458 hic
1437 1399 1547 1477 impius

239 1504 328 1564 huius
347 1505 430 1583 impii
449 1522 466 1565 o
485 1506 583 1584 impie.
621 1503 784 1564 notandum
803 1522 873 1565 sane
896 1506 927 1564 in
946 1503 1062 1565 actibus
1080 1504 1281 1584 apostolorum
1301 1498 1341 1587 (o.
1360 1507 1411 1582 10,
1425 1502 1470 1587 3),
1494 1505 1547 1566 ubi
1561 1525 1587 1563 ro

241 1609 397 1670 Cornelius
421 1611 493 1672 vidit
516 1609 653 1690 angelum
676 1611 724 1671 dei
747 1613 949 1672 introeuntem
973 1611 1008 1671 ad
1032 1630 1064 1671 se
1088 1620 1118 1672 et
1141 1611 1288 1673 dicentem
1313 1610 1369 1673 sibi
1393 1607 1546 1675 ‘Corneli'.

240 1716 288 1777 hic
313 1719 462 1778 vocativus
490 1720 521 1778 in
549 1717 638 1779 latino
663 1726 743 1778 recte
771 1736 825 1797 per
849 1717 1012 1797 simplicem
1036 1719 1045 1778 i
1073 1719 1234 1800 profertur,
1262 1721 1292 1779 iu
1315 1737 1421 1799 graeco
1445 1695 1547 1781 aulem

245 1842 300 1902 pcr
324 1826 350 1883 ie
375 1823 511 1884 Cornelio
535 1827 679 1904 scriptum
703 1833 756 1885 est.

330 1931 433 1992 Limus
456 1930 505 1992 lux
529 1930 609 1992 labes
632 1932 724 1993 letum
747 1929 890 2011 pluralem
915 1949 1073 1993 numerum
1097 1950 1155 1992 non
1179 1931 1296 1992 habent.

331 2037 445 2119 Liberi,
473 2039 589 2117 quando
618 2038 692 2099 lilios
720 2039 899 2120 significant,
927 2046 957 2098 et
984 2037 1113 2098 latebrae
1138 2039 1317 2119 singularem
1341 2057 1399 2099 non
1429 2037 1548 2100 habent.
1564 2055 1590 2096 1s

332 2142 390 2203 Lac
413 2143 561 2222 ltquamon
585 2143 724 2205 lenticula
748 2143 811 2205 lens
837 2139 1145 2225 singularia‘semper.

333 2248 430 2309 Locus
454 2250 644 2329 singulariter
667 2251 876 2334 masculinum,
899 2251 1054 2332 pluraliter
1076 2252 1148 2313 baec
1172 2252 1244 2314 loca.

334 2355 426 2416 Lutcr
449 2375 588 2436 graecum
614 2348 764 2438 [λουτήρ]
790 2357 945 2419 masculini
967 2361 1101 2439 generis,
1124 2358 1249 2419 latinum
1274 2359 1396 2420 labrum.

334 2461 433 2523 Luceo
457 2472 487 2524 et
510 2464 596 2543 lugeo
619 2467 650 2525 in
673 2464 801 2526 eundem
824 2465 990 2545 perlectum
1014 2465 1187 2547 deveniunt,
1211 2465 1280 2526 luxi.

334 2568 441 2630 Libero
465 2579 494 2631 te
518 2571 664 2654 periculo',
688 2572 799 2633 liberor
822 2571 963 2633 molestia.
1179 2552 1185 2564 ’
1564 2591 1591 2628 ao

335 2675 408 2736 Lino
432 2677 502 2737 lacit
524 2679 690 2757 perlectum
714 2678 787 2739 linui
811 2687 841 2739 et
864 2678 951 2743 liniri.

336 2782 492 2863 llargarita
520 2784 661 2845 feminino
689 2803 798 2865 genere
823 2796 852 2844 et
880 2787 1070 2864 margaritum
1102 2794 1210 2847 neutro
1233 2785 1404 2847 dicendum:
1428 2787 1458 2844 in
1482 2805 1550 2865 pro·

248 2887 356 2948 rerbiis
379 2885 420 2971 (c.
444 2890 495 2964 25,
519 2885 573 2974 12)
597 2887 758 2952 ‘inaures
781 2909 888 2952 aurea
912 2900 948 2952 et
971 2894 1202 2971 margaritum
1225 2887 1393 2971 lulgens'.

336 2993 565 3074 llalogranatum
585 3008 614 3059 et
633 2999 742 3059 malum
765 3006 919 3080 grauatum
939 3007 1082 3060 consuete
1101 2999 1241 3079 dicimus,
1265 3007 1295 3059 et
1314 3006 1441 3076 utroque
1461 2998 1550 3058 modo

247 3100 442 3184 declinantur,
456 3104 512 3165 hoc
527 3105 758 3185 malogranatum
778 3106 867 3166 huius
882 3104 1074 3184 malogranati
1093 3111 1123 3165 et
1141 3103 1213 3164 haec
1229 3104 1424 3183 malogranata
1443 3104 1551 3166 lrorum
1565 3123 1592 3164 rs

249 3207 515 3287 malogranatorum
539 3212 585 3273 his
609 3212 817 3292 malogranatis
841 3221 872 3273 et
894 3220 1007 3293 cetera3
1035 3220 1065 3272 et
1088 3229 1209 3272 rursum
1237 3209 1293 3270 hoc
1316 3209 1424 3271 malum
1448 3229 1551 3290 grana-

250 3323 327 3396 tum,
356 3317 444 3379 huius
473 3318 541 3380 mali
568 3321 695 3400 granati,
722 3326 752 3378 et
779 3318 851 3378 haec
880 3319 954 3378 mala
981 3326 1115 3399 granata,
1143 3317 1249 3379 horum
1273 3316 1417 3378 malorum
1443 3335 1552 3396 grana·

249 3428 349 3482 torum
373 3432 404 3484 et
426 3433 534 3486 cetera.

339 3529 459 3592 Miseret
478 3551 524 3593 me
540 3535 619 3593 senis
634 3543 664 3593 et
683 3535 827 3593 misereor
841 3534 921 3593 senis
937 3540 968 3593 et
982 3534 1107 3593 miseror
1121 3550 1232 3593 senem.
1256 3535 1397 3593 misertus
1412 3534 1552 3611 pauperis

249 3654 304 3715 per
322 3632 505 3720 genetivum,
525 3643 681 3700 miseratus
700 3657 860 3719 pauperem
880 3657 935 3719 per
953 3640 1161 3700 accusativum.
1196 3641 1340 3700 misereor
1359 3647 1458 3699 autem
1473 3658 1553 3699 com·
1567 3656 1595 3695 so

250 3744 347 3820 patior
370 3746 524 3824 significat.
562 3746 688 3825 denique
713 3764 818 3824 graece
842 3745 952 3805 dicitur
975 3738 1167 3826 συμπάσχω.

339 3849 439 3910 llereo
462 3851 606 3912 honorem
629 3861 659 3913 et
682 3870 808 3930 mercor,
831 3860 861 3911 et
885 3851 968 3912 miles
992 3861 1086 3912 meret
1110 3852 1298 3931 stipendium.

339 3955 460 4018 Memini
483 3966 514 4019 et
537 3976 649 4018 memor
673 3977 739 4018 sum
762 3956 883 4018 honoris
907 3965 937 4018 et
960 3956 1113 4026 honorem.

340 4062 483 4125 Maritima
508 4073 579 4125 suut
602 4065 665 4126 loca
689 4067 763 4125 mari
786 4066 895 4145 vicina,
919 4067 1031 4125 marina
1055 4068 1136 4125 navis
1160 4065 1205 4126 rel
1228 4065 1322 4127 belua.

342 4271 358 4319 6
381 4265 537 4335 genitiuum
559 4265 709 4336 singularis
732 4263 839 4319 numeri
862 4262 891 4316 in
913 4260 924 4315 i
950 4262 1092 4331 duplicem
1117 4265 1234 4320 mittunt
1256 4264 1304 4323 λς
1332 4265 1437 4320 omassr's
1460 4264 1557 4317 deinde

252 4346 381 4415 eemuplia
398 4348 563 4402 nominativi
577 4348 700 4416 pluralis
778 4345 853 4400 8sic
872 4343 944 4398 lilius
965 4345 1001 4398 Μ
1079 4344 1284 4416 avocativum]
1304 4343 1508 4399 nominatiuum
1530 4343 1559 4396 P

290 4433 324 4480 10
342 4428 495 4483 notandum
509 4445 575 4483 uero
590 4445 656 4483 sano
675 4427 704 4480 P
754 4432 787 4480 12
806 4424 836 4478 in
851 4423 938 4478 latine
953 4423 981 4476 P
1030 4422 1060 4477 in
1079 4440 1178 4493 graece
1192 4424 1282 4494 peria
1299 4423 1326 4475 P
1381 4428 1414 4476 14
1428 4423 1515 4495 letum
1531 4423 1557 4475 L

253 4507 358 4562 loetum
380 4510 417 4563 Μ
432 4509 522 4563 latum
543 4508 571 4561 P
656 4513 688 4561 15
708 4508 737 4561 et
754 4506 879 4561 latebrae
899 4536 928 4544 -
950 4505 1055 4560 habent
1072 4520 1122 4558 om.
1143 4503 1172 4556 P
1257 4510 1288 4558 16
1311 4503 1427 4558 lenticla
1450 4502 1510 4555 lens
1531 4502 1557 4555 L

253 4587 337 4641 lentis
356 4588 444 4643 lalena
464 4590 502 4642 M
554 4594 589 4642 20
607 4586 710 4642 liberor
731 4585 862 4641 molestia
877 4587 914 4641 Μ
931 4587 1018 4642 libero
1033 4586 1165 4641 molestia
1180 4586 1208 4639 P
1224 4583 1312 4638 libero
1331 4581 1490 4637 amoleotia
1508 4582 1557 4640 Le

308 4673 340 4721 at
365 4668 447 4739 linui]
471 4669 547 4724 lenui
570 4669 598 4722 P
671 4675 705 4722 23
730 4666 835 4723 inauris
858 4666 906 4725 sL
984 4673 1018 4721 29
1044 4665 1169 4737 Miseret]
1193 4664 1308 4719 miserat
1330 4663 1359 4716 P
1426 4662 1555 4731 miser-or]

255 4747 387 4802 misereor
402 4747 473 4801 PM
476 4749 502 4801 L
556 4754 591 4803 30
605 4748 765 4819 miseratus]
782 4747 911 4802 misertus
928 4747 956 4799 P
1002 4742 1281 4801 miserorausemet
1330 4741 1558 4811 comparatiorP

309 4833 343 4881 32
361 4829 462 4899 meret]
482 4828 551 4882 meri
570 4831 599 4883 et
618 4830 654 4882 M
1254 4823 1264 4837 '
