3316 5474
231 363 295 426 106
831 362 938 416 CAPRI

228 474 252 511 p.
267 463 358 511 ascen.

317 548 460 630 Felicem,
484 568 543 611 non
567 550 674 610 filicem
698 551 797 611 dicere
822 549 973 610 debemus.
1016 547 1095 608 unde
1119 557 1149 607 et
1171 547 1287 607 saliente
1311 565 1401 627 opera
1419 550 1536 628 priores

230 654 370 716 dixerunt
398 656 515 716 caelata.
558 655 636 717 uude
661 667 691 718 et
718 657 802 738 felix,
832 674 918 736 quam
950 657 991 715 ita
1016 654 1104 715 eredo
1129 654 1250 734 dictam,
1274 653 1352 732 quod
1377 657 1415 715 sit
1438 658 1537 716 mimis

228 760 297 820 felix
323 765 408 822 arvis.

320 867 452 950 Polenta,
477 888 536 930 non
559 870 679 950 pulenta
703 871 862 932 dicendum
886 877 940 930 est.
1258 934 1263 940 ,

318 974 433 1035 Fictum
465 978 588 1036 rationis
619 986 678 1059 est,
710 978 800 1038 lixum
832 977 994 1038 vetustatis
1045 985 1078 1037 ut
1109 977 1199 1055 pingo
1229 977 1355 1057 pictum,
1386 978 1428 1036 sie
1458 976 1565 1055 liugos

229 1080 332 1141 lictum
357 1083 426 1143 facit
449 1083 680 1163 participialiter.

320 1188 432 1250 Gobius
454 1192 557 1269 piscis,
583 1208 643 1250 non
668 1209 830 1270 numquam
854 1191 962 1271 legitur
985 1189 1081 1270 gobio.

320 1295 457 1375 Torpedo
481 1306 541 1378 cst,
565 1314 623 1356 non
648 1297 773 1377 torpido.

319 1401 451 1481 Nequam
467 1421 525 1463 non
542 1403 650 1464 malum
666 1407 824 1484 significat,
843 1405 894 1465 sed
910 1404 1054 1484 inutilem,
1074 1413 1103 1464 et
1118 1412 1164 1464 est
1177 1412 1380 1483 monoptoton,
1398 1412 1432 1463 ut
1451 1404 1538 1481 frugi.

320 1507 444 1569 Versica
468 1529 487 1570 n
511 1509 612 1591 habet,
636 1513 788 1590 quianon
813 1515 946 1573 estsine
970 1521 1067 1572 vento.
1552 1528 1577 1566 m

318 1611 341 1693 †
360 1615 420 1676 lam
440 1636 558 1697 semper
577 1617 745 1699 dicendum,
765 1620 833 1697 quia
848 1617 920 1678 nihil
940 1625 986 1677 est
999 1619 1034 1677 ia.
1073 1619 1144 1677 item
1159 1634 1218 1676 nou
1233 1618 1337 1697 iamus,
1355 1614 1408 1675 sed
1427 1633 1537 1677 eamus.

390 1723 554 1785 llontosam
578 1725 689 1785 ltaliam
714 1743 768 1785 seu
792 1724 957 1800 Sardiniam
981 1733 1152 1785 memorato.

320 1827 470 1908 Scriptula
494 1830 667 1912 dicendum,
692 1850 751 1891 nou
775 1830 911 1911 scripula.

320 1933 468 2014 Tinguere
485 1937 653 2020 dicendum,
675 1956 733 1998 uon
749 1940 873 2019 tingere,
892 1939 1030 2016 quoniam
1048 1939 1151 2016 tinguo
1171 1945 1225 2016 est,
1244 1944 1275 1996 et
1293 1938 1403 2015 tinguis
1422 1938 1540 2016 tinguit.

390 2040 504 2122 ingenii
528 2045 642 2124 profer,
666 2046 709 2103 sie
733 2044 832 2125 cilicii,
856 2046 924 2123 quia
948 2043 1048 2104 nullus
1553 2063 1578 2101 1⁵

392 2167 407 2206 a
432 2159 515 2209 recto
539 2168 609 2210 casu
632 2153 729 2210 minor
753 2160 799 2211 est
822 2168 963 2226 umquam
987 2152 1150 2229 genetivus.

327 2254 359 2313 lu
384 2254 513 2316 Siciliam
538 2255 710 2331 dicendum,
734 2277 792 2318 non
817 2260 842 2319 is
866 2257 1007 2339 Siciliam,
1031 2247 1112 2318 κατὰ
1137 2247 1176 2317 τὸ
1201 2277 1234 2336 ν,
1258 2275 1318 2317 non
1341 2248 1424 2318 κατὰ
1448 2247 1485 2318 τὸ
1510 2269 1541 2336 o,

233 2362 301 2439 qnia
325 2380 485 2441 numquam
510 2367 573 2424 sine
598 2383 616 2425 n
640 2367 859 2444 pronuntiatur.

321 2468 470 2530 Audacter
493 2470 616 2531 latinum
641 2481 699 2551 est,
723 2471 774 2531 sed
799 2471 951 2533 audaciter
974 2471 1089 2553 melius,
1113 2473 1182 2549 quia
1205 2473 1325 2531 nomina
1347 2473 1378 2531 in
1400 2489 1418 2530 x
1442 2470 1539 2530 littera

235 2577 390 2635 terminata
414 2578 443 2637 iu
469 2575 614 2637 adverbiis
638 2581 696 2637 iter
719 2577 892 2658 adsumunt,
922 2587 956 2638 ut
984 2587 1068 2639 atrox
1097 2579 1252 2659 atrociter,
1281 2578 1365 2637 ferox
1391 2577 1540 2657 ferociter,
1554 2597 1582 2638 ao

237 2681 319 2741 velox
344 2681 491 2744 velociter.
529 2686 571 2744 sic
595 2684 689 2745 audax
713 2684 871 2745 audaciter.

325 2913 337 2960 1
359 2906 475 2961 liilieem
490 2925 545 2963 non
564 2909 670 2979 filigem
685 2913 764 2979 (corr.
779 2910 905 2980 leligem)
925 2908 1017 2964 dicere
1036 2908 1169 2963 debemus
1184 2908 1301 2964 undeet
1318 2908 1444 2964 feliciata
1458 2925 1543 2978 opera

233 2989 364 3044 dixerunt
386 2989 477 3044 celaia
495 2993 525 3045 et
547 2991 605 3044 filix
623 2992 651 3045 B
673 2990 783 3046 felicem
803 3006 859 3043 non
882 2988 985 3043 filicem
1008 2991 1088 3056 (corr.
1108 2989 1209 3044 filicem
1229 3007 1285 3044 non
1307 2989 1424 3060 filigem)
1450 2988 1543 3042 dicere

233 3069 366 3123 debemus
379 3069 453 3124 unde
474 3072 503 3126 et
520 3070 646 3126 feliciata
659 3088 745 3141 opera
763 3070 868 3140 priores
887 3068 1018 3122 dixerunt
1037 3070 1147 3124 caelata
1160 3069 1234 3124 unde
1248 3071 1278 3124 et
1295 3070 1363 3125 felix
1377 3071 1457 3137 (corr.
1472 3069 1542 3138 filix)

234 3148 393 3204 emicem
417 3166 473 3204 non
495 3149 607 3204 felicem
630 3150 721 3206 dicere
745 3150 891 3216 debemus,
910 3147 1031 3204 undeet
1050 3150 1156 3205 filicata
1179 3166 1264 3219 opera
1288 3149 1419 3205 dixerunt
1442 3151 1542 3220 celata,

235 3231 265 3284 et
282 3228 378 3297 filixp
459 3235 475 3282 2
495 3229 533 3283 sit
550 3229 641 3283 minus
660 3230 718 3284 filix
737 3247 835 3285 arurae
853 3229 881 3282 B
900 3227 991 3282 minus
1010 3228 1047 3283 sit
1065 3229 1132 3284 felix
1151 3232 1230 3296 (corr.
1250 3228 1320 3299 filix)
1339 3246 1438 3285 arurae
1459 3230 1483 3284 0

235 3315 251 3362 6
269 3307 475 3383 participaliter
487 3310 515 3363 B
578 3315 592 3364 i
613 3309 725 3365 Gobeue
744 3313 828 3381 piscis
847 3309 948 3381 (pisces
962 3326 1030 3364 corr.
1042 3309 1078 3363 -is
1090 3309 1123 3377 0)
1142 3327 1351 3379 nonnumquam
1370 3309 1455 3380 gobio
1475 3310 1543 3379 legi·

1086 3402 1102 3431 n

234 3443 280 3496 tur
296 3441 357 3495 BG
426 3441 593 3511 8Turped0
607 3447 651 3499 est
670 3461 724 3499 non
738 3445 851 3514 turpido
870 3442 927 3498 BG
999 3450 1032 3498 lo
1051 3443 1152 3498 Vesica
1167 3444 1209 3498 M.
1238 3444 1423 3498 maturimae
1436 3459 1542 3498 cesam

233 3523 353 3576 restituit
376 3521 572 3578 andmonuus
596 3525 626 3578 in
650 3525 758 3581 Iaceret.
784 3526 830 3579 VI
850 3531 919 3591 130,
941 3521 1062 3576 Vensiea
1086 3541 1104 3575 n
1125 3522 1244 3591 habeat,
1268 3521 1400 3592 quoniam
1426 3539 1482 3576 non
1501 3525 1544 3577 est

234 3600 293 3656 sine
312 3603 396 3656 vento
481 3609 511 3655 11
532 3603 564 3656 111
582 3620 691 3672 semper
710 3604 859 3659 dicendum
877 3622 942 3659 nam
963 3601 1033 3657 nihil
1053 3605 1095 3656 est
1113 3602 1142 3656 ie
1160 3603 1188 3656 B
1206 3602 1264 3657 iam
1283 3618 1393 3671 semper
1411 3609 1429 3656 1“1
1448 3602 1541 3657 dicen-

234 3680 301 3734 dum
324 3680 398 3734 Nam
422 3680 493 3734 nihil
516 3682 558 3734 est
580 3681 639 3735 iam
663 3682 686 3736 0
706 3682 776 3736 Eam
800 3701 909 3754 semper
932 3682 1081 3739 dicendum
1105 3686 1163 3752 est,
1185 3701 1250 3738 nam
1274 3681 1346 3737 nihil
1369 3680 1491 3736 entiam
1512 3700 1541 3751 p.

234 3763 401 3829 fortassean
419 3778 529 3831 semper
612 3769 644 3816 12
663 3765 839 3818 montuosam
859 3765 897 3817 M
899 3764 957 3818 Bc
1032 3767 1189 3821 memorata
1211 3763 1269 3818 Bc
1349 3769 1381 3816 13
1401 3761 1543 3832 Scriptnla

236 3840 385 3896 dicendum
399 3859 454 3897 non
475 3843 605 3911 scrupula
620 3843 658 3896 M
675 3841 816 3911 scriptula
835 3843 985 3898 dicendum
1003 3848 1046 3901 est
1064 3863 1120 3900 non
1138 3845 1261 3914 scripula
1277 3844 1342 3900 Bc.
1373 3844 1542 3915 Scriptulum

235 3920 312 3989 quod
330 3939 403 3977 nunc
421 3923 522 3993 vulgus
542 3922 601 3978 sine
619 3926 633 3977 t
651 3922 720 3977 dicit
739 3923 928 3992 0111111111.
949 3931 1012 3993 105,
1031 3930 1048 3981 5
1129 3931 1162 3978 14
1182 3925 1302 3995 Tingere
1321 3925 1469 3982 dicendum
1488 3944 1543 3981 non

234 4001 362 4070 tinguere
385 4002 526 4070 quomodo
549 4003 659 4073 intingo
683 4004 712 4057 et
735 4004 821 4074 tingis
844 4004 931 4075 tingit
952 4006 980 4058 B
1004 4005 1132 4074 tinguere
1151 4009 1232 4073 (corr.
1251 4005 1372 4074 tingere)
1395 4007 1544 4061 dicendum

235 4099 291 4136 non
306 4082 434 4153 tinguere
453 4082 513 4148 Quo
528 4083 657 4153 intingue
671 4086 701 4137 et
713 4083 820 4153 tinguis
835 4086 864 4138 et
878 4083 984 4154 tinguit
1003 4086 1082 4151 (corr.
1097 4085 1206 4154 intingo
1221 4085 1250 4138 et
1267 4082 1354 4152 tingis
1370 4087 1507 4156 attingit)
1523 4085 1548 4140 0

290 4169 323 4216 15
342 4163 393 4232 sic]
419 4163 492 4218 sicut
510 4163 605 4218 MBG
676 4169 708 4217 le
728 4181 860 4233 umquam
879 4181 930 4223 cnr.
946 4165 1045 4220 MBG
1116 4170 1148 4218 17
1167 4163 1252 4218 I....
1272 4162 1354 4218 scitia
1372 4165 1414 4233 (111
1432 4169 1544 4233 rasura)

422 4245 448 4285 m

236 4296 384 4352 dicendum
406 4303 425 4353 1“1
449 4296 518 4353 eicie
546 4297 679 4351 katamon
704 4313 760 4350 non
783 4299 893 4352 catamo
918 4296 1067 4352 dicendum
1089 4297 1156 4366 quia
1178 4312 1332 4367 numquam
1355 4295 1415 4350 sine
1438 4314 1458 4349 n
1480 4313 1543 4365 pro·

237 4429 381 4484 nuntiatur
400 4431 423 4485 0
444 4432 558 4488 inscitia
576 4431 724 4486 dicendum
748 4389 892 4486 nonmsicia
914 4433 1037 4502 (reliquis
1055 4432 1172 4500 emisam)
1189 4431 1217 4484 B
1240 4431 1272 4483 In
1291 4429 1413 4484 ciliciam
1435 4446 1491 4483 non
1515 4430 1544 4483 in

237 4511 356 4566 siliciam
376 4511 524 4568 dicendum
544 4513 669 4582 (inscitia
687 4511 836 4566 dicendum
851 4530 906 4567 non
920 4512 999 4568 isicia
1014 4516 1047 4582 p)
1066 4513 1133 4582 quia
1152 4530 1292 4581 nusquam
1311 4510 1371 4564 sine
1386 4528 1405 4563 n
1425 4526 1544 4579 pronun·

236 4589 326 4644 cietur
345 4607 385 4659 51)
448 4589 520 4647 κατὰ
540 4590 571 4648 τὸ
591 4615 608 4648 v
626 4609 682 4647 non
700 4586 773 4644 κατὰ
792 4587 824 4645 τὸ
844 4592 870 4662 a]
890 4593 960 4647 kata
978 4595 1078 4648 ΜΟΥΝ
1099 4609 1155 4647 non
1170 4587 1334 4650 KdeMOY
1354 4589 1392 4643 M
1463 4596 1495 4643 19
1515 4590 1544 4643 11

237 4677 301 4725 onte
313 4689 331 4725 x
345 4688 396 4727 orn.
409 4672 468 4726 BG
530 4679 564 4727 10
583 4672 638 4726 iter
655 4680 800 4727 assumunt
817 4689 834 4731 ς
852 4678 895 4728 ter
913 4674 1058 4727 assumunt
1077 4673 1113 4726 M
1117 4672 1180 4727 BG.
1199 4673 1316 4739 sortasse
1334 4671 1378 4725 ter
1396 4669 1546 4724 adsumunt

237 4751 346 4806 dativo:
366 4752 400 4819 cf.
422 4751 562 4807 Priscian.
582 4753 600 4809 i.
616 4751 679 4805 XV
691 4768 721 4818 p.
742 4757 786 4818 76,
805 4756 847 4807 22
866 4751 925 4805 alia
941 4767 1007 4806 vero
1026 4753 1178 4806 adsumunt
1195 4750 1291 4805 dativo
1310 4751 1354 4804 ter
1371 4748 1546 4818 paenultima

239 4833 378 4905 correpta,
396 4834 429 4886 nt
446 4832 526 4887 fortis
545 4832 612 4888 lorti
630 4830 740 4887 fortiter
812 4838 844 4886 21
865 4830 905 4885 sic
923 4830 1016 4886 audax
1034 4830 1178 4885 audaciter
1196 4845 1247 4883 om.
1265 4828 1324 4883 ΒΟ
