3316 5474
211 322 277 388 280
720 390 724 399 ι
804 320 925 376 sunan

209 434 232 471 p.
246 423 305 463 atel.
320 423 346 463 92
362 424 387 462 P.

299 506 444 567 Meracam
472 509 623 586 potionem
653 506 793 588 dicimus,
821 522 896 583 quae
924 522 1039 566 merum
1069 504 1186 566 aliunde
1215 506 1341 584 recepit,
1365 521 1517 564 merosum

204 621 314 674 *autom
335 615 436 673 vinnm
460 613 649 693 appellamus.

300 719 444 781 Muliebre
462 720 573 781 dicitur
591 739 607 780 a
623 719 798 781 mulieribus
811 719 921 799 aliquid
942 721 1062 801 lactum,
1080 719 1284 781 mulierarium
1302 738 1357 800 per
1377 718 1517 780 mulieres

212 826 381 887 ordinatum
405 836 436 888 et
457 845 512 906 per
534 828 614 887 viros
637 836 762 906 gestum.

301 932 428 1015 Merula,
451 951 510 994 uon
534 933 668 993 merulus
692 921 858 995 dicendum
1533 945 1546 985 ⁵

302 1039 467 1100 Matthaeus
478 1048 508 1100 ot
517 1039 653 1100 Matthias
667 1058 721 1119 per
736 1039 818 1102 duot
834 1039 999 1117 scribenda,
1010 1043 1077 1121 quia
1088 1040 1193 1101 Graeci
1208 1059 1290 1119 perc
1300 1038 1520 1102 etdscribuot.

303 1146 448 1206 Maestum
472 1148 582 1226 auimo,
607 1147 724 1206 tristem
748 1155 869 1227 aspectu
893 1147 1029 1210 dicimus.

279 1291 283 1295 -
303 1253 396 1315 Malus
420 1255 501 1314 naris
524 1253 736 1336 masculinum,
759 1252 853 1315 malus
877 1253 965 1314 arbor
989 1255 1131 1334 lrugilera
1155 1255 1330 1315 femininum
1354 1263 1408 1315 est.

289 1359 444 1421 'Mendum
463 1359 637 1422 neutraliter
656 1360 747 1422 Varro
767 1363 796 1421 iu
817 1360 1004 1422 Admirandis
1022 1360 1109 1442 dixit,
1127 1356 1305 1441 ‘magnum
1325 1356 1521 1441 mondum’3

216 1461 267 1529 sed
292 1467 414 1529 Ovidius
443 1461 517 1550 (art.
541 1486 598 1529 um.
623 1462 742 1552 1249)
770 1469 910 1529 lemiuine
935 1464 1056 1529 ‘nocte
1085 1469 1200 1529 latent
1228 1462 1423 1548 mendae',l
1448 1470 1521 1528 item
1536 1481 1561 1522 ro

217 1569 291 1658 (art.
316 1592 373 1636 um.
397 1576 437 1636 II
458 1569 536 1658 653)

377 1684 510 1743 eximet
532 1684 611 1762 ipse
634 1682 711 1743 dies
735 1684 850 1744 omnis
873 1701 889 1742 e
914 1701 1068 1762 corpore
1092 1681 1244 1744 mendas.

217 1809 287 1870 ergo
307 1789 447 1850 mendum
466 1793 496 1850 in
516 1788 661 1850 mendacii
679 1791 892 1868 significatione
916 1789 1039 1870 dicitur,
1063 1789 1168 1851 menda
1192 1789 1329 1869 inculpa
1352 1791 1452 1869 operis
1476 1789 1521 1849 rel

217 1899 360 1977 corporis.

305 2002 462 2063 Munilicus
491 2012 537 2064 est
564 2010 712 2082 tamquam
740 2002 891 2063 beneficus
919 2012 950 2064 et
976 2003 1140 2084 maleficus,
1171 2004 1303 2064 munifex
1327 2012 1425 2063 autem
1450 2012 1521 2064 tam·
1538 2020 1562 2061 rs

219 2127 306 2188 quam
331 2109 428 2188 opilea
453 2118 484 2168 et
506 2109 620 2169 artilex.
658 2110 757 2187 itaque
780 2109 938 2169 munificus
962 2127 1086 2170 munera
1109 2109 1242 2190 largitur,
1268 2111 1398 2171 munifex
1423 2120 1522 2177 autem

218 2233 344 2275 mernere
366 2215 508 2293 iungitur.
1205 2272 1208 2278 ,

306 2320 461 2381 Morticina
480 2339 539 2381 non
558 2320 699 2381 dicuntur
719 2323 776 2382 nisi
795 2329 991 2405 mortuorum,
1010 2322 1144 2384 mortalia
1163 2340 1233 2383 vero
1253 2325 1341 2383 ctiam
1360 2325 1521 2385 viventium

218 2446 379 2507 corporum
403 2445 512 2488 nomen
535 2435 588 2489 est.
981 2437 983 2441 ‘

307 2533 400 2595 Nimis
419 2534 529 2595 dieitur
548 2535 689 2615 quicquid
709 2536 775 2615 plus
794 2537 886 2597 luerit
905 2553 993 2614 quam
1012 2544 1138 2614 oportet.
1170 2554 1237 2597 nam
1257 2555 1361 2616 parum
1377 2547 1423 2598 est
1441 2539 1520 2617 quod
1538 2557 1564 2598 ro

220 2645 318 2703 miuus
342 2652 388 2703 est
411 2660 499 2722 quam
518 2652 636 2722 oportet
660 2642 797 2720 [nimium
820 2642 887 2723 plus
911 2660 998 2721 quam
1018 2641 1164 2723 oportet]‚
1188 2643 1347 2705 ethorum
1371 2647 1401 2705 in
1424 2646 1522 2706 medio

221 2749 326 2811 modus
345 2758 405 2830 cst,
428 2749 505 2828 quod
531 2749 640 2810 dicitur
663 2745 751 2810 ‘satis
775 2744 845 2810 est'.
883 2767 951 2809 cum
974 2751 1074 2827 itaque
1095 2749 1166 2809 utile
1183 2752 1227 2826 vsit
1249 2753 1279 2810 in
1300 2753 1356 2811 rita
1380 2762 1411 2812 et
1434 2742 1541 2813 mori?

220 2856 276 2917 bus
299 2864 334 2917 ut
356 2855 482 2935 amplius
506 2875 594 2935 quam
617 2864 735 2936 oportet
759 2854 831 2916 nibil
854 2857 974 2915 omnino
998 2856 1153 2938 iaciamus,
1176 2857 1311 2937 prolecto
1333 2876 1431 2918 veram
1455 2878 1522 2921 esse

220 2966 397 3025 senteutiam
421 2959 475 3024 ‘ne
499 2964 568 3042 quid
599 2959 702 3024 nimis'
726 2964 812 3024 lateri
840 2964 1052 3044 potiusquam
1075 2982 1183 3042 negare
1207 2963 1358 3025 debemus.
1396 2965 1447 3026 sed
1472 2966 1522 3027 ali·

214 3071 338 3150 quando
365 3070 454 3131 latina
481 3069 580 3150 lingua
609 3070 664 3131 hoc
693 3068 782 3130 verbo
811 3070 854 3130 sic
882 3068 1024 3144 abutitur,
1054 3078 1087 3130 ut
1115 3071 1203 3130 nimis
1231 3089 1344 3149 proco
1369 3072 1447 3149 quod
1478 3082 1525 3135 est
1539 3095 1564 3134 re

221 3177 303 3239 valde
327 3190 360 3237 et
387 3180 516 3257 positum
544 3178 728 3238 inveniamus
751 3178 781 3236 in
809 3176 917 3237 litteris
940 3177 1034 3236 sacris
1056 3183 1088 3236 et
1114 3194 1259 3255 ponamus
1282 3179 1313 3237 in
1337 3179 1526 3242 sermonibus

222 3287 339 3346 nostris.
384 3303 451 3345 nam
483 3293 513 3345 et
541 3286 571 3344 in
602 3281 714 3363 psalmo
744 3277 832 3364 (118,
861 3277 897 3364 4)
928 3278 980 3343 ‘tu
1018 3285 1240 3362 praecepisti
1271 3285 1435 3346 mandata
1466 3295 1526 3349 tua

222 3391 408 3454 custodire
432 3386 554 3451 nimis'
579 3409 638 3451 nou
662 3392 720 3450 nisi
743 3384 859 3449 ‘valde'
878 3388 1095 3470 intellegimus„
1114 3392 1139 3450 si
1158 3397 1240 3450 recte
1259 3391 1472 3474 intellegimuS,
1496 3404 1527 3456 et

223 3496 322 3561 ‘nimis
346 3507 374 3560 te
394 3493 496 3577 diligo'
516 3500 541 3558 si
561 3498 648 3558 alicui
668 3498 820 3557 carissimo
839 3495 980 3577 dicimus,
1004 3515 1062 3557 uon
1083 3499 1185 3576 utique
1204 3496 1272 3577 plus
1291 3516 1379 3577 quam
1398 3508 1525 3583 oportet,

223 3607 274 3668 sed
299 3605 381 3666 valde
401 3624 455 3665 nos
479 3604 601 3683 diligere
625 3603 756 3683 intellegi
780 3603 923 3664 volumus.
957 3602 1086 3683 denique
1110 3603 1157 3663 illa
1181 3622 1286 3682 graeca
1305 3609 1451 3668 sententia
1477 3603 1525 3668 ‘ne
1540 3628 1567 3668 uo

224 3712 293 3793 quid
318 3707 417 3773 nimis’
441 3730 500 3772 non
525 3710 614 3772 babet
636 3710 691 3771 boc
710 3709 847 3791 verbum,
871 3709 949 3790 quod
974 3710 1021 3771 lric
1044 3710 1161 3790 legitur.
1198 3709 1240 3771 ibi
1263 3714 1342 3773 enim
1362 3722 1409 3774 est
1431 3705 1528 3798 ἄγαν,

225 3856 306 3863 -----
315 3854 436 3861 m.—

314 3921 327 3967 1
348 3927 488 3967 meracum
507 3910 555 3969 §L
573 3911 709 3964 meremur
727 3913 762 3963 M
777 3909 947 3963 merecatam
967 3909 996 3963 P
1048 3925 1119 3978 quae
1137 3910 1259 3981 merum]
1279 3911 1438 3979 quinorum
1459 3913 1487 3970 P

223 3993 330 4065 recepit
347 3993 399 4051 eL
416 3991 517 4061 recipit
535 3990 603 4044 PM
639 4057 640 4060 Ἴ
677 3987 864 4059 merorumP
932 3987 1103 4044 3Muliebre
1122 3989 1225 4044 dicitur
1243 3985 1350 4060 aliquid
1368 4009 1386 4045 a
1404 3994 1527 4049 mulieri-

223 4077 275 4131 bus
293 4091 344 4147 per
361 4071 492 4128 mulieres
510 4070 669 4125 ordinatum
684 4073 712 4124 et
730 4086 780 4139 per
794 4065 870 4122 uiros
888 4069 999 4137 gestum
1016 4068 1124 4122 fuctum
1138 4069 1359 4125 muliebriurium
1374 4073 1482 4129 Merula
1502 4075 1531 4129 P

259 4155 411 4212 amuliere
429 4155 456 4208 L
509 4151 698 4208 mulierarium
717 4151 867 4221 Ayroecr'us
882 4168 912 4220 p.
931 4153 1001 4215 124,
1020 4154 1046 4215 5,
1065 4148 1285 4204 muliebriarium
1305 4151 1372 4204 ML
1425 4154 1529 4208 bdici-

223 4242 269 4292 tur
288 4237 317 4290 P
384 4233 576 4303 ssscxibenda]
596 4231 776 4290 scribiturP
847 4229 1005 4284 iuniorum
1025 4230 1063 4282 Μ
1132 4233 1277 4300 aspectum
1298 4232 1326 4284 P
1396 4232 1527 4305 dicimus]

224 4317 294 4372 dicis
313 4317 351 4371 M
403 4314 528 4370 Smelus
546 4311 710 4368 arborium.
730 4328 792 4382 gen.
812 4309 957 4364 fructifera
975 4312 1017 4364 est
1038 4309 1066 4362 P
1128 4316 1159 4363 12
1179 4326 1273 4365 omnes
1292 4328 1307 4365 e
1326 4328 1441 4381 corpore
1462 4314 1529 4366 ML

225 4397 314 4450 omniu
334 4397 363 4450 et
381 4393 504 4464 corporis
522 4393 551 4447 P
629 4397 662 4445 13
681 4391 784 4462 operis]
809 4407 892 4461 opere
911 4389 940 4442 P
1018 4396 1051 4444 1e
1071 4406 1235 4459 corporeum
1255 4391 1283 4443 P
1362 4399 1397 4446 20
1416 4393 1528 4464 purum]

225 4493 308 4545 purus
327 4475 356 4528 P
442 4491 513 4544 quae
532 4473 623 4528 minus
642 4475 685 4528 cst
703 4489 787 4542 quam
806 4473 917 4541 oportet
937 4471 974 4524 M
994 4469 1042 4540 qui
1060 4470 1152 4525 minus
1172 4473 1215 4525 est
1233 4470 1282 4539 qui
1300 4475 1411 4541 oportet
1431 4474 1459 4526 P

226 4563 258 4610 21
279 4553 396 4609 nimium
415 4555 478 4624 plus
497 4570 581 4622 quum
600 4553 712 4622 oportet
729 4569 779 4608 om.
799 4552 847 4611 eL
918 4557 952 4606 22
972 4568 1046 4620 quae
1065 4551 1167 4606 dicitur
1185 4553 1223 4607 M
1293 4551 1371 4606 utilis
1390 4555 1433 4606 est
1453 4551 1481 4604 P

225 4641 260 4689 24
279 4633 370 4703 nimis]
391 4635 481 4689 minus
499 4635 528 4689 P
583 4639 616 4688 25
635 4632 776 4688 abutimur
793 4633 842 4691 eL
900 4638 935 4686 26
954 4630 1139 4701 sermonibus]
1159 4631 1260 4687 litteris
1279 4633 1308 4687 P
1358 4638 1391 4686 28
1410 4631 1434 4685 ei
1453 4635 1529 4687 recta

226 4713 415 4783 intellegimus
434 4731 483 4768 om.
503 4714 532 4767 P
599 4717 634 4767 30
652 4713 714 4783 noa]
735 4711 815 4767 nobis
834 4712 862 4766 P
921 4719 954 4765 31
974 4711 1028 4764 hoc
1046 4710 1163 4764 uerbum
1181 4711 1292 4781 quibis
1311 4710 1415 4781 legitur
1433 4712 1461 4765 P
1476 4713 1530 4768 hoc

227 4795 312 4849 uerbo
332 4809 402 4862 quau
422 4793 467 4847 hic
485 4793 589 4862 legitur
609 4792 646 4846 M
663 4793 778 4847 uerbum
797 4793 850 4847 hoc
868 4791 944 4861 quod
961 4789 1008 4844 hic
1027 4790 1130 4860 legitur
1149 4791 1197 4847 s‘L
