3316 5474
541 374 717 430 EXEMPLA
735 374 1001 431 ELOCVTIONVM
1355 376 1421 439 453

122 489 143 525 p.
157 477 202 515 su.
217 477 256 516 313
270 475 296 518 3.

210 562 305 639 Aeger
328 560 420 638 illius,
444 560 500 620 Sal.
524 560 592 621 hist.
617 559 667 619 llll
696 559 841 621 consilii
870 579 978 639 aeger
1002 610 1008 621 .
1032 578 1120 640 aeger
1147 559 1210 640 illo,
1238 560 1315 620 idem
1344 559 1421 619 bello

123 665 204 726 Catil.
238 668 340 741 (511)
373 666 525 746 podibus
557 685 694 746 aeger.
718 685 805 746 aegre
838 667 909 727 milri
943 679 1001 747 est,
1033 667 1100 728 Ter.
1134 667 1222 746 llecy.
1256 668 1308 739 (II
1333 668 1421 741 1,30)

123 773 254 852 nequid
278 792 384 853 aegre
408 782 505 834 esset
529 773 621 833 mihi.

211 879 351 941 13313331
376 879 430 961 illi,
458 879 542 960 Verg.
566 882 638 941 den.
662 880 687 941 ll
715 882 807 955 (558)
836 879 1069 958 arirlsumque
1098 880 1257 941 humeris
1286 889 1421 960 eaput.

96 985 256 1046 aarrrlsum
280 985 316 1047 ab
340 985 403 1066 illo,
426 986 493 1046 Ter.
517 985 591 1048 Eun.
615 983 885 1061 (1113,rr)huc
910 996 1030 1065 sperat
1054 1006 1088 1047 se
1112 1007 1128 1047 3
1152 1007 1203 1048 me
1227 986 1391 1048 avellere,

212 1092 344 1173 Applicat
368 1091 436 1153 huic
460 1095 518 1173 rei,
548 1092 632 1173 Verg.
656 1095 727 1154 den.
752 1092 803 1151 xli
827 1093 923 1165 (303)
951 1103 1072 1153 terrae
1106 1093 1265 1173 applicat
1297 1097 1421 1175 ipsum.

124 1199 250 1280 applicat
278 1199 313 1258 ad
343 1198 417 1259 hanc
446 1217 522 1281 rem,
550 1198 609 1260 Cic.
634 1202 663 1259 in
688 1198 835 1259 Siciliensi
858 1202 902 1271 (13
936 1199 1019 1259 l'err.
1045 1201 1082 1260 Il
1104 1202 1164 1274 ts)
1197 1220 1233 1262 se
1265 1203 1306 1263 ad
1338 1205 1420 1263 ami·

124 1308 244 1367 citiam
269 1305 299 1365 P.
324 1305 356 1366 ll.
381 1306 560 1385 fidemque
584 1305 787 1387 applicarit.

212 1415 273 1491 Ago
297 1411 343 1472 illa
368 1430 414 1493 re,
443 1412 501 1473 Cic.
531 1431 585 1493 pro
610 1412 725 1493 Ligario
748 1413 852 1486 (110)
885 1431 985 1491 quam
1018 1415 1088 1473 isto
1122 1414 1221 1475 modo
1252 1434 1269 1475 a
1302 1426 1334 1476 te
1367 1419 1422 1495 agi

87 1518 313 1580 romaluisset
336 1567 343 1579 .
367 1537 420 1598 ago
448 1518 526 1578 illam
556 1536 631 1598 rem,
660 1517 716 1578 Sal.
744 1517 813 1580 hist.
841 1516 879 1576 lll
907 1519 1139 1581 amittendum
1169 1539 1298 1582 morem
1327 1522 1422 1583 bunc

126 1644 231 1706 quem
254 1627 376 1706 agitiS,
398 1624 483 1705 Verg.
506 1643 585 1704 geor.
610 1618 774 1706 1111054)
798 1627 1006 1704 magnisque
1029 1629 1167 1706 agitant
1191 1628 1254 1689 sub
1279 1628 1422 1708 legibus

126 1752 255 1794 aevum.

214 1842 282 1902 Adit
319 1840 354 1901 ad
391 1839 487 1920 illum,
524 1839 584 1899 Cic.
621 1838 656 1898 ad
694 1840 820 1900 drinium
858 1839 905 1901 lib.
944 1839 955 1898 Ι
992 1840 1031 1901 ad
1069 1841 1222 1903 llarcum
1259 1841 1422 1904 Bibulum

126 1948 307 2028 adierunt,
337 1947 404 2008 Ter.
428 1946 516 2007 Andr.
541 1946 709 2020 (17113)
732 1947 899 2006 adeamne
932 1946 971 2006 ad
1006 1966 1086 2008 eam.
1116 1944 1121 2031 Ι
1150 1949 1208 2009 adii
1235 1949 1331 2030 illum,
1363 1951 1422 2011 Cic.

87 2074 111 2112 m
126 2074 179 2135 pro
205 2055 316 2116 Scauro
341 2054 411 2125 (25)
435 2052 506 2113 adii
529 2071 656 2113 causas
679 2062 862 2114 oratorum
885 2101 893 2114 .
917 2055 974 2115 adii
997 2058 1027 2116 in
1051 2056 1147 2137 illum,
1172 2057 1249 2117 idem
1273 2056 1310 2116 de
1330 2059 1422 2136 signis

126 2166 171 2232 (iu
199 2160 853 2240 1333.1111211)331333333111313313
877 2172 982 2241 atque
1006 2165 1040 2224 in
1064 2163 1188 2225 borum
1207 2174 1422 2226 conventum

126 2268 301 2330 adieritis.

214 2375 324 2436 Adsum
357 2375 411 2449 illi,
445 2374 503 2435 Cic.
532 2393 586 2454 pro
610 2374 747 2436 Cornelio
770 2375 818 2437 lib.
842 2375 854 2434 l
878 2377 939 2437 das
971 2380 1065 2438 euim
1097 2377 1183 2439 mibi
1216 2378 1423 2439 facultatem

127 2485 270 2560 eosqui
299 2491 370 2542 tum
393 2482 579 2542 adfuerint
602 2481 771 2543 Cornelio
799 2484 1036 2545 nominandi.
1060 2484 1163 2547 adsum
1187 2485 1222 2545 ad
1247 2485 1316 2567 froc,
1345 2484 1421 2544 idem

86 2607 180 2669 sopro
204 2588 340 2649 Cornelio
364 2589 473 2649 facite
498 2597 534 2649 ut
558 2589 697 2663 1331113,
721 2591 780 2667 qui
804 2589 844 2650 ad
868 2608 1010 2651 eausam
1034 2591 1201 2652 adestis.

214 2696 335 2757 ,tbduoo
359 2695 394 2755 ab
418 2694 489 2774 11113,
512 2693 571 2755 Cic.
595 2714 649 2775 pro
674 2694 810 2756 Deiotaro
834 2697 959 2771 (1131),
988 2707 1024 2758 13
1053 2696 1093 2757 ab
1122 2717 1184 2757 avo
1208 2697 1391 2759 abduxisti
1417 2747 1424 2758 .

126 2804 240 2865 abduco
264 2804 334 2883 iltis,
357 2800 441 2880 Verg.
465 2800 584 2861 13311
608 2800 682 2875 (79)
706 2810 740 2862 31
762 2805 909 2882 gremiis
932 2803 1110 2865 abducere
1135 2814 1264 2884 pactas.

215 2909 322 2970 Adiuto
345 2908 401 2968 hoc
425 2908 499 2988 illos,
526 2905 585 2967 Cio.
614 2907 649 2967 ad
678 2907 894 2968 1331331131
927 2919 963 2969 13
996 2909 1132 2989 aliquid
1165 2930 1228 2971 nos
1260 2910 1424 2972 adiutare

126 3029 228 3099 potes
252 3065 258 3076 .
282 3015 380 3076 adiuta
404 3015 460 3074 boe
484 3013 554 3093 illis,
577 3014 644 3074 Ter.
669 3013 758 3094 llecy.
783 3009 855 3095 (III
875 3014 963 3088 231)

87 3143 113 3182 aa
177 3135 214 3186 13
239 3125 362 3204 pueris
386 3140 507 3203 curre,
530 3121 714 3201 Parmeno,
737 3120 873 3181 obviam
896 3130 1002 3201 atque
1027 3121 1081 3183 bis
1105 3142 1214 3184 onera
1239 3124 1370 3185 adiuta.

215 3231 348 3291 Admovit
371 3230 406 3289 ad
430 3229 505 3289 banc
529 3245 601 3302 rem,
625 3227 684 3288 Cic.
708 3226 744 3286 de
768 3245 830 3306 rep.
854 3226 879 3285 ll
904 3228 984 3300 (3,5)
1009 3232 1240 3308 nequeenim
1264 3230 1303 3290 ad
1328 3249 1423 3290 maro

127 3339 295 3417 admovit,
327 3335 418 3414 quod
451 3337 482 3395 ei
516 3336 587 3395 fuit
619 3333 828 3394 facillimum
856 3381 863 3394 .
892 3337 1023 3396 admonit
1051 3339 1131 3396 illam
1160 3354 1223 3396 rem
1252 3340 1308 3409 illi,
1338 3336 1423 3415 Verg

127 3448 196 3506 deu.
221 3444 274 3503 llll
299 3438 391 3524 (171)
415 3443 641 3520 admovitque
665 3459 776 3521 pecus
799 3440 1044 3520 flagrantibus
1067 3447 1148 3503 aris.

214 3551 257 3611 nd
294 3550 373 3611 illius
410 3566 534 3630 quaero,
571 3555 604 3608 ut
636 3545 830 3608 subaudiatur
860 3547 1002 3627 templum
1036 3551 1097 3610 sive
1130 3551 1243 3630 fanum,
1277 3550 1336 3611 Cic.
1369 3570 1423 3631 pro

86 3660 248 3730 soQuintio
277 3658 379 3732 (w)
412 3674 479 3715 non
512 3657 600 3715 satis
633 3663 710 3715 erat
741 3674 759 3711 3
790 3672 820 3714 m
852 3653 1062 3738 deberetur,
1099 3659 1169 3717 uisi
1202 3656 1242 3716 ad
1277 3656 1425 3719 Catonis

128 3774 474 3866 —ooax‘rarrnaa
518 3809 583 3864 se.
604 3809 649 3879 3.]
668 3810 750 3878 parer
826 3810 1045 3880 3313333
1128 3817 1156 3864 11
1179 3811 1301 3882 3333]
1320 3814 1426 3866 assaret

164 3900 196 3948 13
216 3892 283 3946 Adit
309 3891 388 3944 illam
417 3908 475 3945 rem
495 3906 563 3946 corr.
600 3890 668 3943 Adit
695 3888 731 3943 ad
759 3887 839 3942 illum
925 3896 958 3943 13
982 3890 1099 3961 Adiuto]
1124 3890 1230 3945 adiuta
1314 3892 1424 3963 adiuta]

127 3984 244 4038 Adiutat
315 3987 426 4065 torem
445 3997 495 4035 om.
567 3985 600 4034 17
620 3977 746 4033 admovit
763 3978 841 4033 illum
855 3994 913 4033 rem
928 3978 970 4033 illi
984 3995 1036 4033 om·
1107 3986 1140 4035 28
1160 3981 1256 4052 pecus]
1276 3966 1376 4050 pec'tus

127 4079 160 4128 ‘29
176 4072 291 4142 quaero]
311 4075 380 4140 pu'er

216 4207 324 4261 thuna
352 4205 445 4272 sperat
464 4203 500 4255 Μ
507 4200 567 4254 GP
584 4240 591 4254 .
611 4199 693 4256 oredo
721 4201 747 4256 ei
774 4201 884 4271 placere
913 4202 981 4270 hoe,
1009 4205 1104 4272 sperat
1131 4219 1159 4257 se
1188 4219 1205 4257 3
1232 4220 1276 4257 me
1304 4203 1425 4259 avellere

130 4287 273 4341 Terentius
345 4291 360 4338 7
380 4301 409 4338 33
428 4283 464 4336 ad
482 4280 635 4336 amicitiam
655 4281 792 4351 fidemque
810 4281 908 4351 populi
926 4281 1044 4336 Romani
1062 4283 1217 4352 applicarit
1235 4282 1327 4338 Cicero

127 4376 180 4424 33
197 4372 225 4423 13
244 4367 291 4436 agi
311 4367 402 4420 Cicero
476 4369 508 4417 10
526 4362 590 4416 hist.
609 4360 662 4432 Ill]
681 4361 852 4415 irroratione
871 4360 968 4414 Macri
984 4360 1006 4431 1
1023 4365 1059 4415 14
1140 4363 1324 4417 omittendum
1343 4364 1426 4418 codes

133 4448 284 4503 Vaticanus
303 4445 432 4499 Sallustii
518 4447 549 4495 11
576 4440 741 4510 magnisque
764 4438 875 4508 agitem
903 4440 1039 4509 Vergilias
1125 4448 1158 4495 13
1177 4442 1214 4495 ud
1238 4444 1370 4514 Anxium]
1389 4446 1425 4511 as.

127 4527 201 4582 Suet.
223 4525 295 4582 Caes.
314 4530 331 4578 9
353 4524 387 4577 de
409 4524 463 4577 1133
482 4520 638 4591 significare
657 4518 767 4574 videtur
785 4519 922 4574 31013333
940 4519 970 4574 iu
989 4519 1110 4588 quadam
1129 4521 1166 4575 od
1185 4521 1286 4576 Axium
1305 4523 1427 4592 epistula

127 4607 248 4660 referens
332 4610 363 4659 14
383 4604 516 4658 adeamne
535 4600 571 4656 ad
590 4616 653 4654 eum
674 4598 816 4652 Terentius
903 4606 935 4654 13
954 4600 1012 4655 adii
1030 4616 1109 4655 casua
1127 4606 1268 4658 aratorum
1288 4604 1427 4659 Ciceronis

127 4689 210 4742 codes
236 4686 417 4740 Tauriuensis
494 4689 526 4736 17
545 4680 660 4737 adiretis
679 4679 771 4735 Gicero
853 4688 885 4737 18
904 4683 941 4737 do
959 4681 1033 4736 enim
1054 4682 1090 4735 M
1171 4688 1203 4735 19
1222 4683 1371 4737 adfuerunt
1390 4684 1428 4737 M

154 4773 187 4819 ‘23
199 4766 223 4819 31
232 4769 264 4820 13
275 4781 324 4820 nos
333 4764 441 4834 aliquid
454 4765 489 4816 llf
537 4768 570 4817 311
590 4761 626 4815 ad
644 4759 720 4814 illius
734 4779 838 4829 quaero
854 4761 914 4816 GP
960 4769 994 4816 30
1008 4779 1063 4816 nou
1078 4762 1145 4816 satis
1157 4767 1218 4818 erat
1227 4763 1371 4819 intabnlis
1386 4765 1426 4819 iu-

128 4847 258 4918 sperisee,
278 4848 413 4915 quantum
430 4845 583 4909 deberetur,
601 4841 1007 4912 313131033131133333313333,
1026 4842 1425 4911 333313313313333133013313
