3316 5474
240 367 304 430 372
800 366 971 423 DOSITHEI

239 571 346 614 nomen
370 553 501 614 auctoris
525 554 554 612 iu
578 552 679 612 codice
703 552 834 614 additum
854 571 913 613 non
932 555 1058 634 invenit,
1080 562 1178 614 tamen
1197 555 1233 615 ad
1249 554 1421 615 Dositheum
1441 558 1542 615 omnia

239 679 315 741 quae
329 663 360 721 in
374 678 410 720 eo
425 662 535 739 scripta
552 669 622 719 siant
636 659 749 719 relerre
765 678 823 720 non
838 658 990 741 dubitavit,
1008 669 1165 740 propterea
1180 661 1258 740 quod
1279 680 1312 722 ea
1327 680 1404 743 pars,
1418 680 1494 741 quae
1508 664 1541 722 iu

239 766 418 847 Sangallensi
432 785 550 846 quoque
566 765 666 828 codice
682 765 790 845 legitur
804 774 834 828 et
852 785 887 827 ex
905 766 963 827 hoc
977 785 993 827 a
1008 765 1146 828 Goldasto
1160 768 1239 829 edita
1253 777 1326 849 erat,
1344 768 1400 829 hoc
1419 770 1540 830 nomine

237 876 378 954 inscripta
393 874 553 936 ferebatur.
576 873 699 934 eandem
714 875 858 934 rationem
868 882 990 935 secutus
1005 882 1050 935 est
1059 873 1265 957 boechingius,
1279 894 1347 938 cum
1362 879 1539 956 interpreta-

238 989 336 1042 menta
349 998 425 1061 quae
439 980 513 1042 dixit
523 979 654 1040 Dosithei
664 987 782 1060 praeter
796 981 908 1060 glossas
918 982 1016 1042 omnia
1026 998 1100 1060 quae
1115 983 1146 1042 in
1156 980 1297 1043 Vossiano
1312 982 1413 1043 codice
1427 985 1540 1063 scripta

237 1099 316 1171 sunt,
339 1087 469 1150 adhibito
486 1096 640 1168 praeterea
660 1087 840 1168 Sangallensi
859 1088 961 1150 codice
980 1096 1011 1150 et
1028 1089 1196 1168 apographo
1216 1089 1404 1170 Scaligerano
1427 1090 1539 1152 codicis

237 1197 376 1273 Puteani,
407 1195 484 1275 quod
513 1214 602 1275 supra
631 1199 871 1278 commemoravi,
899 1196 1002 1259 ederet
1024 1195 1080 1258 hoc
1104 1197 1204 1280 titulo,
1231 1193 1381 1260 ‘Dosithei
1404 1199 1539 1277 magistri

238 1307 572 1385 interpretamentomm
595 1303 671 1365 liber
695 1307 801 1372 tertius
824 1323 930 1385 graece
954 1311 985 1366 et
1006 1299 1116 1366 latinc'.
1162 1304 1294 1366 Goldssti
1317 1313 1415 1366 atatem
1438 1324 1537 1366 erem·
1640 1365 1649 1379 .

237 1411 319 1493 plum
350 1414 482 1473 imitatus
514 1412 611 1472 omnia
643 1429 719 1490 quae
747 1430 783 1472 ex
811 1411 857 1472 his
887 1410 1039 1473 codicibus
1069 1411 1161 1472 edidit
1188 1414 1276 1474 tertio
1303 1411 1379 1472 libro
1404 1411 1538 1478 dosithei

238 1519 366 1582 tribuit.
387 1521 445 1580 iam
468 1536 537 1580 vero
561 1520 591 1579 in
614 1518 795 1598 praefatione
818 1519 1006 1599 genealogiae
1028 1518 1134 1599 Hygini
1155 1522 1273 1580 inventa
1298 1526 1344 1579 cst
1362 1518 1538 1598 significatio

239 1629 392 1707 temporis,
424 1644 482 1706 quo
506 1645 574 1687 cnm
598 1625 707 1687 librum
734 1645 749 1686 a
779 1645 811 1686 se
839 1625 1022 1706 descriptum
1039 1645 1116 1687 esse
1145 1628 1273 1706 scriptor
1299 1623 1410 1686 indicat
1441 1645 1468 1705 p.
1493 1622 1538 1686 65

237 1734 283 1795 ed.
306 1734 422 1815 boeck,
450 1728 593 1817 Μαξίμῳ
620 1726 675 1794 καὶ
702 1723 816 1818 ”Aeropa
848 1723 988 1806 ὑπάτοις
1019 1725 1082 1812 πρὸ
1117 1753 1137 1812 γ
1169 1729 1270 1794 εἰδῶν
1298 1731 1537 1813 Σεπτεμβρίου

232 1833 370 1921 Ὑγίνου
388 1839 604 1921 γενεαλογίαν
623 1836 724 1901 πᾶσιν
743 1829 897 1919 praecipe
916 1833 1118 1920 μετέγραψεν,
1141 1836 1178 1901 ἐν
1196 1824 1217 1922 ᾖ
1237 1839 1368 1902 ἔσονται
1386 1839 1538 1914 πλείονες

237 1947 380 2029 ἱστορίαι
405 1940 683 2028 διερμηνευμέναι
706 1943 743 2009 ἐν
765 1939 873 2031 τούτῳ
896 1945 941 2033 τῷ
965 1946 1084 2032 βιβλίῳ
1109 1949 1245 2010 Maximo
1269 1957 1297 2010 et
1321 1949 1404 2025 Apro
1427 1967 1535 2010 consat-

236 2059 315 2118 tibus
337 2059 426 2117 tertio
450 2059 490 2117 id.
514 2056 702 2131 Septembres
726 2055 842 2131 Hypios·
861 2058 1072 2131 aeneatoeiom
1095 2058 1231 2117 omnibus
1254 2064 1354 2117 notam
1378 2059 1536 2133 descripsi,

237 2168 267 2225 ιἰι
291 2182 352 2238 qun
376 2167 591 2240 maniplares
613 2165 760 2223 historiae
783 2165 1002 2238 interpretatae
1025 2165 1055 2224 in
1083 2166 1140 2224 boc
1168 2165 1259 2238 libro,
1289 2165 1338 2242 qui
1367 2171 1413 2224 est
1440 2181 1536 2225 atinus

236 2289 264 2350 p.
289 2269 356 2330 Chr.
380 2288 407 2329 ιι.
431 2266 504 2330 207.
541 2271 640 2349 itaque
669 2288 736 2329 cum
765 2278 795 2330 et
821 2269 894 2329 haec
921 2277 952 2331 et
979 2269 1093 2350 reliqua
1116 2273 1214 2330 omnia
1237 2289 1312 2350 quse
1336 2290 1404 2331 cum
1427 2270 1535 2351 Hygini

237 2377 385 2455 excerptis
418 2377 575 2437 coniuncta
612 2383 682 2436 sunt
714 2374 854 2437 Dositheo
886 2377 1027 2456 magistro
1059 2376 1277 2458 tribuerentur,
1310 2387 1392 2438 certo
1425 2378 1535 2439 indicio

236 2483 356 2544 delinita
379 2502 445 2544 esse
470 2482 624 2543 videbatur
647 2490 727 2542 aetas
750 2484 946 2565 grammatici,
973 2484 1052 2563 quod
1080 2485 1207 2564 primus,
1235 2487 1266 2545 ni
1290 2484 1387 2566 lallor,
1416 2483 1534 2545 Valcke-

237 2593 337 2652 narius
361 2611 388 2671 p.
415 2590 475 2652 111
501 2590 557 2651 hoc
582 2590 750 2651 testimonio
774 2608 846 2651 usus
869 2593 1078 2669 pronuntiarit.

257 2712 260 2716 ·
326 2697 554 2759 Verumtamen
582 2699 727 2759 incertam
755 2716 820 2758 esse
849 2697 924 2759 hanc
951 2700 1219 2780 ratiocinationem,
1246 2718 1303 2779 qua
1327 2699 1412 2777 vulgo
1435 2702 1534 2760 omnis

237 2825 311 2886 quae
334 2806 395 2866 diri
415 2805 554 2866 Dositheo
574 2803 761 2885 tribuuntur,
785 2804 991 2867 animadvertit
1008 2807 1040 2867 tl.
1055 2806 1233 2888 boucherie,
1255 2807 1407 2886 professor
1421 2805 1533 2867 Monte·

236 2913 425 2994 pessulanus,
449 2913 486 2973 de
505 2912 607 2973 codice
626 2911 884 2992 blontepessulaoo
903 2910 982 2995 306,
1005 2932 1041 2974 ex
1066 2933 1124 2993 quo
1148 2912 1252 2975 similia
1276 2913 1418 2993 quaedam
1442 2915 1533 2975 inter·

234 3029 418 3100 pretamenta
441 3018 546 3101 edidit,
575 3019 742 3100 disputans,
770 3027 903 3099 comples
931 3020 1042 3082 rendus
1069 3020 1122 3081 des
1149 3021 1271 3081 seances
1299 3021 1335 3080 de
1358 3020 1533 3082 l’hcademie

235 3127 288 3187 des
315 3128 507 3207 inscriptions
539 3136 569 3188 et
601 3125 693 3187 belles
721 3124 824 3186 lettres
851 3144 875 3186 a.
901 3123 985 3187 1868
1012 3144 1042 3205 p.
1065 3123 1128 3188 271
1158 3135 1188 3189 et
1215 3129 1330 3188 notices
1358 3136 1389 3188 et
1411 3132 1534 3190 extraits

235 3235 287 3295 des
312 3222 489 3295 mandscrits
512 3233 548 3294 de
573 3233 598 3293 la
621 3232 823 3311 bibliotheque
847 3231 992 3293 nationale
1015 3251 1041 3293 v.
1064 3232 1158 3294 lllllll
1181 3232 1202 3294 2
1225 3227 1265 3317 (a.
1288 3229 1388 3318 1872)
1411 3255 1439 3315 p.
1458 3233 1532 3298 280.

234 3407 380 3477 diligentia
410 3411 435 3460 st
461 3406 553 3460 dudio
580 3405 758 3475 troitsscripai
784 3405 857 3460 bunc
883 3405 984 3459 liberem
1009 3408 1061 3460 etc.
1090 3398 1227 3476 ὑδροχόος
1254 3408 1401 3476 squamam
1433 3404 1534 3477 ἰχθύες

230 3488 319 3557 pisces
337 3487 382 3556 (ci.
401 3486 500 3542 Loewe
518 3485 611 3556 prodr.
630 3502 703 3554 corp.
723 3485 805 3554 gloss.
823 3485 875 3538 lat.
893 3502 919 3554 p.
939 3486 1002 3555 aot)
1021 3526 1027 3539 .
1046 3488 1112 3555 post
1134 3487 1185 3541 has
1203 3487 1307 3557 scripta
1325 3490 1389 3542 sunt
1408 3505 1441 3542 ea
1459 3507 1532 3558 quae

233 3585 318 3636 supra
345 3565 481 3636 indicavi,
508 3566 580 3621 sicut
603 3565 808 3635 aBoeckingio
831 3565 908 3620 edita
930 3567 1007 3634 sunt,
1030 3562 1198 3636 θαυμαστόν
1218 3562 1293 3622 ἐστιν
1311 3570 1467 3623 intrandum
1485 3575 1532 3624 eat.

235 3680 268 3690 -
283 3644 339 3716 ἤδη
358 3643 508 3718 ἐρχόμενος
528 3645 568 3709 νίς
586 3650 736 3717 βαλανεῖον
755 3648 812 3700 ism
829 3648 937 3701 οινίιιιε
955 3646 993 3700 ad
1010 3645 1137 3701 balneam
1155 3689 1162 3703 .
1181 3648 1216 3702 de
1234 3650 1327 3703 aetate
1346 3649 1449 3703 codicis
1468 3667 1532 3703 cum

234 3728 302 3783 olim
321 3727 431 3783 diversa
448 3730 540 3782 essent
553 3725 675 3781 virorum
689 3726 835 3780 doctorum
848 3725 965 3794 iudicia,
983 3724 1170 3797 Boeekingius
1183 3731 1296 3784 anctore
1310 3729 1405 3784 Geelio
1420 3731 1531 3785 saeculo

234 3807 381 3861 undecimo
400 3824 455 3863 non
474 3806 660 3874 antiquiorem
685 3823 745 3861 esse
767 3805 870 3860 librum
893 3806 1069 3862 adseveravit
1092 3850 1098 3862 .
1123 3808 1159 3862 ad
1183 3810 1308 3864 isaacum
1332 3810 1461 3864 Vossium
1485 3810 1532 3865 ‘ex

234 3886 409 3942 Bibliotheca
423 3886 575 3941 Christiani
589 3886 710 3956 Rumpfii
724 3885 852 3954 Medici’,
871 3888 944 3942 sicut
961 3886 990 3940 in
1008 3887 1100 3957 primo
1118 3889 1186 3944 tolio
1205 3890 1308 3945 codicis
1326 3891 1459 3960 scriptum
1480 3894 1532 3960 est,

234 3967 343 4022 delatus
366 3970 426 4022 erat
444 4010 450 4022 .
471 3967 635 4037 aanpfio
654 3968 773 4023 eundem
800 3968 925 4024 codicem
952 3970 1087 4024 utendum
1111 3972 1258 4040 acceperat
1286 3969 1436 4026 Salmasius
1461 3971 1532 4026 haec

234 4047 357 4103 scribens
376 4047 410 4103 de
428 4048 512 4104 modo
540 4065 685 4104 usurarum
714 4066 737 4104 c.
758 4054 790 4103 19
809 4067 835 4118 p.
855 4053 907 4103 877
931 4049 974 4103 ed.
992 4050 1081 4121 Lngd.
1101 4051 1162 4105 Bat.
1186 4066 1211 4106 a.
1232 4057 1309 4117 1679,
1332 4054 1412 4105 vetus
1435 4054 1532 4107 auctor

234 4128 387 4184 Graeculus
405 4129 435 4183 in
452 4127 609 4199 fragmento
629 4131 663 4185 de
681 4130 753 4198 iure,
773 4128 850 4184 cuiue
869 4146 948 4183 nsum
966 4130 1036 4185 mihi
1054 4130 1244 4186 commodavit
1261 4131 1430 4186 clarissimus
1444 4132 1530 4186 medi-

234 4209 313 4264 cinae
337 4209 434 4264 doctor
458 4208 630 4265 Christianus
652 4211 796 4281 Rumpfius
818 4211 930 4279 πρῶτον
952 4201 1004 4265 οὖν
1023 4213 1128 4281 ἴδωμεν
1145 4208 1276 4266 ποταινόν
1295 4207 1381 4266 ἐστιν’
1407 4230 1468 4280 sqq.
1492 4215 1530 4281 (p.

234 4296 270 4344 tc
288 4289 331 4344 ed.
349 4288 473 4357 Bacch).
510 4288 602 4344 minus
621 4293 729 4345 certum
748 4294 803 4358 est,
821 4310 887 4345 num
906 4292 1004 4347 eodem
1022 4290 1118 4347 codice
1135 4309 1203 4346 usus
1226 4290 1264 4346 sit
1286 4290 1346 4360 ipse
1364 4290 1477 4344 Vossius
1496 4291 1532 4344 de

233 4369 360 4425 Dosithei
387 4370 487 4440 glossis
514 4370 636 4427 scribens
662 4372 692 4427 iu
711 4371 813 4428 catull.
839 4389 866 4441 p.
886 4377 919 4426 97
949 4371 994 4426 ‘iu
1013 4370 1118 4425 Glossis
1143 4371 1283 4425 veteribus
1311 4365 1462 4438 ἐκμαγεῖον
1481 4376 1531 4425 ter·

233 4452 341 4520 perirem
359 4450 507 4520 exponitur
524 4451 569 4506 vel
588 4454 743 4520 tersorium,
761 4455 909 4521 uhumque
927 4452 1002 4507 enim
1021 4451 1114 4506 dixere
1132 4452 1248 4506 veteres.
1286 4451 1318 4504 ln
1337 4449 1441 4504 Glossis
1465 4466 1531 4505 vero

234 4529 361 4584 Dosithei
387 4526 538 4601 ἐκμαγεῖον
571 4535 696 4601 mantile,
732 4539 944 4604 χειρειιμαγεῖον
975 4547 1090 4600 mappa,
1126 4532 1156 4584 et
1191 4531 1398 4598 ποδιιιμαχείον
1431 4530 1529 4597 pedale

233 4608 381 4663 redditur’.
418 4628 483 4664 nam
502 4613 573 4666 dnae
593 4628 626 4666 ex
649 4613 692 4666 his
716 4613 817 4683 glossis
841 4612 871 4667 in
890 4608 1065 4683 Sangallensi
1089 4608 1183 4664 codice
1210 4610 1353 4678 leguntur,
1380 4605 1530 4679 ἐκμαγεῖον

233 4690 360 4756 mantile,
378 4698 591 4761 χειρενμαγεῑον
608 4709 726 4762 mappa5
744 4693 829 4747 tertia
847 4694 1054 4761 ποδεκμαγείον
1073 4692 1170 4762 pedale
1187 4689 1217 4744 in
1236 4689 1411 4760 Sangallensi
1435 4691 1530 4744 codice

151 4823 155 4829 .
233 4771 335 4825 ommes
363 4789 451 4840 neque
482 4772 512 4826 in
543 4772 604 4842 ipso
631 4772 782 4837 vossiano,
813 4772 886 4826 sicut
917 4772 1064 4827 adnotavit
1090 4771 1290 4826 Valckenarius
1318 4771 1336 4824 l.
1364 4786 1387 4824 c.
1415 4788 1440 4838 p.
1471 4777 1531 4839 110,

233 4853 348 4907 inventa
366 4856 415 4907 est
1170 4857 1174 4866 '
