3316 5474
554 377 661 432 CAPRI
680 375 969 432 ORTHOGRAPHIA
1161 419 1176 454 0
1369 371 1412 435 93

105 494 127 529 ρ.
143 477 283 518 esseron.

198 561 266 621 Sevi
290 579 426 640 messem,
450 579 509 620 non
533 563 615 621 serui
638 561 805 622 dicendum.

196 668 359 728 Pulchrum
382 687 450 728 cum
474 667 493 727 h
517 668 717 750 scribendum,
741 667 911 748 sepulcrum
935 669 998 727 sine
1022 665 1050 725 h.

199 773 277 834 Cella
301 777 430 854 penaria,
453 793 513 834 non
536 777 649 854 pinaria
672 774 841 835 dicendum.

197 881 367 960 Praecoqua
392 880 565 961 dicendum,
589 884 744 960 praecocia
769 879 973 941 deridendum.

198 986 357 1067 Peperaria
380 987 456 1047 mola
480 1006 539 1047 non
563 986 722 1047 dicendum
746 997 804 1068 est,
828 986 880 1047 sed
904 988 1050 1066 piperaria

198 1093 384 1154 Thesaurum
408 1096 472 1153 sine
496 1112 515 1153 n
540 1092 744 1173 scribendum,
768 1113 826 1153 non
851 1093 1044 1153 thensaurum
1068 1101 1098 1153 et
1120 1100 1228 1153 cetera.

198 1201 338 1262 Miserius
357 1203 415 1261 mei
434 1220 488 1280 per
508 1204 677 1280 genetivum
693 1200 828 1281 dicimus,
851 1209 881 1262 at
899 1219 953 1280 per
968 1202 1169 1260 accusativum
1183 1203 1342 1261 miseratus
1358 1218 1414 1260 me.

197 1307 288 1368 Pecto
312 1316 413 1387 caput,
438 1326 496 1367 non
525 1310 658 1387 pectino,
687 1316 721 1393 etr
738 1326 861 1388 pexum,
892 1325 951 1367 non
975 1309 1165 1387 pectinatum.
1209 1309 1252 1367 sic
1276 1314 1307 1368 et
1330 1301 1415 1386 ‘pexi

107 1424 218 1475 memet
241 1411 346 1476 hodie'
370 1424 400 1475 et
423 1410 556 1494 ‘pectam
580 1409 672 1474 cvas'.
710 1417 752 1474 sic
777 1416 844 1474 nexi
867 1434 883 1473 a
907 1422 1002 1474 necto.

69 1539 96 1578 so
200 1521 296 1582 Ructo
324 1531 354 1582 et
382 1523 485 1581 nausio
509 1519 681 1601 dicendum,
705 1523 838 1599 quamvis
862 1520 981 1599 quidam
1010 1528 1125 1578 veteres
1153 1527 1256 1579 ructor
1285 1527 1316 1579 et
1344 1537 1415 1578 nau·

108 1630 171 1688 sior
194 1629 332 1689 dixerint.
369 1646 428 1688 non
450 1646 536 1708 egeo,
562 1645 621 1687 non
647 1645 731 1707 egeo,
757 1646 817 1688 non
838 1637 905 1706 eget
926 1625 1098 1706 dicendum,
1124 1644 1183 1685 non
1205 1633 1304 1687 autem
1325 1644 1415 1704 egeor

108 1741 140 1794 et
164 1737 270 1813 egeris.

199 1840 270 1901 Dico
295 1859 341 1900 me
365 1843 521 1916 victurum,
544 1841 611 1901 dico
635 1841 718 1902 iilum
743 1843 899 1921 victurum,
923 1858 981 1900 non
1005 1841 1194 1900 vincitnrum.
1232 1840 1276 1900 sic
1295 1856 1413 1918 quoque

108 1950 250 2009 ficturum
274 1956 304 2008 et
326 1950 477 2027 picturum
500 1947 673 2029 dicendum,
698 1966 756 2008 non
780 1948 971 2026 pincitnrum.

70 2072 96 2111 rs
200 2053 273 2114 Fido
292 2055 373 2136 mihi,
393 2054 508 2115 conlido
529 2053 776 2135 obtendimus
796 2050 891 2133 nobis
911 2049 916 2128 Ι
937 2051 1113 2114 confidimus
1132 2052 1224 2113 vobis.
1262 2054 1305 2112 sic
1324 2050 1416 2112 fidere

109 2161 207 2222 media
235 2170 380 2241 correpta.
428 2181 495 2222 nam
524 2163 549 2221 si
577 2171 656 2222 esset
683 2160 773 2241 tideo,
807 2169 841 2220 ut
868 2169 955 2239 tepeo
983 2159 1080 2240 rideo,
1108 2160 1220 2220 faceret
1247 2157 1354 2240 fidere,
1383 2168 1418 2219 ut

110 2277 215 2348 tepere
238 2269 344 2329 ridere.

202 2374 309 2435 Sordet
336 2387 401 2437 acet
429 2386 499 2437 anet
525 2376 612 2437 lloret
640 2376 716 2436 calet
744 2374 861 2454 squalet
888 2384 953 2434 aret
976 2373 1113 2454 splendet
1135 2351 1227 2452 viget,
1254 2371 1327 2432 hacc
1350 2390 1416 2451 per-

111 2485 189 2543 lecta
213 2490 299 2563 sunt;
323 2492 353 2543 st
375 2487 521 2563 inceptiva
540 2482 686 2543 sordescit
704 2483 816 2542 acescit
834 2482 949 2541 acescit
967 2480 1100 2541 florescit
1119 2478 1239 2539 calescit
1258 2477 1417 2556 squalescit

71 2606 98 2645 so
111 2591 221 2650 arescit
243 2588 423 2668 splendescit
446 2591 576 2668 rigescit.

202 2695 367 2775 suffragor,
390 2714 449 2755 non
473 2698 610 2775 sutirsgo.
648 2698 690 2756 sic
714 2696 892 2773 suffragatus
916 2711 998 2774 sum,
1021 2712 1081 2754 non
1104 2694 1270 2775 suffragavi.

203 2873 215 2919 1
243 2866 307 2920 Sevi
327 2898 358 2905 —
378 2871 394 2918 2
414 2865 511 2920 sineh
535 2884 585 2922 om.
604 2866 720 2935 cosp,
738 2867 801 2920 cdd.
823 2865 861 2918 M
962 2871 978 2918 3
1002 2865 1074 2919 cells
1099 2867 1288 2937 pensrinnon
1307 2863 1419 2935 pinsris

112 2946 262 3001 dicendum
280 2947 331 3000 Bc
350 2946 421 3000 celle
438 2946 550 3015 pinsrie
563 2963 619 3001 non
637 2946 753 3016 pencris
770 2945 919 2999 dicendum
939 2944 963 2998 C
980 2944 1052 2998 cells
1069 2944 1185 3013 pencris
1203 2948 1282 3011 (corr.
1297 2943 1418 3014 pinnris)

113 3026 261 3081 dicendum
280 3031 315 3080 M
397 3033 413 3080 4
436 3025 606 3096 praecoque]
631 3042 812 3095 prscqnoqns
831 3026 868 3079 Μ
889 3040 1008 3092 precocs
1025 3022 1087 3077 ΒΟ.
1115 3041 1234 3094 prcecox
1252 3027 1283 3079 et
1304 3040 1417 3093 preecc-

112 3123 170 3176 que
195 3107 308 3160 Nostius
327 3123 356 3175 p.
375 3111 439 3171 150,
459 3112 494 3160 18
570 3105 727 3176 praecocia]
754 3105 899 3177 prsecotie
918 3106 954 3159 M
960 3104 984 3158 0
998 3103 1125 3176 precotis
1142 3104 1178 3157 B.
1205 3106 1321 3171 fortasse
1339 3120 1418 3173 pree·

113 3186 205 3240 coctio
294 3194 310 3240 ὁ
333 3186 479 3256 pepereris
501 3185 577 3239 mols
598 3201 654 3239 non
677 3186 797 3241 dicende
815 3188 860 3241 est
882 3184 930 3239 ssd
955 3182 1096 3253 pipernris
1115 3183 1152 3235 M
1169 3184 1311 3254 pepirnris
1329 3183 1418 3253 (pepi-

112 3266 184 3320 rntie
201 3266 239 3333 B)
262 3267 338 3320 mels
360 3282 415 3320 non
438 3265 586 3320 dicendum
610 3267 654 3319 cst
678 3265 727 3320 sed
750 3266 855 3335 pirnrie
872 3265 929 3318 Bc
945 3264 1084 3335 pepirsris
1102 3263 1178 3318 mols
1195 3263 1343 3317 dicendum
1362 3278 1418 3316 non

113 3401 168 3466 est,
183 3398 233 3452 sed
245 3399 351 3469 pireric
364 3418 386 3468 p
441 3407 457 3454 6
472 3348 624 3453 'rhemum
639 3398 727 3452 sinen
742 3399 920 3453 scribendum
934 3401 964 3453 et
976 3414 1032 3452 non
1045 3397 1226 3451 thensaurum
1236 3399 1265 3451 et
1278 3401 1373 3451 cetere
1383 3397 1421 3450 Μ

112 3478 287 3532 Theseumm
311 3479 370 3534 sine
394 3498 411 3532 n
436 3479 612 3535 scribendum
636 3481 666 3533 et
688 3481 782 3535 cetera
804 3480 832 3533 B
854 3479 1016 3534 thesaurum
1040 3475 1099 3532 sine
1118 3495 1136 3530 n
1160 3477 1190 3530 st
1212 3475 1350 3531 cetersO

116 3566 130 3613 7
151 3557 270 3613 dicimus
285 3561 315 3612 st
333 3575 382 3628 per
397 3560 434 3612 Μ
450 3560 598 3615 dicendum
616 3576 667 3630 per
684 3558 743 3614 BG
817 3566 833 3614 8
852 3559 892 3613 sic
910 3561 1022 3628 pectem
1041 3559 1145 3612 memet
1162 3556 1246 3611 hodie
1261 3558 1291 3611 et
1307 3557 1419 3627 pectem

112 3655 174 3692 cres
193 3637 231 3690 M
246 3637 286 3692 sic
304 3641 334 3692 et
351 3638 415 3707 pexi
433 3644 537 3695 memet
555 3643 586 3695 et
603 3643 714 3710 pectem
732 3657 792 3694 cres
810 3638 869 3693 ΒΟ
950 3643 984 3692 10
1002 3640 1081 3692 ructo
1100 3639 1129 3691 st
1146 3635 1245 3692 nnusio
1264 3636 1302 3688 M
1316 3636 1418 3691 Eructo

112 3717 146 3786 (E
164 3720 232 3786 rae.)
254 3721 284 3773 et
306 3718 402 3772 nensio
420 3718 448 3770 B
466 3721 496 3773 et
518 3723 596 3775 ructo
619 3721 650 3774 st
671 3718 809 3774 nsusioO
830 3721 860 3774 et
882 3721 961 3773 ructo
987 3721 1016 3773 et
1036 3732 1177 3775 nnuseos
1278 3718 1373 3772 ructor
1390 3718 1421 3771 et

113 3798 227 3852 nensior
245 3797 365 3853 dixerint
383 3797 421 3850 M
435 3797 565 3853 dixerunt
582 3801 677 3854 ructor
696 3801 725 3854 et
742 3799 855 3854 nensior
872 3799 930 3853 Bc
951 3796 1082 3852 dixerunt
1103 3800 1198 3852 ructor
1216 3799 1246 3851 et
1263 3813 1383 3853 nenseor
1401 3812 1418 3855 ς

1271 3879 1290 3918 e

186 3938 219 3985 13
242 3930 306 3986 dico
328 3949 373 3986 me
396 3933 536 3986 uicturum
559 3931 725 3987 discilium
750 3933 890 3987 uicturum
912 3931 959 3987 uel
982 3929 1121 3985 uicturum
1143 3948 1199 3985 non
1221 3930 1361 3985 uicturum
1389 3933 1419 3985 et

560 4015 579 4054 e

113 4065 255 4136 picturum
274 4064 423 4119 dicendum
440 4082 496 4120 non
514 4065 654 4137 picturum
673 4066 720 4119 uel
738 4064 880 4134 picturum
897 4064 925 4117 B
948 4064 1011 4119 dico
1030 4082 1075 4120 me
1093 4065 1233 4120 uicturum
1251 4064 1314 4119 dico
1338 4063 1420 4116 illum

339 4146 377 4186 nel
390 4147 522 4187 uinctumm
589 4150 628 4189 nel
641 4149 772 4198 pinctnrnm

113 4201 253 4257 uicturum
266 4216 323 4254 non
336 4199 501 4253 nictiturnm
515 4218 572 4274 non
590 4202 742 4272 picitnrum
761 4201 839 4267 (corr.
853 4197 1028 4267 pictitnrum)
1043 4198 1072 4252 0.
1090 4199 1154 4254 dedi
1167 4199 1332 4267 scripturam
1345 4196 1418 4251 codi-

114 4284 153 4338 cia
171 4281 218 4350 M,
236 4298 306 4351 quae
324 4281 365 4334 itu
383 4280 491 4334 videtur
508 4283 677 4338 coendum
695 4296 763 4346 csse,
781 4277 843 4333 dico
862 4293 907 4331 me
921 4277 1073 4347 victurum,
1091 4279 1154 4335 dico
1173 4279 1253 4333 illum
1272 4277 1420 4341 victurum,

114 4378 168 4417 non
193 4363 359 4417 vinctorum.
393 4360 433 4415 sic
456 4376 566 4430 quoqne
589 4363 719 4419 ficturum
743 4363 772 4417 et
794 4357 937 4430 picturum
959 4358 1122 4428 dicendum,
1146 4377 1200 4414 non
1224 4359 1372 4412 tincturum
1391 4357 1420 4409 et

113 4442 274 4513 pincturmn
348 4447 380 4494 16
399 4445 482 4510 tepeo
496 4441 585 4513 rideo]
604 4445 702 4512 torpeo
717 4440 815 4495 sordeo
833 4437 856 4491 O
925 4437 1010 4493 fidere
1028 4439 1060 4492 nt
1077 4440 1174 4509 tepere
1188 4436 1278 4491 ridere
1293 4435 1419 4493 Sordere.

115 4522 210 4577 sordet
222 4523 287 4576 scot
298 4525 366 4576 nnet
383 4522 463 4576 floret
481 4520 593 4591 squalet
611 4521 740 4591 splendet
757 4517 837 4587 uiget
850 4520 912 4573 eret
929 4517 998 4571 hnec
1016 4517 1141 4587 perfecte
1155 4519 1220 4572 sunt
1233 4519 1264 4571 at
1276 4516 1421 4587 inceptine

114 4605 181 4656 sunt
202 4601 338 4655 sordescit
359 4603 464 4656 acescit
486 4602 594 4656 suescit
615 4600 737 4656 florescit
760 4597 913 4668 squalescit
935 4597 1106 4667 splendescit
1128 4596 1248 4666 uigescit
1271 4595 1375 4652 nescit
1392 4597 1420 4650 Β

114 4681 199 4737 fidere
216 4683 312 4750 tepere
330 4681 441 4736 sordere
460 4681 555 4737 sordet
572 4683 658 4737 annet
674 4681 756 4737 floret
773 4678 862 4734 scalet
880 4681 960 4748 (corr.
975 4679 1097 4749 sqnslet)
1116 4677 1245 4748 splendet
1262 4676 1341 4746 uiget
1359 4680 1422 4733 sret

115 4763 185 4817 hsec
202 4761 328 4833 perfecte
341 4766 406 4817 sunt
418 4764 449 4816 st
465 4761 607 4832 inceptins
621 4764 687 4816 sunt
700 4758 835 4816 sordescit
848 4755 965 4813 occessit
982 4756 1112 4813 canescit
1128 4755 1251 4811 florescit
1268 4755 1422 4826 sqnslescit

114 4840 286 4912 splendescit
303 4841 424 4912 nigescit
442 4841 545 4897 arescit
564 4840 588 4894 0
657 4846 690 4895 ts
709 4838 859 4906 sordescit]
879 4837 974 4893 sordes
993 4837 1032 4891 M
