3316 5474
186 354 251 419 522
624 354 808 426 [CORNELII
835 354 1058 427 FBONTONIS]

186 467 208 505 p.
222 456 283 496 ereo.
298 456 352 496 2194
364 455 388 496 Ρ.
878 471 885 485 .

273 540 358 602 Parsi
380 548 411 601 et
433 541 562 620 peperci.
608 543 689 621 parsi
711 540 818 620 semel,
840 542 962 621 peperci
985 541 1110 619 saepius,

276 648 379 708 Dicere
398 656 429 709 et
446 647 528 727 loqui
547 657 578 708 et
596 666 725 708 narrare.
767 647 895 708 dicimus
914 647 993 727 quod
1012 646 1162 727 volumus,
1185 644 1357 726 loquimur
1377 652 1519 731 invicem,

186 772 342 816 narramus
366 754 444 834 quod
468 756 630 833 ignoratur.

272 861 378 923 Vultus
401 872 496 922 etos.
541 861 641 923 vultus
664 863 784 942 proprie
808 861 950 941 bominis,
973 879 1007 920 os
1030 861 1170 922 omnium.
1191 858 1197 941 Ι

273 971 449 1031 Memoriose
464 976 494 1030 et
508 971 688 1029 memoriter.
726 969 922 1029 memoriosus
941 949 1031 1029 babet
1049 968 1085 1029 ad
1103 978 1289 1030 vetustatem
1312 971 1514 1032 referendam
1535 986 1547 1025 ὁ

184 1079 370 1157 memoriam,
394 1095 507 1137 mernor
529 1074 668 1137 beneficii
691 1078 864 1137 memoriam
886 1075 932 1138 vel
955 1078 1080 1137 iniuriae
1104 1077 1207 1137 refert.
1253 1079 1301 1138 ita
1322 1081 1513 1141 memoriose

185 1187 236 1263 qui
269 1185 351 1265 facit,
384 1183 514 1245 ostendit
545 1185 575 1242 in
605 1185 686 1243 omni
713 1202 747 1243 re
776 1192 898 1245 naturae
931 1181 1057 1264 bonum;
1089 1184 1263 1244 memoriter
1300 1193 1436 1264 gratum
1467 1185 1511 1246 rel

185 1291 292 1353 fortem
320 1310 356 1351 ex
384 1309 419 1351 eo
447 1289 590 1371 ostendit,
618 1289 698 1369 quod
726 1301 778 1352 aut
806 1289 945 1351 retribuit
967 1289 1144 1352 beneficium
1168 1300 1253 1369 grate
1277 1301 1336 1353 aut
1360 1295 1508 1355 iniuriam

185 1399 314 1459 vindicat
336 1391 462 1459 foriiter.

274 1505 419 1567 Ordinare
443 1514 473 1566 et
496 1504 663 1585 disponere.
709 1505 856 1566 ordinatio
880 1505 1004 1585 simplex
1028 1513 1087 1586 est,
1110 1504 1265 1584 dispositio
1292 1525 1380 1587 vaga.
1517 1524 1540 1562 o

275 1613 497 1674 Consideratius
520 1620 551 1672 et
575 1610 821 1673 considerantius.
858 1612 1075 1672 consideratius
1098 1611 1309 1690 praeverbium
1329 1632 1369 1674 ex
1391 1632 1503 1694 cogno·

185 1724 279 1801 mine,
302 1720 540 1781 considerantius
563 1738 599 1779 ex
622 1721 786 1799 participio.

272 1827 444 1888 [dedicatum
469 1834 499 1886 et
522 1833 736 1887 consecratum.
773 1825 927 1886 dedicatur
945 1825 1015 1906 deo,
1038 1833 1230 1887 consecratur
1249 1830 1337 1905 quasi
1357 1838 1501 1891 sanctum

185 1937 388 2014 constituitur,
411 1934 468 1994 boc
492 1942 538 1993 est
560 1934 714 1994 dedicatur
737 1933 807 2013 deo,
830 1942 1022 1994 consecratur
1045 1933 1124 2013 quod
1147 1933 1307 2013 profanum
1331 1936 1383 1995 sit.

273 2043 426 2114 Quatenus
450 2048 480 2101 et
503 2042 650 2119 quatinus.
697 2048 844 2119 quatenus
867 2058 925 2119 qua
948 2040 1021 2121 fine,
1044 2043 1182 2118 quatinus
1205 2043 1357 2120 quoniam.
1512 2059 1534 2097 n

273 2148 458 2209 Voluntatem
478 2156 508 2207 et
527 2147 713 2226 voluptatem.
760 2145 896 2207 voluntas
919 2148 995 2208 facto
1013 2147 1135 2228 gaudet,
1158 2147 1293 2228 voluptas
1313 2151 1383 2211 fieri
1402 2154 1498 2231 cupit.

274 2254 472 2315 Novissimum
495 2263 526 2313 et
549 2252 693 2313 ultimum.
739 2254 932 2314 novissimum
956 2253 1082 2335 ordinis,
1106 2254 1244 2316 ultimum
1268 2255 1361 2318 orbis.

273 2361 387 2422 Furtim
412 2370 442 2421 et
464 2361 606 2421 furaciter
636 2370 665 2420 et
694 2361 810 2421 furtive.
857 2361 958 2422 furtim
987 2380 1056 2423 oum
1084 2363 1200 2441 incipit,
1232 2362 1380 2425 furaciter
1408 2368 1495 2445 quasi

99 2544 102 2550 Ι
184 2470 342 2531 artificiose
370 2488 387 2528 a
415 2468 629 2529 consuetudine
657 2467 817 2542 involondi,
851 2470 960 2529 furtive
985 2466 1008 2547 †
1037 2471 1095 2529 iam
1123 2468 1200 2547 quod
1231 2469 1372 2532 ablatum.
1420 2492 1494 2552 ergo

185 2578 287 2637 furtim
312 2577 453 2637 furaciter
476 2576 562 2636 furax
586 2575 693 2634 furtive
716 2573 800 2635 locus
824 2575 902 2636 facit.
1506 2593 1531 2633 oo

272 2683 367 2745 lmum
399 2693 430 2744 et
461 2684 603 2743 infimum.
654 2684 745 2743 imum
779 2700 893 2742 summo
926 2684 1100 2764 respondet,
1131 2686 1266 2744 infimum
1299 2684 1381 2746 velut
1414 2688 1493 2748 infre
1578 2676 1584 2687 ’

184 2792 316 2853 burnurn.

273 2898 465 2959 Commodare
490 2907 519 2959 et
543 2896 774 2956 accommodare.
820 2896 986 2956 commodat
1014 2905 1147 2957 mutuam
1173 2900 1345 2980 pecuniam,
1373 2918 1491 2961 acrom-

185 3005 282 3066 modat
305 3014 393 3084 aptat.

274 3112 468 3192 splendorem
492 3119 521 3171 ct
545 3110 698 3188 fulgorem.
745 3110 837 3188 fulget
860 3120 978 3192 natura,
1007 3119 1040 3171 ut
1064 3113 1141 3190 ignis
1163 3111 1221 3191 sol,
1249 3111 1386 3192 splendet
1411 3124 1530 3190 ortena

183 3228 217 3279 ut
239 3237 345 3279 aurum
368 3225 532 3297 argentum.

272 3325 380 3385 blereri
407 3336 438 3385 et
466 3342 590 3384 merere.
637 3333 730 3383 meret
763 3325 906 3404 pretium,
938 3333 1070 3385 meretur
1102 3327 1234 3404 gratiam.
1280 3327 1381 3404 itaque
1416 3327 1491 3390 illud

184 3433 340 3513 vectigale,
363 3432 419 3492 boc
443 3431 635 3491 honorarium
659 3440 712 3490 est.

273 3536 380 3598 l‘edale'
403 3548 432 3599 ct
456 3538 570 3618 pcdnle.
617 3535 719 3614 pedale
744 3554 883 3596 mensura
906 3545 952 3597 est
975 3538 1072 3619 pedis,
1100 3538 1206 3618 pedule
1231 3558 1300 3600 vero
1324 3539 1381 3600 sub
1406 3543 1490 3621 pedi·

183 3645 239 3706 bus
263 3654 393 3724 praestat
417 3645 581 3705 utilitatem.
1505 3664 1531 3704 so

272 3751 419 3811 Araricum
444 3761 473 3812 et
496 3767 640 3811 erraticam.
683 3767 823 3808 araucum
846 3750 925 3827 quod
950 3759 1062 3811 textum
1087 3761 1147 3833 est,
1173 3772 1278 3813 aranea
1304 3773 1378 3833 quae
1404 3759 1491 3819 texit.

272 3858 447 3938 Opinionem
471 3868 502 3918 et
525 3876 675 3919 rumorem
700 3868 730 3918 et
754 3860 866 3918 famam.
913 3862 1012 3938 opinio
1037 3860 1185 3922 bominem
1210 3872 1382 3941 suspectum
1408 3866 1491 3949 facit,

260 4075 297 4203 ,ld
307 4067 382 4121 lnler
401 4067 475 4136 parsi
503 4070 532 4122 el
559 4067 671 4138 peperci
696 4110 701 4120 .
724 4065 800 4135 persi
819 4065 918 4134 semol,
946 4069 1058 4136 peperci
1077 4071 1136 4124 tem
1160 4071 1246 4124 semel
1269 4087 1353 4139 quarn
1373 4075 1490 4145 saepius

182 4151 239 4205 cod.
296 4153 352 4204 ortt.

183 4278 393 4287 --..--——

257 4365 267 4410 f
289 4355 366 4410 Persi
386 4357 415 4408 et
433 4354 543 4422 peperci
562 4353 636 4422 parsi
655 4353 741 4407 semel
759 4353 871 4422 pepersi
889 4353 1000 4421 cespius
1018 4355 1050 4409 N
1068 4378 1074 4410 :
1093 4355 1206 4427 peperci
1224 4361 1336 4425 utroque
1356 4358 1416 4412 loeo
1435 4377 1453 4418 ς

182 4442 198 4489 b
218 4437 253 4491 nd
271 4438 442 4492 vetustatem
461 4434 645 4503 referendam]
666 4435 702 4488 ad
721 4433 797 4487 dicio
815 4434 945 4503 factaque
963 4436 1108 4492 referenda
1126 4453 1142 4495 ς
1213 4442 1229 4490 8
1250 4437 1323 4505 quod
1343 4439 1390 4493 uel
1404 4442 1488 4496 retri-

183 4518 244 4572 buit
263 4534 279 4573 ς
298 4559 304 4572 .
324 4519 355 4570 io
374 4517 462 4571 codice
481 4521 573 4570 utrum
593 4523 610 4568 ri.
628 4522 665 4569 orl
683 4520 701 4567 ir
720 4516 851 4584 scriplum
869 4519 935 4568 esaei
952 4523 1096 4571 concerto
1115 4518 1266 4586 ‹opparebol
1345 4525 1379 4572 10
1396 4523 1489 4592 vago]

182 4596 260 4650 veria
278 4598 392 4650 coniecit
405 4595 595 4650 Buttmomtus
667 4601 700 4647 14
719 4595 834 4661 sortasse
852 4596 997 4650 dedicetur
1011 4596 1064 4649 deo
1079 4596 1204 4650 debiturn
1275 4597 1456 4666 prophanum
1471 4619 1489 4660 ς

182 4675 299 4743 profano
317 4676 350 4729 N
428 4682 460 4729 lb
480 4676 547 4746 fine]
565 4674 627 4729 finis
645 4675 676 4727 N
694 4676 741 4729 fini
760 4692 777 4733 ς
860 4684 891 4731 19
911 4675 1061 4747 quodiam
1080 4677 1205 4730 ablatum
1225 4675 1377 4732 Fabricius

182 4759 213 4805 21
236 4754 323 4822 velut]
342 4758 408 4813 uls
487 4762 521 4808 25
541 4755 669 4824 splendet
686 4755 805 4810 artificio
824 4756 975 4811 Fabricius
1053 4759 1112 4811 arte
1130 4773 1181 4811 om.
1199 4756 1265 4815 Νς
1341 4763 1376 4811 28
1395 4760 1489 4817 bono·

180 4836 286 4890 terium
305 4834 469 4902 Fabricius,
488 4836 656 4890 honoratum
675 4835 707 4888 N
775 4841 810 4889 29
829 4836 930 4906 pedule
950 4854 1016 4891 uero
1035 4838 1086 4891 snb
1105 4851 1122 4895 ς
1140 4837 1241 4906 mdule
1260 4853 1278 4891 a
1296 4836 1349 4891 sub
1366 4838 1402 4895 N
