3316 5474
257 369 324 442 392
821 369 993 430 DOSITHEI

256 477 409 529 annm

257 561 373 623 duobus
403 563 541 643 integris,
574 570 607 622 ut
636 559 856 642 suburbanum3
892 580 928 621 ex
965 559 1082 621 duobus
1114 559 1276 638 corruptis,
1313 567 1346 619 ut
1374 558 1491 640 opilex3
1530 577 1566 619 ex

256 669 372 747 integro
400 676 430 728 et
452 678 607 749 corrupto,
635 676 669 728 ut
691 670 810 748 ineptus
833 669 954 748 artile13
977 686 1013 728 ex
1037 675 1179 746 corrupto
1203 674 1232 726 et
1255 669 1385 747 integro,
1416 672 1452 725 ut
1475 666 1565 725 armi-

256 783 375 855 potens3
398 774 555 855 aliquando
578 774 787 856 expluribus,
811 782 844 834 ut
867 772 1102 855 inexpugnabilis
1125 771 1324 833 inexorabilis.

344 881 468 943 Numeri
500 892 570 944 sunt
597 881 638 960 ll,
670 881 841 961 singularis,
875 890 907 942 ut
938 881 986 942 hio
1016 881 1101 961 Cato,
1132 879 1267 961 pluralis,
1301 888 1334 940 ut
1366 878 1398 938 hi
1425 878 1566 939 Catones

257 997 327 1051 sunt
350 998 449 1052 autem
473 988 616 1069 quaedam
641 991 760 1050 nomina
783 1007 901 1069 semper
923 988 1062 1068 pluralia,
1085 996 1119 1048 ut
1141 986 1244 1047 sordes
1265 989 1393 1066 moenia3
1417 987 1592 1065 quaedams

258 1097 438 1176 singularem
460 1097 665 1178 pluralemque
689 1114 847 1157 numerum
871 1097 1068 1156 communiter
1091 1095 1270 1175 signillcant,
1297 1103 1330 1154 ut
1358 1093 1421 1154 dies
1450 1092 1566 1175 nubes,

258 1205 401 1283 quaedam
420 1207 566 1285 positione
586 1203 745 1284 singularia
764 1202 916 1264 intellectu
936 1201 1068 1282 pluralia,
1088 1209 1121 1262 ut
1139 1200 1266 1281 populus
1285 1203 1397 1276 conti03
1417 1202 1565 1280 quaedam

258 1314 406 1392 positione
429 1312 552 1392 pluralia
573 1311 750 1386 {intellectu
774 1310 947 1392 singularia,
971 1318 1005 1371 ut
1028 1308 1137 1369 Cumae
1161 1308 1291 1368 Athenae
1315 1306 1443 1368 Thebae.

347 1418 440 1480 Casus
469 1428 540 1480 sunt
563 1417 613 1500 Vl,
643 1420 841 1479 nominativus
869 1419 1023 1496 genetivus
1052 1416 1168 1477 dativus
1198 1417 1383 1476 accusativus
1412 1418 1566 1477 vocativus

258 1525 410 1587 ablativus.
443 1525 569 1587 adicitur
588 1544 604 1585 a
623 1524 859 1604 diligentioribus
879 1525 967 1584 etiarn
990 1525 1135 1603 septimus
1158 1541 1252 1583 casus.
1285 1540 1403 1602 semper
1417 1522 1566 1585 ablativus
1579 1538 1605 1578 ιι

259 1651 317 1693 ιιοο
346 1632 433 1694 modo
461 1634 626 1714 profertur,
654 1651 723 1693 cum
751 1651 767 1691 a
794 1649 921 1710 persona
951 1641 1002 1692 aut
1025 1649 1045 1699 a
1074 1629 1138 1689 loco
1167 1639 1219 1691 aut
1240 1649 1257 1690 a
1280 1649 1313 1690 re
1337 1628 1465 1691 ablatum
1491 1631 1564 1710 quid

258 1744 458 1816 significetur,
481 1740 572 1801 veluti
596 1736 643 1801 ‘ab
662 1742 760 1800 Aenea
779 1723 1042 1818 stirpem'deducit
1061 1737 1219 1818 Romulus,
1242 1737 1278 1797 ab
1298 1735 1371 1798 urbe
1387 1740 1418 1796 in
1433 1738 1565 1798 Africam

261 1864 280 1870 -
291 1863 473 1870 -—..—·—.

348 1912 438 1967 Codex
456 1912 651 1983 sangallensis.
690 1911 898 1965 lsuburbanus
972 1910 1136 1982 tpopulus]
1151 1909 1205 1979 pl’s
1278 1916 1310 1964 11
1326 1907 1499 1978 significetur
1512 1925 1566 1964 om.

296 1992 383 2063 stirpe
455 1991 581 2046 affricam

348 2160 365 2206 4
384 2152 533 2223 singularis
556 2152 652 2206 ulbic
671 2151 792 2206 Calo-
812 2157 890 2220 401st
910 2151 1034 2206 omnium
1056 2150 1223 2206 iustissimus
1246 2150 1348 2205 dicitur
1371 2151 1476 2218 scripta
1498 2157 1568 2206 aunt

259 2234 290 2286 in
309 2234 399 2287 cadica
418 2235 582 2289 Monacenai
601 2237 664 2299 601,
683 2233 762 2286 anina
780 2231 904 2287 lectionar
926 2250 944 2286 a
967 2234 1107 2301 scriptura
1131 2232 1232 2286 codicia
1250 2231 1439 2300 sangallensis
1461 2233 1566 2287 disere-

255 2319 355 2383 φονέει
369 2315 438 2382 (M),
457 2315 506 2368 nbi
524 2313 704 2368 memorabilis
723 2327 776 2365 essa
793 2311 853 2365 visa
871 2317 909 2366 eat
922 2313 1121 2380 discrepantia,
1140 2313 1280 2366 indicatae
1292 2317 1357 2364 sant
1429 2319 1567 2377 υπτωσις

263 2413 334 2449 ειτιν
346 2395 395 2459 εξοι
406 2393 492 2448 Casus
502 2396 568 2448 sunl
577 2410 624 2448 sex
636 2392 639 2461 Ι
650 2413 803 2463 ονοματιιιη
817 2391 1013 2446 Nominaliuus
1025 2393 1062 2446 M
1124 2400 1154 2446 11
1172 2393 1296 2447 ablatum
1307 2392 1374 2462 quid
1383 2391 1566 2462 significetur,

260 2475 340 2529 velut
357 2473 393 2527 ab
413 2476 507 2528 Aenea
528 2472 644 2542 stirpem
668 2474 783 2528 deducit
805 2472 953 2540 Romulus,
980 2472 1016 2526 ab
1044 2472 1112 2526 urbe
1139 2473 1168 2526 in
1190 2473 1314 2528 Africam
1339 2472 1412 2527 redit
1435 2480 1568 2543 excerpta

261 2554 398 2620 Charisii,
417 2558 562 2621 ιιφερεθεν
580 2575 607 2608 τι
625 2555 750 2608 ablatum
770 2553 837 2623 quid
859 2558 862 2618 Ι
884 2573 945 2608 oron
964 2574 1020 2608 ano
1039 2571 1149 2606 αινειου
1168 2552 1257 2606 ueluti
1276 2553 1312 2606 ab
1331 2569 1399 2607 enea
1419 2555 1424 2621 Ι
1445 2559 1478 2620 τῆ
1499 2556 1566 2620 ριζᾱ

258 2655 290 2690 το
309 2654 390 2704 γενος
409 2633 496 2703 stirpe
514 2651 602 2704 genus
618 2635 623 2704 Ι
639 2653 756 2703 ιαταχει
775 2638 897 2703 Ρομνλος
916 2633 994 2689 ducit
1011 2635 1145 2690 Romulus
1166 2635 1171 2702 Ι
1193 2653 1249 2688 nno
1269 2638 1359 2704 Ρομης
1384 2652 1424 2696 εις
1447 2650 1464 2687 ει
1485 2651 1569 2690 roma

261 2714 291 2770 in
308 2720 312 2784 Ι
328 2721 436 2783 appear}
457 2733 575 2782 ετανειη
593 2713 707 2768 africam
726 2714 799 2768 redit
818 2713 855 2767 M

977 2897 1050 2903 —.
1055 2898 1568 2907 *——.—-—-.

262 3017 306 3098 ὡς
324 3016 362 3087 τὸ
380 3023 540 3105 τεχνίτης·
565 3019 601 3086 ἐκ
618 3021 745 3085 τελείου
767 3017 822 3085 καὶ
841 3014 1093 3104 ἀπολείποντος,
1117 3015 1162 3098 ὡς
1179 3017 1217 3086 τὸ
1237 3016 1385 3104 ἀδρανής
1402 3023 1568 3106 τεχνίτης·

261 3127 295 3206 ἐξ
322 3122 561 3204 ἀπολείποντος
592 3125 647 3191 καλ
679 3129 807 3191 τελείου
884 3127 1020 3193 .ένίοτε
1049 3128 1084 3194 ἐκ
1111 3124 1289 3210 πλειόνων,
1320 3123 1364 3204 ὡς
1386 3123 1422 3192 τὸ
1447 3124 1568 3194 ιἰκατα-

261 3230 405 3319 μοίχητος
429 3229 693 3317 ἀνεκπολέμητος
716 3227 993 3317 ἆνεκὸυσωπητος

347 3336 504 3426 Ἀριθμοί
524 3343 610 3405 εἰσιν
634 3337 709 3423 δύο,
734 3337 858 3423 ἕνικός,
882 3336 926 3418 ὡς
948 3337 985 3406 τὸ
1010 3330 1107 3419 οὗτος
1131 3336 1148 3406 ὁ
1169 3337 1303 3423 Κάτων,
1326 3339 1567 3425 πληθυντικός,

262 3443 306 3526 ὥς
320 3444 357 3514 τὸ
373 3437 466 3514 οὗτοι
482 3449 517 3513 ol
528 3445 694 3524 Κάτωνες.
732 3450 823 3514 ἔστιν
838 3446 878 3512 δέ
889 3471 964 3512 τινα
979 3443 1126 3532 ὀνόματα
1145 3442 1196 3513 ἀεὶ
1215 3444 1441 3531 πληθυντικιί,
1465 3443 1510 3525 ὡς
1524 3447 1563 3516 τὸ
1581 3466 1595 3506 ⁵

261 3552 361 3639 βύποι
375 3558 480 3639 τείχη·
498 3550 574 3619 τινὰ
587 3550 648 3620 τὸν
662 3550 775 3620 ἑνικὸν
788 3552 844 3618 καλ
857 3549 1087 3638 πληθυντικὸν
1101 3550 1250 3638 ἀριθμὸν
1264 3555 1385 3632 κοινῶς
1400 3559 1568 3640 σημαίνει,

261 3656 306 3738 ὦς
329 3658 366 3726 τὸ
389 3657 495 3746 ἡμέρα
516 3659 652 3744 νεφέλη·
676 3656 751 3725 τινὰ
769 3662 809 3746 τῇ
828 3657 890 3744 μὲν
908 3659 1002 3725 θέσει
1022 3658 1130 3743 ἑνικά,
1153 3663 1199 3750 τῷ
1219 3658 1256 3725 dl
1276 3663 1323 3749 νῷ
1342 3663 1568 3747 πληθυντικοί,

262 3762 307 3844 ὡς
329 3763 366 3833 τὸ
390 3767 495 3850 δῆμος
516 3768 520 3848 Ι
541 3765 707 3850 ἐκκλησία·
736 3762 812 3831 τινὰ
834 3767 873 3852 τῇ
902 3762 972 3850 μέν
999 3765 1093 3832 θέσει
1121 3766 1348 3851 πληθυντικά,
1376 3771 1421 3858 τῷ
1451 3766 1489 3835 dl
1516 3774 1567 3861 νῷ

263 3869 372 3956 ἑνικά,
396 3869 440 3950 ὡς
463 3869 500 3938 τὸ
525 3875 638 3956 Kopai
659 3873 800 3958 Ἀθῆναι
824 3874 939 3958 Θῆβαι.
1240 3862 1242 3869 ’

352 3977 502 4057 Πτώσεις
534 3978 620 4045 elain
644 4002 677 4064 ς,
710 3976 912 4065 ὀνομαστικὴ
946 3976 1060 4065 γενικὴ
1094 3978 1208 4066 δοτικὴ
1236 3979 1398 4066 αίτιιιτικὴ
1429 3980 1567 4070 κλητικὴ
1583 4003 1611 4042 10

262 4082 474 4173 ἆφαιρετικη,
497 4081 518 4172 ἢ
537 4084 592 4152 καὶ
611 4081 815 4171 ἅπενεκτικη.
852 4083 1095 4171 προσβάλλεται
1113 4085 1202 4172 παρὰ
1220 4091 1288 4154 τῶν
1308 4089 1568 4175 ἐπιμελεστέρων

261 4194 317 4262 καὶ
345 4191 470 4280 ἑβδόμη
500 4195 631 4271 πτῶσις.
677 4189 728 4259 ἀεὶ
760 4188 780 4278 ἡ
812 4189 1006 4277 αἰπενεκτικὴ
1040 4194 1090 4261 ένλ
1121 4193 1233 4284 τρόπω
1266 4195 1451 4280 ἐκφέρεται,
1485 4192 1568 4263 ὅταν

263 4298 328 4369 ἀπὸ
352 4299 534 4386 προσώπου
556 4295 577 4385 ἢ
601 4296 666 4367 ἀπὸ
689 4297 795 4367 τόπου
819 4294 838 4384 ἢ
862 4296 927 4366 ἀπὸ
951 4298 1142 4387 πράγματος
1166 4298 1353 4386 ἀφαιρεθέν
1373 4329 1403 4368 τι
1428 4308 1568 4388 σημαί-

263 4433 395 4493 νηται,
419 4401 494 4475 οἷον
518 4403 604 4491 ,ἀπὸ
624 4410 765 4473 Αἰνείου
782 4403 844 4491 τὴν
863 4407 956 4490 ῥίζαν
975 4404 1012 4473 τὸ
1032 4409 1128 4492 γένος
1146 4406 1281 4494 κατάγει
1295 4406 1477 4495 Ῥωμύλος,
1501 4408 1565 4477 ἀπὸ

261 4512 385 4600 Ῥώμης
416 4518 463 4592 είς
491 4511 652 4600 Ἀφρικὴν
686 4511 873 4596 ἐπένεισιν,
906 4510 970 4579 ἀπὸ
1002 4517 1070 4581 τῶν
1101 4520 1242 4602 βιβλίων
1275 4519 1343 4583 τῶν
1376 4518 1568 4602 Κικέρωνος
1585 4537 1610 4576 1⁶

353 4698 479 4746 iovaore
562 4687 649 4759 ὃμὲν
672 4706 722 4745 σοι.
806 4696 838 4743 10
857 4709 959 4752 armana
987 4710 1065 4746 ειτιν.
1095 4693 1120 4745 S.
1146 4694 1255 4748 Nomin.
1279 4714 1451 4765 ονομακτικη
1535 4703 1563 4750 11

264 4790 420 4841 αφηρετικη
494 4778 526 4825 13
546 4767 646 4841 τόπου]
662 4789 768 4825 τουτου
839 4765 1003 4839 ἀφαιρεθέν
1017 4774 1056 4845 τι]
1072 4777 1265 4842 αφερελλενται
1334 4778 1502 4845 οημαίνηται
1516 4793 1566 4832 σοι.

302 4858 334 4906 lb
354 4870 472 4920 ennoean
544 4852 664 4923 βυβλιων
