3316 5474
225 379 290 444 228
614 452 622 464 ι
811 381 932 436 nunna

224 492 246 528 p.
260 480 366 521 aest-ot
381 481 405 520 Ρ.

225 564 353 626 vocalem
382 574 412 625 et
435 584 449 624 z
474 566 626 644 septimam
656 563 799 625 decimam
824 576 1034 627 consonantem
1061 576 1184 646 propter
1207 585 1311 646 graeca
1336 566 1437 650 verba,
1461 570 1525 646 qni-

224 671 281 734 bus
309 681 450 733 consuete
479 681 617 752 utuntur,
645 671 836 751 adsumpsere
860 670 965 734 Latini.
1008 692 1105 752 neque
1134 676 1212 735 enim
1243 674 1327 736 aliter
1355 685 1457 754 typum
1480 675 1526 735 vel

153 798 158 810 ·
223 781 317 841 zelum
346 779 392 840 vel
420 789 517 840 cetera
545 779 635 840 bnius
663 780 742 840 modi
770 799 829 859 qno
859 781 945 841 modo
974 780 1140 843 scriberent
1168 781 1322 844 habebant.
1360 785 1411 861 qni
1438 786 1525 844 etiam

223 896 291 966 post
312 889 534 967 perceptionem
558 886 720 947 dominicae
745 887 813 948 ndei
838 886 862 950 Η
884 885 1145 950 execrata
1168 908 1289 968 graecas
1313 890 1440 971 litteras,
1470 893 1525 952 etsi

223 1013 283 1055 non
306 997 336 1055 in
356 994 505 1074 alphabeti
524 994 657 1055 ordinem
677 996 838 1075 recipiunt,
862 994 968 1055 divinis
987 1003 1085 1055 tamen
1104 997 1219 1075 paginis
1238 995 1344 1056 inditas
1363 999 1551 1077 continents

224 1100 248 1164 Η
274 1095 422 1182 videlicet,
446 1120 521 1180 quae
540 1100 651 1181 duplici
670 1099 746 1180 apud
766 1119 818 1160 eos
837 1100 978 1162 scribitur
997 1102 1104 1184 ligura,
1123 1121 1182 1181 quo
1203 1103 1289 1163 tnodo
1309 1103 1385 1183 apud
1406 1103 1525 1164 Latinos

221 1208 319 1270 littera
339 1205 378 1288 ll,
398 1209 631 1268 intromittentes
650 1215 773 1287 propter
791 1209 999 1269 alletoritatem
1018 1211 1146 1280 nominis
1165 1209 1246 1290 lesu,
1268 1207 1292 1269 Χ
1307 1218 1342 1301 pt
1361 1208 1384 1271 Ρ
1403 1221 1525 1289 propter

223 1333 331 1376 nomen
346 1313 468 1396 Christi,
488 1310 515 1374 Ω
534 1322 657 1394 propter
676 1315 882 1374 auctoritatem
902 1313 1041 1375 dominici
1061 1317 1207 1376 sermonis
1226 1310 1293 1395 ‘ego
1312 1309 1418 1398 sumJA
1432 1327 1462 1384 et
1476 1313 1524 1378 ll’.

221 1421 305 1501 alpha
338 1423 448 1482 etenim
480 1429 593 1481 tantum
623 1421 740 1480 nomine
768 1420 929 1502 discrepat,
962 1429 1096 1483 ceterum
1128 1431 1159 1482 et
1191 1424 1284 1503 ligura
1312 1434 1343 1483 et
1377 1432 1523 1502 potestate
1556 1487 1558 1490 .

221 1537 352 1590 nostram
376 1528 399 1587 h
423 1529 601 1607 aequiparat
638 1545 705 1587 nam
728 1525 751 1588 Ρ
775 1525 955 1588 Graecorum
979 1528 1015 1588 ab
1038 1528 1063 1588 lt
1088 1538 1189 1590 nostra
1214 1538 1244 1591 et
1266 1531 1359 1610 ligura
1383 1530 1472 1591 distat
1494 1543 1524 1592 et
1540 1555 1565 1593 ιο

221 1637 348 1697 nomine.
390 1630 500 1717 porrol
524 1633 548 1697 Η
573 1644 603 1695 et
626 1631 653 1696 Ω
683 1635 740 1696 hoc
767 1653 784 1694 a
812 1637 923 1696 uostris
951 1634 975 1695 Ε
1004 1644 1034 1697 et
1062 1636 1086 1697 0
1114 1635 1268 1718 differunt,
1300 1637 1378 1717 qnod
1408 1657 1536 1725 semper·

221 1743 323 1822 longae
339 1750 417 1803 sunt.
450 1751 569 1803 nostrae
589 1750 687 1802 antem
707 1758 810 1801 omnes
829 1741 945 1802 vocales
964 1750 1034 1822 sunt
1053 1742 1222 1824 dichronae,
1241 1742 1297 1804 hoc
1317 1754 1362 1805 est
1382 1753 1411 1805 ct
1430 1745 1524 1805 brevi-

220 1850 277 1911 bns
302 1849 420 1930 syllabis
442 1848 556 1909 habiles
579 1858 609 1909 et
632 1848 742 1928 longis,
765 1867 824 1928 quo
849 1848 936 1909 modo
961 1859 991 1910 et
1015 1849 1133 1910 illorum
1156 1870 1178 1910 α
1197 1859 1257 1911 etc
1277 1860 1355 1912 etv.
1398 1870 1524 1931 namque

220 1976 237 2017 ε
259 1966 290 2018 et
313 1976 331 2017 o
356 1973 473 2035 semper
493 1954 569 2035 apud
593 1954 658 2015 illos
681 1953 787 2015 breves
812 1964 916 2016 natura
939 1964 1123 2036 permanent.
1160 1958 1259 2037 itaque
1283 1975 1386 2018 omnes
1409 1957 1524 2019 litterae

220 2061 329 2142 quibus
357 2064 468 2123 utimur
497 2071 567 2122 sunt
596 2059 713 2141 xxvii,
747 2060 862 2121 vocales
889 2061 1026 2134 videlicet
1053 2061 1118 2123 Vlll
1146 2071 1176 2123 et
1193 2071 1401 2139 „consonantes
1430 2063 1520 2124 unde·
1537 2086 1563 2124 ιε

220 2171 331 2249 viginti.
369 2169 420 2230 sed
445 2176 475 2229 et
498 2168 533 2229 de
557 2169 629 2247 ipsis
653 2168 802 2229 vocalibus
825 2170 834 2228 i
855 2178 923 2230 eto
946 2168 1121 2249 plerumque
1141 2171 1171 2230 in
1191 2172 1418 2231 consonantium
1439 2181 1521 2251 pote·

220 2285 327 2338 statem
350 2285 521 2356 transeunt,
544 2292 611 2335 cum
631 2283 682 2335 aut
700 2277 781 2354 ipsae
800 2277 880 2336 inter
898 2294 930 2336 se
949 2278 1152 2356 geminantur,
1175 2286 1208 2358 ut
1227 2278 1392 2338 iumentum
1412 2279 1522 2359 vinum,

213 2391 271 2456 ,aut
297 2400 364 2444 cum
393 2381 456 2441 aliis
481 2379 629 2441 vocalibus
656 2383 836 2464 iunguntur,
864 2391 897 2443 ut
924 2383 1010 2464 ianua
1039 2384 1122 2444 iecur
1149 2385 1247 2465 iocus,
1273 2386 1386 2445 vanitas
1414 2387 1522 2445 veritas

219 2489 341 2551 volatus.
377 2507 397 2549 u
421 2506 539 2567 quoqne
564 2505 623 2548 non
647 2506 808 2567 numquam
827 2487 883 2548 sibi
906 2489 970 2568 ipsa
992 2491 1200 2571 praeponitur,
1225 2497 1258 2550 nt
1281 2489 1393 2572 vultns3
1417 2490 1467 2550 sed
1493 2499 1522 2552 et

219 2596 344 2658 alterum
373 2597 563 2656 consonantis
595 2592 693 2654 locum
726 2603 821 2675 tenet,
854 2612 921 2656 cum
950 2593 996 2656 vel
1024 2594 1113 2656 latine
1142 2614 1228 2657 avum
1257 2596 1301 2657 vel
1338 2597 1521 2676 evangelium
1536 2620 1562 2656 eo

218 2721 323 2783 graece
352 2704 546 2764 nominamus.
588 2700 695 2759 mirum
723 2708 837 2781 antem,
864 2718 956 2779 quare
984 2700 1093 2762 dixerit
1121 2700 1253 2764 llonatus
1281 2720 1345 2764 eam
1373 2683 1533 2764 interdum¹

218 2830 274 2871 uec
297 2810 426 2872 vocalem
450 2827 505 2870 nec
529 2815 742 2868 consonantem
765 2806 883 2888 haberi,
912 2826 981 2869 cum
1009 2809 1090 2868 inter
1113 2828 1131 2888 q
1160 2808 1288 2869 litteram
1311 2820 1522 2870 consonantem

218 2926 249 2979 et
271 2918 392 2979 alteram
416 2915 547 2977 vocalem
570 2916 776 2994 constituitur,
799 2922 833 2974 ut
856 2914 995 2992 quonlam
1018 2913 1152 2996 quidem3
1176 2917 1232 2975 nisi
1258 2916 1348 2996 iorte,
1371 2918 1439 2994 quia
1464 2925 1522 2976 tarn

218 3024 322 3085 leviter
345 3033 409 3085 tum
433 3010 626 3102 eliertur·,‘ut
649 3021 695 3080 rix
720 3022 824 3081 sentiri
855 3027 952 3098 queat.
993 3019 1110 3081 videtur
1134 3029 1232 3082 autem
1263 3039 1321 3081 non
1345 3040 1411 3082 csse
1439 3022 1521 3081 hrma

218 3133 308 3213 ratio,
336 3150 393 3210 qna
422 3132 486 3191 eius
516 3129 694 3191 sententiam
717 3136 900 3207 exponentes
923 3127 1082 3207 Pompeius
1106 3127 1150 3188 vel
1175 3128 1298 3209 Sergius
1326 3121 1429 3190 dicunt
1459 3147 1522 3189 eam
1536 3149 1562 3187 aa

218 3247 430 3299 consonantem
458 3255 523 3297 esse
552 3254 611 3296 non
639 3253 741 3316 posse,
776 3235 844 3312 quia
873 3242 940 3294 ante
969 3251 1001 3294 se
1036 3233 1126 3297 babet
1153 3234 1275 3297 alteram
1303 3244 1523 3317 consonantem,

218 3345 247 3406 id
271 3352 318 3407 est
340 3364 372 3426 q,
400 3342 529 3410 vocalem
554 3360 619 3402 esse
644 3360 703 3402 non
733 3359 836 3421 posse,
864 3341 932 3418 quia
956 3342 1093 3419 sequitur
1120 3341 1199 3403 illam
1222 3342 1345 3426 vooahs,
1374 3352 1408 3405 nt
1432 3362 1522 3424 qnare

219 3444 447 3535 quomodo,let
474 3449 512 3510 ob
540 3450 569 3511 id
598 3466 663 3510 eam
691 3459 762 3510 tunc
791 3467 850 3509 non
881 3464 947 3508 esse
974 3447 1104 3510 litteram
1133 3450 1276 3511 scribunt
1323 3450 1394 3530 quid
1423 3447 1524 3511 enim?

218 3557 375 3640 numquid,
399 3557 515 3637 quando
534 3555 692 3618 scribimus
711 3564 834 3636 statum,
857 3553 1014 3615 dicendum
1036 3563 1082 3616 est
1105 3565 1118 3616 t
1141 3566 1353 3618 consonantem
1373 3576 1439 3617 esse
1463 3576 1521 3616 non

218 3684 319 3747 posse,
342 3663 421 3743 quod
445 3672 513 3724 ante
533 3683 564 3724 se
588 3663 693 3724 habeat
714 3661 835 3723 alteram
855 3670 1081 3744 consonantem,
1103 3661 1133 3721 id
1158 3671 1204 3723 est
1227 3659 1264 3724 s?
1287 3665 1376 3724 immo
1401 3673 1430 3724 et
1453 3682 1522 3723 cnm
1536 3683 1562 3720 co

307 3834 491 3893 iutimurL
562 3831 1520 3904 tilETXETPETbicumegrecasFltetXetPcum

496 3909 530 3948 ita
544 3912 567 3948 et
581 3908 618 3948 chi
652 3919 704 3947 cnm

219 3956 994 4034 hetthrecasPltxetPetheihgreessL
1065 3957 1476 4027 tiesn]ibi1FLnamsP

220 4049 237 4100 8
255 4047 283 4099 ω
302 4045 418 4114 propter
437 4042 467 4096 F
483 4043 543 4097 Αω
562 4043 677 4111 propter
690 4040 717 4093 L
734 4040 757 4093 Α
775 4039 804 4094 el
821 4043 850 4096 bl
869 4040 982 4109 propter
999 4038 1052 4098 ςΡ
1123 4043 1156 4093 10
1174 4040 1297 4094 nostum
1311 4039 1336 4092 A
1350 4039 1381 4094 F
1396 4042 1521 4094 nostrum

218 4123 322 4178 ALP
372 4124 468 4178 nostra
487 4121 550 4175 FL
568 4123 664 4176 nostro
685 4120 713 4173 P
774 4127 807 4174 14
826 4117 993 4174 naturaliter
1011 4118 1063 4177 sP
1122 4124 1156 4175 16
1174 4118 1224 4195 sed
1242 4119 1278 4173 de
1297 4119 1326 4174 P
1385 4126 1417 4175 tv
1435 4121 1522 4190 gemi-

219 4205 303 4258 netur
320 4203 351 4258 F
412 4208 446 4256 18
465 4201 552 4273 iecur]
571 4200 647 4257 iecor
664 4201 696 4256 F
759 4206 794 4257 20
812 4198 909 4270 avum]
930 4216 1027 4254 aarum
1045 4199 1077 4255 F
1079 4199 1139 4255 LP
1202 4207 1235 4255 21
1255 4200 1326 4256 dixit
1344 4199 1372 4253 P
1432 4200 1522 4254 Dona-

219 4287 278 4358 tus]
292 4302 324 4356 p.
344 4288 409 4352 367,
427 4287 465 4338 16
543 4288 577 4337 22
597 4299 648 4338 nec
666 4280 803 4351 vocalem]
823 4278 965 4335 aeccclem
983 4278 1015 4335 F
1088 4287 1123 4335 24
1141 4280 1215 4354 tum]
1233 4283 1301 4336 tnnc
1318 4281 1345 4334 L
1415 4287 1449 4335 tt
1469 4298 1525 4350 qua

219 4375 279 4429 eius
292 4372 324 4428 F
340 4355 397 4443 quh
409 4371 469 4427 eius
485 4370 514 4425 P
529 4387 615 4440 quam
630 4371 690 4427 eins
704 4370 731 4424 L
747 4368 889 4440 quincius
904 4383 920 4426 ς
985 4368 1131 4439 pompeius
1149 4370 1196 4424 uel
1214 4371 1322 4442 sergius
1343 4369 1371 4423 P
1386 4370 1523 4440 ponpeius

220 4455 266 4509 uel
283 4452 392 4524 sergius
410 4452 437 4504 L
454 4450 601 4521 pompeius
619 4452 665 4506 acl
685 4450 788 4507 sereius
807 4449 849 4504 F:
867 4447 962 4516 Pontp.
976 4464 1007 4517 p.
1021 4453 1085 4515 103,
1103 4454 1143 4506 26
1165 4449 1241 4520 Serp.
1259 4452 1292 4504 de
1310 4452 1362 4504 titt.
1378 4467 1408 4518 p.
1426 4454 1489 4515 476,
1504 4457 1523 4504 8

219 4535 252 4588 in
269 4532 344 4588 Dore
359 4550 389 4602 p.
409 4535 474 4597 421,
492 4534 529 4584 33
593 4535 627 4584 26
646 4531 752 4585 habeat
768 4531 795 4583 L
857 4533 891 4582 27
910 4529 943 4581 ul
960 4544 1047 4596 quare
1065 4531 1099 4582 ut
1116 4530 1255 4597 quomodo
1274 4530 1303 4584 P
1365 4536 1399 4585 29
1418 4533 1522 4584 statum

220 4613 290 4682 Fip
309 4613 406 4667 statim
423 4609 450 4663 L
468 4600 558 4663 fatum
580 4608 608 4661 P
624 4611 716 4664 aslum
735 4626 752 4668 ς
806 4614 841 4664 30
860 4608 889 4663 id
908 4611 952 4662 est
969 4626 982 4662 ε
1001 4608 1139 4677 (nocnlem
1158 4612 1264 4664 edesse
1282 4628 1338 4664 non
1356 4627 1437 4680 posse
1457 4611 1524 4679 quia

221 4692 301 4748 illam
320 4691 426 4747 uocalis
444 4689 571 4758 sequitur
590 4692 623 4745 in
639 4707 726 4760 uturp.
745 4690 849 4758 adal)
871 4688 958 4743 immo
977 4690 1007 4742 ei
1028 4703 1092 4742 cum
1110 4688 1228 4743 dicimus
1246 4688 1272 4742 L
1293 4689 1322 4743 id
1341 4693 1415 4745 ests
1438 4691 1523 4744 immo

223 4774 264 4841 (el
281 4771 409 4827 noculem
425 4788 488 4826 esse
506 4788 562 4826 non
580 4786 662 4840 posse
681 4769 749 4838 quia
766 4768 845 4833 illum
863 4768 970 4824 uocalis
987 4766 1113 4837 sequitur
1131 4769 1194 4821 add.
1215 4785 1231 4826 ς
1249 4771 1323 4824 etin
1341 4787 1426 4840 mrrrp.
1441 4775 1475 4840 p)
1495 4775 1524 4825 et

220 4871 283 4907 cum
302 4851 420 4905 dicimus
441 4851 489 4908 Pe
