3316 5474
615 368 684 424 ARS
703 366 948 424 Gunnnnrlca
1369 367 1434 432 369

133 576 160 636 p.
183 553 298 635 thaat
317 554 421 616 scribit
446 554 531 634 haec,
553 562 625 614 aurat
647 563 676 616 et
699 558 781 616 aliae
803 559 963 617 verborum
985 574 1040 618 seu
1064 561 1310 632 contractionum
1333 559 1433 617 obser·

134 667 267 724 vationes
290 665 442 735 diuersae,
465 680 541 738 quas
564 665 717 739 completis
739 665 848 725 ordine
867 666 1010 740 partibus
1033 672 1100 725 octo
1123 668 1270 725 orationis
1294 667 1435 741 deinceps

134 772 333 846 adiungemus
355 815 363 831 .
382 768 419 829 de
443 768 702 830 coniunctionibus
725 787 793 830 cum
816 776 898 829 certa
923 768 1080 831 verborum
1105 768 1244 849 qualitate
1268 771 1435 830 coniunctis

134 898 161 958 p.
171 874 213 938 47
230 876 331 937 eadem
345 876 485 955 leguntur
499 885 529 937 et
543 876 620 956 apud
632 876 797 938 Charisium
806 895 835 956 p.
845 874 961 956 226,11
974 885 1005 938 et
1018 877 1095 957 apud
1108 877 1276 937 Diomedem
1287 896 1314 956 p.
1326 872 1435 958 392,1;

134 984 170 1044 de
183 1001 238 1043 usu
249 991 279 1044 et
290 985 501 1063 significatione
516 985 768 1063 praepositionum
778 1003 806 1063 p.
816 980 860 1044 42
869 992 900 1044 et
909 985 1150 1045 coniunctionum
1161 1003 1188 1063 p.
1200 979 1329 1063 hOapud
1340 983 1436 1043 sotum

135 1090 304 1152 Diomedem
318 1111 345 1171 p.
360 1088 480 1172 411,14
498 1098 529 1150 et
541 1087 636 1171 417st
654 1092 706 1152 ‚iu
725 1090 771 1152 his
790 1091 867 1171 apud
887 1090 1059 1152 Dositheum
1078 1091 1175 1152 addita
1198 1099 1268 1151 sunt
1290 1089 1377 1173 haec,
1399 1090 1435 1150 de

135 1199 342 1259 coniunctione
356 1201 384 1258 si
396 1218 424 1278 p.
439 1195 482 1260 48
503 1206 642 1277 quattuor
660 1196 794 1277 exempla
812 1217 848 1258 ex
867 1197 979 1279 Hecyra
997 1198 1143 1280 Terentii,
1166 1198 1203 1259 de
1227 1199 1435 1258 coniunctione

135 1323 316 1380 quamquam
339 1323 366 1384 p.
385 1301 427 1366 49
447 1322 540 1365 unum
560 1304 727 1385 exemplum
746 1305 898 1367 Ciceronis
917 1325 953 1366 ex
971 1308 1066 1385 prima
1086 1309 1218 1366 oratione
1238 1307 1267 1365 in
1283 1303 1436 1365 Catilinam

135 1412 274 1490 petitum,
297 1410 333 1471 de
357 1413 565 1473 coniunctione
588 1432 628 1475 ae
650 1431 677 1492 p.
697 1408 740 1474 50
759 1413 830 1473 item
849 1430 942 1473 unum
960 1412 1127 1492 exemplum
1147 1411 1277 1472 Sallustii
1299 1431 1336 1472 en
1360 1411 1436 1473 bello

136 1518 318 1599 Catilinario,
342 1537 416 1598 qnae
440 1518 573 1599 exempla
596 1518 633 1579 ab
653 1518 717 1581 aliis
735 1521 934 1599 grammaticis
953 1521 1041 1581 citata
1060 1539 1119 1580 non
1139 1521 1246 1581 inveni.
1283 1527 1437 1599 praeterea

136 1625 173 1686 de
196 1627 414 1705 praepositione
437 1646 465 1705 p.
484 1623 527 1686 42
552 1625 742 1687 memorabile
765 1634 812 1687 est
834 1645 941 1687 nomen
961 1626 1130 1687 Sacerdotis
1150 1629 1180 1687 in
1199 1625 1334 1706 exemplo
1353 1644 1436 1706 prae·

137 1735 293 1813 positionis
321 1735 365 1794 nd
386 1735 544 1814 scriptum,
573 1736 616 1795 nd
638 1735 834 1796 Sacerdotem
857 1780 864 1794 .
888 1733 1015 1814 denique
1044 1734 1080 1794 de
1108 1735 1314 1794 interiectione
1343 1752 1371 1812 p.
1394 1729 1437 1794 53

136 1858 229 1919 panca
257 1859 293 1900 ex
322 1850 385 1902 arte
409 1841 513 1902 Donati
541 1841 691 1921 adscripto
720 1843 840 1902 nomine
869 1843 1050 1921 grammatici
1079 1841 1175 1901 addita
1204 1849 1274 1902 sunt
1297 1888 1304 1901 .
1328 1858 1363 1900 ex
1391 1840 1438 1900 his

137 1957 235 2008 antem
265 1965 340 2026 qnae
373 1947 432 2008 dixi
464 1947 520 2008 hoc
552 1965 696 2027 apparere
729 1947 809 2029 volo,
840 1947 1014 2009 Dositheum
1047 1967 1144 2028 neque
1172 1968 1208 2010 ex
1238 1947 1364 2009 Charisii
1392 1946 1436 2007 rel

138 2054 287 2114 Diomedis
310 2053 394 2115 libris
414 2036 514 2134 'neque
539 2074 574 2116 ex
598 2054 793 2116 Bobiensihus
818 2057 966 2134 excerptis
989 2075 1023 2117 ea
1047 2074 1121 2135 quae
1146 2074 1214 2116 cum
1244 2055 1291 2115 his
1314 2073 1436 2115 consen·

138 2165 216 2224 tiunt
239 2163 391 2244 petivisse,
414 2162 466 2223 sed
489 2182 523 2224 ea
547 2164 646 2224 omnia
669 2181 744 2242 quae
766 2165 880 2243 pariter
902 2163 979 2244 apud
1009 2163 1064 2225 hos
1091 2164 1298 2244 grammaticos
1326 2163 1436 2241 scripta

138 2277 208 2331 suut
231 2288 267 2329 ex
290 2271 456 2348 antiquiore
479 2270 560 2332 fonte
585 2269 689 2332 hausta
713 2288 787 2331 esse.
833 2289 900 2331 nam
919 2290 956 2332 ne
975 2270 1131 2332 Bobiensia
1149 2270 1269 2350 quidem
1288 2276 1436 2350 excerpta,

139 2396 213 2457 quae
237 2376 307 2437 olim
334 2373 381 2437 ‘ex
405 2385 469 2438 arte
493 2377 619 2439 Charisii
647 2372 798 2459 excerpta’
826 2380 978 2458 inscripsi,
1006 2398 1041 2439 ex
1070 2379 1116 2440 his
1143 2380 1326 2458 grammatici
1354 2376 1438 2438 libris

139 2502 213 2564 quos
236 2503 316 2544 nnnc
344 2483 486 2545 habemus
514 2489 618 2568 petita,
650 2485 701 2546 sed
730 2504 766 2545 ex
793 2487 959 2565 antiquiore
989 2486 1103 2565 origine
1130 2485 1218 2546 ducta
1247 2492 1331 2566 sunt,
1359 2484 1437 2563 qnod

139 2610 206 2653 cum
239 2591 307 2652 olim
337 2590 484 2653 Christins
516 2593 619 2654 Philol.
648 2612 672 2653 r.
701 2591 793 2653 Xl'lll
825 2612 853 2672 p.
884 2590 947 2654 136
975 2612 1038 2673 sqq.
1071 2601 1207 2654 accurata
1238 2591 1438 2671 disputatione

139 2699 362 2778 demonstravit,
396 2708 458 2760 tum
486 2699 617 2760 Dosithei
649 2697 725 2760 libro
753 2708 924 2779 comparato
953 2701 1041 2760 ctiam
1069 2701 1182 2760 certius
1209 2699 1401 2759 confirmatur
1431 2745 1438 2759 .

138 2806 243 2867 habuit
266 2814 364 2867 autem
388 2806 548 2868 Dositheus
571 2824 640 2868 eum
663 2805 785 2887 librum,
809 2824 897 2885 quem
921 2814 987 2885 post
1006 2804 1197 2866 Sacerdotem
1216 2807 1438 2885 grammaticum

140 2915 283 2993 scriptum
307 2932 373 2974 esse
397 2933 433 2974 ex
457 2916 575 2975 nomine
600 2916 665 2975 eius
689 2922 735 2976 ter
757 2915 787 2975 in
811 2913 945 2993 exemplo
968 2915 1064 2994 posito
1083 2915 1286 2995 cognoscitur,
1309 2915 1339 2974 iu
1364 2913 1438 2973 hanc

140 3022 263 3082 formam
287 3020 453 3101 redactum,
480 3039 568 3100 qnam
596 3029 699 3082 auctor
727 3029 949 3102 excerptorum,
981 3038 1108 3099 quorum
1139 3039 1209 3100 pars
1240 3023 1270 3082 in
1300 3019 1439 3080 Bobieusi

140 3128 241 3189 codice
265 3129 374 3207 scripta
398 3137 455 3202 est,
479 3129 632 3207 usurparit
654 3175 661 3188 .
684 3129 748 3208 ipse
770 3136 889 3208 praeter
911 3146 1046 3207 graecam
1070 3130 1358 3210 interpretationem,
1382 3146 1438 3208 qua

141 3254 174 3296 ea
198 3254 273 3315 quae
297 3243 488 3315 excerpserat
509 3237 605 3315 auxit,
628 3234 700 3295 nihil
723 3245 774 3297 aut
796 3254 889 3314 pauca
912 3235 1029 3296 ridetur
1052 3234 1209 3296 addidisse.

229 3342 331 3403 Restat
354 3351 387 3402 ut
409 3342 446 3402 de
469 3344 506 3402 iis
529 3341 658 3423 dicatur,
681 3360 756 3421 qnae
779 3350 847 3422 post
869 3343 1089 3422 grammaticam
1107 3350 1215 3424 artem,
1239 3360 1298 3421 qno
1321 3341 1386 3402 loco
1409 3351 1440 3403 et

142 3454 171 3512 in
196 3448 377 3529 Sangallensi
406 3457 436 3509 et
464 3451 494 3510 in
518 3448 686 3511 Monacensi
710 3449 811 3511 codice
835 3452 945 3530 scripta
973 3458 1060 3525 sunt,
1089 3448 1167 3511 edidi
1191 3497 1197 3510 .
1221 3467 1256 3510 ex
1280 3447 1327 3508 his
1349 3449 1440 3526 igitur

141 3557 278 3618 idiomata
307 3556 478 3636 verborum,
510 3575 585 3635 quae
617 3558 800 3636 grammatici
827 3555 927 3618 dicere
955 3566 1189 3638 consueverunt,
1216 3555 1344 3617 eundem
1371 3573 1439 3615 con·

142 3682 263 3726 sensum
286 3681 353 3724 cum
374 3662 506 3724 Charisio
530 3672 560 3725 et
579 3663 733 3746 Diomede,
756 3682 844 3744 quem
863 3664 998 3726 modain
1017 3667 1081 3745 ipsa
1099 3673 1163 3726 arte
1182 3662 1440 3743 deprehendimus,

141 3770 314 3852 praebent.
340 3780 506 3850 sequuntur
534 3773 613 3832 varia
641 3771 773 3852 exempla
806 3771 1021 3854 elocutionum,
1053 3790 1181 3852 quorum
1215 3773 1338 3831 maxima
1371 3787 1440 3849 pars

142 3898 196 3959 por
218 3877 353 3938 ordinem
377 3878 543 3939 litterarum
565 3877 708 3958 disposita
731 3882 761 3941 in
780 3879 971 3958 Neapolitano
995 3879 1096 3940 codice
1118 3887 1187 3959 post
1205 3878 1329 3940 Charisii
1348 3875 1440 3938 libros

143 3989 252 4066 scripta
275 3994 333 4065 est3
357 3983 464 4046 deinde
487 3985 546 4046 dno
570 3985 803 4047 commentarioli
826 3986 863 4047 de
886 4003 995 4064 genere
1018 3994 1186 4065 poematum
1210 3993 1241 4046 et
1263 3985 1299 4045 de
1319 3983 1439 4043 distinc-

143 4096 222 4155 tione
250 4111 318 4154 cum
348 4092 496 4154 Diomedis
525 4092 599 4153 libro
628 4096 716 4154 tertio
742 4112 770 4173 p.
794 4089 860 4155 482
888 4101 919 4153 et
945 4091 1076 4153 secundo
1103 4111 1132 4172 p.
1155 4089 1219 4153 437
1248 4094 1288 4152 ita
1316 4107 1439 4151 consen·

143 4204 264 4281 tientes,
288 4210 321 4262 ut
343 4210 462 4280 praeter
485 4211 631 4264 mutatum
654 4203 772 4281 saepius
794 4198 953 4261 verborum
972 4199 1107 4260 ordinem
1126 4198 1198 4259 nihil
1221 4197 1352 4259 additum
1376 4199 1440 4257 sit.

143 4317 294 4389 postremo
326 4306 391 4367 loco
423 4307 536 4368 iudices
568 4308 726 4368 verborum
759 4307 917 4368 latinorum
950 4315 980 4367 et
1011 4324 1186 4386 graecorum
1223 4290 1326 4383 scripti
1363 4310 1441 4381 sunt,

143 4425 232 4495 atque
264 4435 300 4476 ex
333 4414 379 4475 his
412 4432 529 4494 qnoque
566 4414 658 4476 multa
691 4413 778 4474 simili
810 4413 913 4474 ordine
946 4412 1088 4492 disposita
1119 4414 1149 4473 in
1182 4411 1283 4472 codice
1317 4409 1441 4470 Charisii

144 4522 283 4601 leguntur
298 4570 304 4583 .
320 4524 452 4601 quamvis
467 4529 565 4581 autem
584 4523 614 4581 in
634 4520 680 4580 his
699 4518 835 4581 omnibus
853 4518 987 4599 partibus
1005 4538 1079 4599 quas
1097 4520 1157 4580 dixi
1175 4517 1248 4579 nihil
1266 4519 1442 4593 inveniatur,

144 4630 222 4710 quod
243 4633 269 4691 ei
289 4632 339 4709 qui
359 4630 579 4708 grammaticam
597 4636 690 4688 artem
710 4629 877 4708 composuit
894 4625 985 4688 tribui
1004 4634 1145 4709 nequeat,
1168 4633 1279 4705 tamen,
1303 4625 1439 4703 quoniam

145 4755 195 4796 eae
220 4754 315 4815 neque
340 4754 407 4797 cum
431 4735 480 4796 illo
504 4735 579 4796 libro
603 4735 764 4797 cohaerent
781 4752 878 4814 neque
897 4735 976 4795 inter
995 4753 1027 4794 se
1047 4741 1129 4796 certo
1148 4732 1251 4794 ordine
1270 4740 1300 4793 et
1318 4731 1440 4792 consilio

146 4845 319 4905 coniunctae
348 4853 430 4923 suut,
458 4842 615 4904 admodum
642 4840 767 4903 dubium
790 4851 853 4924 est,
881 4859 953 4902 uum
981 4838 1077 4902 eidem
1104 4842 1219 4901 auctori
1246 4837 1440 4900 debeantur.
