<?xml version="1.0" encoding="UTF-8"?>
<!DOCTYPE html PUBLIC "-//W3C//DTD XHTML 1.0 Transitional//EN"
    "http://www.w3.org/TR/xhtml1/DTD/xhtml1-transitional.dtd">
<html xmlns="http://www.w3.org/1999/xhtml" xml:lang="en" lang="en">
 <head>
  <title>
</title>
<meta http-equiv="Content-Type" content="text/html;charset=utf-8" />
  <meta name='ocr-system' content='tesseract 3.04.00' />
  <meta name='ocr-capabilities' content='ocr_page ocr_carea ocr_par ocr_line ocrx_word'/>
</head>
<body>
  <div class='ocr_page' id='page_1' title='image "./grammaticilatin00keilgoog/grammaticilatin00keilgoog_0026.png"; bbox 0 0 3316 5474; ppageno 0'>
   <div class='ocr_carea' id='block_1_1' title="bbox 645 356 1473 464">
    <p class='ocr_par' dir='ltr' id='par_1_1' title="bbox 645 356 1473 464">
     <span class='ocr_line' id='line_1_1' title="bbox 645 356 1473 464; baseline 0.014 -12"><span class='ocrx_word' id='word_1_1' title='bbox 645 397 694 452; x_wconf 77' lang='lat' dir='ltr'><strong>DE</strong></span> <span class='ocrx_word' id='word_1_2' title='bbox 712 398 998 453; x_wconf 78' lang='lat' dir='ltr'><strong>onTflouuAPHm</strong></span> <span class='ocrx_word' id='word_1_3' title='bbox 1454 356 1473 464; x_wconf 84' lang='grc'><strong>7</strong></span> 
     </span>
    </p>
   </div>
   <div class='ocr_carea' id='block_1_2' title="bbox 159 582 1514 4608">
    <p class='ocr_par' dir='ltr' id='par_1_2' title="bbox 159 582 1514 4608">
     <span class='ocr_line' id='line_1_2' title="bbox 172 582 1474 666; baseline 0.005 -24"><span class='ocrx_word' id='word_1_4' title='bbox 172 585 265 644; x_wconf 77' lang='lat' dir='ltr'><strong>veniri</strong></span> <span class='ocrx_word' id='word_1_5' title='bbox 284 585 426 664; x_wconf 89' lang='lat' dir='ltr'><strong>potuisse,</strong></span> <span class='ocrx_word' id='word_1_6' title='bbox 449 603 486 643; x_wconf 92' lang='lat' dir='ltr'><strong>ue</strong></span> <span class='ocrx_word' id='word_1_7' title='bbox 505 583 578 644; x_wconf 83' lang='lat' dir='ltr'><strong>haec</strong></span> <span class='ocrx_word' id='word_1_8' title='bbox 597 582 717 662; x_wconf 90' lang='lat' dir='ltr'><strong>quidem</strong></span> <span class='ocrx_word' id='word_1_9' title='bbox 735 591 803 663; x_wconf 92' lang='lat' dir='ltr'><strong>post</strong></span> <span class='ocrx_word' id='word_1_10' title='bbox 822 585 968 663; x_wconf 77' lang='lat' dir='ltr'><strong>cognitam</strong></span> <span class='ocrx_word' id='word_1_11' title='bbox 987 582 1147 644; x_wconf 89' lang='lat' dir='ltr'><strong>Bernensis</strong></span> <span class='ocrx_word' id='word_1_12' title='bbox 1166 584 1276 645; x_wconf 91' lang='lat' dir='ltr'><strong>codicis</strong></span> <span class='ocrx_word' id='word_1_13' title='bbox 1295 588 1474 666; x_wconf 80' lang='lat' dir='ltr'><strong>scripturam</strong></span> 
     </span>
     <span class='ocr_line' id='line_1_3' title="bbox 170 689 1473 775; baseline 0.004 -25"><span class='ocrx_word' id='word_1_14' title='bbox 170 690 333 770; x_wconf 82' lang='lat' dir='ltr'>quidquam</span> <span class='ocrx_word' id='word_1_15' title='bbox 355 692 423 750; x_wconf 87' lang='lat' dir='ltr'><strong>nori</strong></span> <span class='ocrx_word' id='word_1_16' title='bbox 446 689 482 750; x_wconf 90' lang='lat' dir='ltr'><strong>ad</strong></span> <span class='ocrx_word' id='word_1_17' title='bbox 505 692 678 751; x_wconf 81' lang='lat' dir='ltr'><strong>memoriam</strong></span> <span class='ocrx_word' id='word_1_18' title='bbox 701 709 790 751; x_wconf 92' lang='lat' dir='ltr'><strong>manu</strong></span> <span class='ocrx_word' id='word_1_19' title='bbox 813 692 993 775; x_wconf 88' lang='lat' dir='ltr'><strong>scriptorum</strong></span> <span class='ocrx_word' id='word_1_20' title='bbox 1013 690 1156 751; x_wconf 93' lang='lat' dir='ltr'><strong>librorum</strong></span> <span class='ocrx_word' id='word_1_21' title='bbox 1176 690 1295 753; x_wconf 90' lang='lat' dir='ltr'><strong>addunt.</strong></span> <span class='ocrx_word' id='word_1_22' title='bbox 1319 701 1473 772; x_wconf 86' lang='lat' dir='ltr'><strong>praeterea</strong></span> 
     </span>
     <span class='ocr_line' id='line_1_4' title="bbox 170 795 1472 878; baseline 0.004 -22"><span class='ocrx_word' id='word_1_23' title='bbox 170 796 285 856; x_wconf 89' lang='lat' dir='ltr'><strong>subieci</strong></span> <span class='ocrx_word' id='word_1_24' title='bbox 308 795 436 857; x_wconf 89' lang='lat' dir='ltr'><strong>indicem</strong></span> <span class='ocrx_word' id='word_1_25' title='bbox 459 815 562 857; x_wconf 92' lang='lat' dir='ltr'><strong>eorum</strong></span> <span class='ocrx_word' id='word_1_26' title='bbox 586 796 729 878; x_wconf 89' lang='lat' dir='ltr'><strong>locorum,</strong></span> <span class='ocrx_word' id='word_1_27' title='bbox 751 799 783 857; x_wconf 93' lang='lat' dir='ltr'><strong>in</strong></span> <span class='ocrx_word' id='word_1_28' title='bbox 806 796 915 876; x_wconf 88' lang='lat' dir='ltr'><strong>quibus</strong></span> <span class='ocrx_word' id='word_1_29' title='bbox 938 796 1058 857; x_wconf 89' lang='lat' dir='ltr'><strong>eaedem</strong></span> <span class='ocrx_word' id='word_1_30' title='bbox 1077 815 1125 857; x_wconf 90' lang='lat' dir='ltr'><strong>res</strong></span> <span class='ocrx_word' id='word_1_31' title='bbox 1144 796 1180 857; x_wconf 92' lang='lat' dir='ltr'><strong>ab</strong></span> <span class='ocrx_word' id='word_1_32' title='bbox 1199 800 1264 877; x_wconf 91' lang='lat' dir='ltr'><strong>ipso</strong></span> <span class='ocrx_word' id='word_1_33' title='bbox 1283 802 1472 878; x_wconf 90' lang='lat' dir='ltr'><strong>grammatico</strong></span> 
     </span>
     <span class='ocr_line' id='line_1_5' title="bbox 170 901 1474 984; baseline 0.003 -21"><span class='ocrx_word' id='word_1_34' title='bbox 170 910 344 964; x_wconf 78' lang='lat' dir='ltr'><strong>tractamur.</strong></span> <span class='ocrx_word' id='word_1_35' title='bbox 381 922 448 963; x_wconf 92' lang='lat' dir='ltr'><strong>nam</strong></span> <span class='ocrx_word' id='word_1_36' title='bbox 472 901 508 963; x_wconf 92' lang='lat' dir='ltr'><strong>ad</strong></span> <span class='ocrx_word' id='word_1_37' title='bbox 531 902 662 981; x_wconf 89' lang='lat' dir='ltr'><strong>reliquos</strong></span> <span class='ocrx_word' id='word_1_38' title='bbox 685 904 892 982; x_wconf 86' lang='lat' dir='ltr'><strong>grammaticos</strong></span> <span class='ocrx_word' id='word_1_39' title='bbox 914 904 966 981; x_wconf 91' lang='lat' dir='ltr'><strong>qui</strong></span> <span class='ocrx_word' id='word_1_40' title='bbox 990 902 1026 962; x_wconf 91' lang='lat' dir='ltr'><strong>de</strong></span> <span class='ocrx_word' id='word_1_41' title='bbox 1050 901 1154 962; x_wconf 87' lang='lat' dir='ltr'><strong>iisdem</strong></span> <span class='ocrx_word' id='word_1_42' title='bbox 1179 903 1269 964; x_wconf 88' lang='lat' dir='ltr'><strong>rebus</strong></span> <span class='ocrx_word' id='word_1_43' title='bbox 1288 906 1474 984; x_wconf 85' lang='lat' dir='ltr'><strong>scripserunt</strong></span> 
     </span>
     <span class='ocr_line' id='line_1_6' title="bbox 170 1008 1472 1089; baseline 0.003 -21"><span class='ocrx_word' id='word_1_44' title='bbox 170 1010 215 1070; x_wconf 83' lang='lat' dir='ltr'><strong>rel</strong></span> <span class='ocrx_word' id='word_1_45' title='bbox 238 1008 343 1070; x_wconf 90' lang='lat' dir='ltr'><strong>iisdem</strong></span> <span class='ocrx_word' id='word_1_46' title='bbox 366 1008 498 1070; x_wconf 88' lang='lat' dir='ltr'><strong>lontibus</strong></span> <span class='ocrx_word' id='word_1_47' title='bbox 522 1017 610 1089; x_wconf 90' lang='lat' dir='ltr'><strong>atque</strong></span> <span class='ocrx_word' id='word_1_48' title='bbox 630 1009 761 1070; x_wconf 87' lang='lat' dir='ltr'><strong>Scaurus</strong></span> <span class='ocrx_word' id='word_1_49' title='bbox 785 1011 830 1069; x_wconf 90' lang='lat' dir='ltr'><strong>usi</strong></span> <span class='ocrx_word' id='word_1_50' title='bbox 854 1015 924 1069; x_wconf 92' lang='lat' dir='ltr'><strong>sunt</strong></span> <span class='ocrx_word' id='word_1_51' title='bbox 947 1027 1011 1068; x_wconf 89' lang='lat' dir='ltr'><strong>cam</strong></span> <span class='ocrx_word' id='word_1_52' title='bbox 1034 1027 1155 1088; x_wconf 86' lang='lat' dir='ltr'><strong>operam</strong></span> <span class='ocrx_word' id='word_1_53' title='bbox 1179 1020 1352 1072; x_wconf 87' lang='lat' dir='ltr'><strong>convertere</strong></span> <span class='ocrx_word' id='word_1_54' title='bbox 1375 1013 1472 1072; x_wconf 86' lang='grc'><strong>11111111-</strong></span> 
     </span>
     <span class='ocr_line' id='line_1_7' title="bbox 169 1115 1471 1197; baseline 0.002 -21"><span class='ocrx_word' id='word_1_55' title='bbox 169 1126 232 1177; x_wconf 92' lang='lat' dir='ltr'><strong>tum</strong></span> <span class='ocrx_word' id='word_1_56' title='bbox 261 1117 331 1197; x_wconf 91' lang='lat' dir='ltr'><strong>luit,</strong></span> <span class='ocrx_word' id='word_1_57' title='bbox 358 1135 536 1195; x_wconf 86' lang='lat' dir='ltr'><strong>quamquam</strong></span> <span class='ocrx_word' id='word_1_58' title='bbox 564 1116 672 1178; x_wconf 93' lang='lat' dir='ltr'><strong>horum</strong></span> <span class='ocrx_word' id='word_1_59' title='bbox 700 1118 879 1196; x_wconf 91' lang='lat' dir='ltr'><strong>comparatio</strong></span> <span class='ocrx_word' id='word_1_60' title='bbox 903 1115 939 1176; x_wconf 92' lang='lat' dir='ltr'><strong>ad</strong></span> <span class='ocrx_word' id='word_1_61' title='bbox 968 1125 1139 1195; x_wconf 82' lang='lat' dir='ltr'><strong>corruptam</strong></span> <span class='ocrx_word' id='word_1_62' title='bbox 1167 1119 1345 1197; x_wconf 82' lang='lat' dir='ltr'><strong>scripturam</strong></span> <span class='ocrx_word' id='word_1_63' title='bbox 1373 1137 1471 1179; x_wconf 90' lang='lat' dir='ltr'><strong>emen·</strong></span> 
     </span>
     <span class='ocr_line' id='line_1_8' title="bbox 169 1222 1472 1304; baseline 0.005 -22"><span class='ocrx_word' id='word_1_64' title='bbox 169 1224 293 1284; x_wconf 91' lang='lat' dir='ltr'><strong>dandam</strong></span> <span class='ocrx_word' id='word_1_65' title='bbox 326 1223 486 1302; x_wconf 89' lang='lat' dir='ltr'><strong>plurimum</strong></span> <span class='ocrx_word' id='word_1_66' title='bbox 518 1224 638 1303; x_wconf 90' lang='lat' dir='ltr'><strong>proluit.</strong></span> <span class='ocrx_word' id='word_1_67' title='bbox 682 1226 712 1283; x_wconf 93' lang='lat' dir='ltr'><strong>in</strong></span> <span class='ocrx_word' id='word_1_68' title='bbox 745 1225 808 1302; x_wconf 89' lang='lat' dir='ltr'><strong>ipsa</strong></span> <span class='ocrx_word' id='word_1_69' title='bbox 841 1222 1045 1282; x_wconf 89' lang='lat' dir='ltr'><strong>emendatione</strong></span> <span class='ocrx_word' id='word_1_70' title='bbox 1076 1232 1188 1304; x_wconf 89' lang='lat' dir='ltr'><strong>autem,</strong></span> <span class='ocrx_word' id='word_1_71' title='bbox 1219 1227 1351 1303; x_wconf 83' lang='lat' dir='ltr'><strong>quamvis</strong></span> <span class='ocrx_word' id='word_1_72' title='bbox 1381 1228 1472 1288; x_wconf 86' lang='lat' dir='ltr'><strong>sciam</strong></span> 
     </span>
     <span class='ocr_line' id='line_1_9' title="bbox 168 1330 1472 1410; baseline 0.002 -21"><span class='ocrx_word' id='word_1_73' title='bbox 168 1330 254 1409; x_wconf 91' lang='lat' dir='ltr'><strong>plura</strong></span> <span class='ocrx_word' id='word_1_74' title='bbox 282 1349 369 1409; x_wconf 92' lang='lat' dir='ltr'><strong>quam</strong></span> <span class='ocrx_word' id='word_1_75' title='bbox 399 1332 462 1409; x_wconf 90' lang='lat' dir='ltr'><strong>ipse</strong></span> <span class='ocrx_word' id='word_1_76' title='bbox 491 1332 607 1390; x_wconf 91' lang='lat' dir='ltr'><strong>correxi</strong></span> <span class='ocrx_word' id='word_1_77' title='bbox 637 1330 720 1390; x_wconf 86' lang='lat' dir='ltr'><strong>lacile</strong></span> <span class='ocrx_word' id='word_1_78' title='bbox 750 1333 858 1410; x_wconf 83' lang='lat' dir='ltr'><strong>corrigi</strong></span> <span class='ocrx_word' id='word_1_79' title='bbox 881 1348 984 1410; x_wconf 84' lang='lat' dir='ltr'><strong>posse,</strong></span> <span class='ocrx_word' id='word_1_80' title='bbox 1007 1337 1105 1389; x_wconf 91' lang='lat' dir='ltr'><strong>tamen</strong></span> <span class='ocrx_word' id='word_1_81' title='bbox 1129 1330 1249 1391; x_wconf 86' lang='lat' dir='ltr'><strong>modum</strong></span> <span class='ocrx_word' id='word_1_82' title='bbox 1272 1330 1472 1392; x_wconf 89' lang='lat' dir='ltr'><strong>adhibendum</strong></span> 
     </span>
     <span class='ocr_line' id='line_1_10' title="bbox 169 1436 1472 1518; baseline 0.003 -23"><span class='ocrx_word' id='word_1_83' title='bbox 169 1455 234 1496; x_wconf 86' lang='lat' dir='ltr'><strong>esse</strong></span> <span class='ocrx_word' id='word_1_84' title='bbox 258 1439 371 1516; x_wconf 89' lang='lat' dir='ltr'><strong>censui,</strong></span> <span class='ocrx_word' id='word_1_85' title='bbox 393 1446 551 1515; x_wconf 90' lang='lat' dir='ltr'><strong>propterea</strong></span> <span class='ocrx_word' id='word_1_86' title='bbox 574 1436 652 1515; x_wconf 92' lang='lat' dir='ltr'><strong>quod</strong></span> <span class='ocrx_word' id='word_1_87' title='bbox 677 1436 785 1496; x_wconf 92' lang='lat' dir='ltr'><strong>librum</strong></span> <span class='ocrx_word' id='word_1_88' title='bbox 810 1456 868 1497; x_wconf 91' lang='lat' dir='ltr'><strong>non</strong></span> <span class='ocrx_word' id='word_1_89' title='bbox 892 1436 987 1497; x_wconf 89' lang='lat' dir='ltr'><strong>solum</strong></span> <span class='ocrx_word' id='word_1_90' title='bbox 1007 1454 1109 1496; x_wconf 90' lang='lat' dir='ltr'><strong>errore</strong></span> <span class='ocrx_word' id='word_1_91' title='bbox 1129 1436 1278 1497; x_wconf 89' lang='lat' dir='ltr'><strong>scribendi</strong></span> <span class='ocrx_word' id='word_1_92' title='bbox 1297 1448 1472 1518; x_wconf 91' lang='lat' dir='ltr'><strong>corruptum</strong></span> 
     </span>
     <span class='ocr_line' id='line_1_11' title="bbox 168 1541 1469 1645; baseline 0.002 -43"><span class='ocrx_word' id='word_1_93' title='bbox 168 1541 337 1645; x_wconf 45' lang='lat' dir='ltr'><strong>sessctiam</strong></span> <span class='ocrx_word' id='word_1_94' title='bbox 365 1541 543 1622; x_wconf 84' lang='lat' dir='ltr'><strong>excerpendi</strong></span> <span class='ocrx_word' id='word_1_95' title='bbox 572 1542 756 1622; x_wconf 84' lang='lat' dir='ltr'><strong>neglegentia</strong></span> <span class='ocrx_word' id='word_1_96' title='bbox 780 1542 970 1622; x_wconf 87' lang='lat' dir='ltr'><strong>depravatum</strong></span> <span class='ocrx_word' id='word_1_97' title='bbox 995 1560 1060 1602; x_wconf 88' lang='lat' dir='ltr'><strong>esse</strong></span> <span class='ocrx_word' id='word_1_98' title='bbox 1084 1544 1229 1627; x_wconf 78' lang='lat' dir='ltr'><strong>existimo.</strong></span> <span class='ocrx_word' id='word_1_99' title='bbox 1266 1563 1358 1623; x_wconf 90' lang='lat' dir='ltr'><strong>quare</strong></span> <span class='ocrx_word' id='word_1_100' title='bbox 1382 1564 1469 1624; x_wconf 91' lang='lat' dir='ltr'><strong>quae·</strong></span> 
     </span>
     <span class='ocr_line' id='line_1_12' title="bbox 168 1648 1471 1728; baseline 0.002 -20"><span class='ocrx_word' id='word_1_101' title='bbox 168 1648 235 1709; x_wconf 89' lang='lat' dir='ltr'><strong>dam</strong></span> <span class='ocrx_word' id='word_1_102' title='bbox 263 1668 338 1728; x_wconf 87' lang='lat' dir='ltr'><strong>qnae</strong></span> <span class='ocrx_word' id='word_1_103' title='bbox 366 1652 396 1710; x_wconf 90' lang='lat' dir='ltr'><strong>in</strong></span> <span class='ocrx_word' id='word_1_104' title='bbox 424 1652 501 1710; x_wconf 87' lang='lat' dir='ltr'><strong>iusta</strong></span> <span class='ocrx_word' id='word_1_105' title='bbox 530 1657 560 1711; x_wconf 90' lang='lat' dir='ltr'><strong>et</strong></span> <span class='ocrx_word' id='word_1_106' title='bbox 587 1650 673 1728; x_wconf 90' lang='lat' dir='ltr'><strong>digna</strong></span> <span class='ocrx_word' id='word_1_107' title='bbox 706 1657 806 1712; x_wconf 85' lang='lat' dir='ltr'><strong>vetere</strong></span> <span class='ocrx_word' id='word_1_108' title='bbox 842 1651 1032 1728; x_wconf 87' lang='lat' dir='ltr'><strong>grammatico</strong></span> <span class='ocrx_word' id='word_1_109' title='bbox 1061 1648 1228 1710; x_wconf 87' lang='lat' dir='ltr'><strong>elocutione</strong></span> <span class='ocrx_word' id='word_1_110' title='bbox 1260 1650 1380 1711; x_wconf 79' lang='lat' dir='ltr'><strong>ferenda</strong></span> <span class='ocrx_word' id='word_1_111' title='bbox 1411 1669 1471 1711; x_wconf 93' lang='lat' dir='ltr'><strong>non</strong></span> 
     </span>
     <span class='ocr_line' id='line_1_13' title="bbox 168 1755 1514 1841; baseline 0 -27"><span class='ocrx_word' id='word_1_112' title='bbox 168 1763 238 1815; x_wconf 88' lang='lat' dir='ltr'><strong>sunt</strong></span> <span class='ocrx_word' id='word_1_113' title='bbox 261 1756 429 1836; x_wconf 75' lang='lat' dir='ltr'><strong>relinquere</strong></span> <span class='ocrx_word' id='word_1_114' title='bbox 453 1776 541 1836; x_wconf 89' lang='lat' dir='ltr'><strong>quam</strong></span> <span class='ocrx_word' id='word_1_115' title='bbox 564 1759 687 1818; x_wconf 89' lang='lat' dir='ltr'><strong>incertis</strong></span> <span class='ocrx_word' id='word_1_116' title='bbox 710 1758 891 1817; x_wconf 89' lang='lat' dir='ltr'><strong>coniecturis</strong></span> <span class='ocrx_word' id='word_1_117' title='bbox 915 1763 1059 1834; x_wconf 89' lang='lat' dir='ltr'><strong>temptare</strong></span> <span class='ocrx_word' id='word_1_118' title='bbox 1083 1755 1181 1815; x_wconf 86' lang='lat' dir='ltr'><strong>malui.</strong></span> <span class='ocrx_word' id='word_1_119' title='bbox 1511 1836 1514 1841; x_wconf 15' lang='grc' dir='ltr'>ι</span> 
     </span>
     <span class='ocr_line' id='line_1_14' title="bbox 257 1862 1469 1942; baseline 0.003 -20"><span class='ocrx_word' id='word_1_120' title='bbox 257 1862 430 1924; x_wconf 87' lang='lat' dir='ltr'><strong>Terentium</strong></span> <span class='ocrx_word' id='word_1_121' title='bbox 454 1864 598 1925; x_wconf 89' lang='lat' dir='ltr'><strong>Scaurum</strong></span> <span class='ocrx_word' id='word_1_122' title='bbox 623 1864 762 1925; x_wconf 85' lang='lat' dir='ltr'><strong>Hadriani</strong></span> <span class='ocrx_word' id='word_1_123' title='bbox 786 1863 970 1942; x_wconf 89' lang='lat' dir='ltr'><strong>temporibus</strong></span> <span class='ocrx_word' id='word_1_124' title='bbox 998 1865 1221 1942; x_wconf 89' lang='lat' dir='ltr'><strong>grammaticum</strong></span> <span class='ocrx_word' id='word_1_125' title='bbox 1251 1863 1295 1923; x_wconf 91' lang='lat' dir='ltr'><strong>vel</strong></span> <span class='ocrx_word' id='word_1_126' title='bbox 1324 1864 1469 1926; x_wconf 88' lang='lat' dir='ltr'><strong>nobilissi-</strong></span> 
     </span>
     <span class='ocr_line' id='line_1_15' title="bbox 168 1967 1469 2050; baseline 0.005 -22"><span class='ocrx_word' id='word_1_127' title='bbox 168 1988 250 2029; x_wconf 92' lang='lat' dir='ltr'><strong>mum</strong></span> <span class='ocrx_word' id='word_1_128' title='bbox 274 1971 365 2031; x_wconf 88' lang='lat' dir='ltr'><strong>inisse</strong></span> <span class='ocrx_word' id='word_1_129' title='bbox 389 1973 557 2032; x_wconf 89' lang='lat' dir='ltr'><strong>testimonio</strong></span> <span class='ocrx_word' id='word_1_130' title='bbox 581 1978 698 2031; x_wconf 91' lang='lat' dir='ltr'><strong>constat</strong></span> <span class='ocrx_word' id='word_1_131' title='bbox 721 1970 806 2031; x_wconf 88' lang='lat' dir='ltr'><strong>Gellii</strong></span> <span class='ocrx_word' id='word_1_132' title='bbox 830 1977 907 2031; x_wconf 93' lang='lat' dir='ltr'><strong>noct.</strong></span> <span class='ocrx_word' id='word_1_133' title='bbox 926 1978 976 2030; x_wconf 87' lang='lat' dir='ltr'><strong>att.</strong></span> <span class='ocrx_word' id='word_1_134' title='bbox 996 1968 1036 2028; x_wconf 89' lang='lat' dir='ltr'><strong>Xl</strong></span> <span class='ocrx_word' id='word_1_135' title='bbox 1058 1967 1107 2050; x_wconf 84' lang='lat'><strong>15,</strong></span> <span class='ocrx_word' id='word_1_136' title='bbox 1133 1973 1185 2049; x_wconf 91' lang='lat' dir='ltr'><strong>qni</strong></span> <span class='ocrx_word' id='word_1_137' title='bbox 1204 1989 1272 2031; x_wconf 90' lang='lat' dir='ltr'><strong>eum</strong></span> <span class='ocrx_word' id='word_1_138' title='bbox 1291 1971 1326 2031; x_wconf 90' lang='lat' dir='ltr'><strong>de</strong></span> <span class='ocrx_word' id='word_1_139' title='bbox 1346 1971 1469 2034; x_wconf 88' lang='lat' dir='ltr'><strong>Caeselli</strong></span> 
     </span>
     <span class='ocr_line' id='line_1_16' title="bbox 167 2075 1469 2157; baseline 0.006 -23"><span class='ocrx_word' id='word_1_140' title='bbox 167 2076 321 2139; x_wconf 89' lang='lat' dir='ltr'><strong>erroribus</strong></span> <span class='ocrx_word' id='word_1_141' title='bbox 349 2079 503 2157; x_wconf 89' lang='lat' dir='ltr'><strong>scripsisse</strong></span> <span class='ocrx_word' id='word_1_142' title='bbox 533 2078 633 2138; x_wconf 86' lang='lat' dir='ltr'><strong>relert.</strong></span> <span class='ocrx_word' id='word_1_143' title='bbox 671 2076 775 2137; x_wconf 90' lang='lat' dir='ltr'><strong>eodem</strong></span> <span class='ocrx_word' id='word_1_144' title='bbox 802 2079 932 2157; x_wconf 91' lang='lat' dir='ltr'><strong>pertinet</strong></span> <span class='ocrx_word' id='word_1_145' title='bbox 960 2075 1081 2155; x_wconf 91' lang='lat' dir='ltr'><strong>Capitol.</strong></span> <span class='ocrx_word' id='word_1_146' title='bbox 1111 2078 1159 2136; x_wconf 84' lang='lat' dir='ltr'><strong>vit.</strong></span> <span class='ocrx_word' id='word_1_147' title='bbox 1183 2075 1248 2137; x_wconf 82' lang='lat' dir='ltr'><strong>Ver.</strong></span> <span class='ocrx_word' id='word_1_148' title='bbox 1272 2080 1375 2156; x_wconf 90' lang='lat' dir='ltr'><strong>imper.</strong></span> <span class='ocrx_word' id='word_1_149' title='bbox 1400 2077 1469 2143; x_wconf 70' lang='lat' dir='ltr'><strong>cu</strong></span> 
     </span>
     <span class='ocr_line' id='line_1_17' title="bbox 167 2184 1470 2260; baseline 0.002 -18"><span class='ocrx_word' id='word_1_150' title='bbox 167 2186 285 2244; x_wconf 72' lang='lat' dir='ltr'><strong>occuluit</strong></span> <span class='ocrx_word' id='word_1_151' title='bbox 303 2185 487 2245; x_wconf 80' lang='lat' dir='ltr'><strong>Scaurinum</strong></span> <span class='ocrx_word' id='word_1_152' title='bbox 504 2188 738 2259; x_wconf 71' lang='lat' dir='ltr'><strong>qramnnticom</strong></span> <span class='ocrx_word' id='word_1_153' title='bbox 757 2187 892 2260; x_wconf 81' lang='lat' dir='ltr'><strong>latinum,</strong></span> <span class='ocrx_word' id='word_1_154' title='bbox 916 2184 1032 2244; x_wconf 81' lang='lat' dir='ltr'><strong>Seuieri</strong></span> <span class='ocrx_word' id='word_1_155' title='bbox 1049 2187 1155 2258; x_wconf 78' lang='lat' dir='ltr'><strong>filium,</strong></span> <span class='ocrx_word' id='word_1_156' title='bbox 1178 2187 1232 2257; x_wconf 83' lang='lat' dir='ltr'><strong>qui</strong></span> <span class='ocrx_word' id='word_1_157' title='bbox 1250 2189 1470 2258; x_wconf 70' lang='lat' dir='ltr'><strong>prumninticus</strong></span> 
     </span>
     <span class='ocr_line' id='line_1_18' title="bbox 165 2288 1470 2370; baseline 0.002 -21"><span class='ocrx_word' id='word_1_158' title='bbox 165 2290 326 2351; x_wconf 79' lang='lat' dir='ltr'><strong>Hadriani</strong></span> <span class='ocrx_word' id='word_1_159' title='bbox 343 2291 412 2366; x_wconf 78' lang='lat' dir='ltr'><strong>fuit</strong></span> <span class='ocrx_word' id='word_1_160' title='bbox 449 2309 629 2370; x_wconf 85' lang='lat' dir='ltr'><strong>praenomen</strong></span> <span class='ocrx_word' id='word_1_161' title='bbox 645 2291 748 2361; x_wconf 85' lang='lat' dir='ltr'><strong>Quinti</strong></span> <span class='ocrx_word' id='word_1_162' title='bbox 762 2289 808 2350; x_wconf 91' lang='lat' dir='ltr'><strong>bis</strong></span> <span class='ocrx_word' id='word_1_163' title='bbox 823 2292 922 2369; x_wconf 91' lang='lat' dir='ltr'><strong>posuit</strong></span> <span class='ocrx_word' id='word_1_164' title='bbox 936 2290 1029 2350; x_wconf 91' lang='lat' dir='ltr'><strong>lulius</strong></span> <span class='ocrx_word' id='word_1_165' title='bbox 1043 2288 1193 2350; x_wconf 86' lang='lat' dir='ltr'><strong>liomanus</strong></span> <span class='ocrx_word' id='word_1_166' title='bbox 1212 2289 1288 2369; x_wconf 91' lang='lat' dir='ltr'><strong>apud</strong></span> <span class='ocrx_word' id='word_1_167' title='bbox 1304 2289 1470 2352; x_wconf 82' lang='lat' dir='ltr'><strong>Charisium</strong></span> 
     </span>
     <span class='ocr_line' id='line_1_19' title="bbox 165 2394 1470 2478; baseline 0.001 -21"><span class='ocrx_word' id='word_1_168' title='bbox 165 2416 193 2476; x_wconf 92' lang='lat' dir='ltr'><strong>p.</strong></span> <span class='ocrx_word' id='word_1_169' title='bbox 209 2394 284 2478; x_wconf 91' lang='grc'><strong>202,</strong></span> <span class='ocrx_word' id='word_1_170' title='bbox 298 2395 340 2459; x_wconf 92' lang='grc'><strong>28</strong></span> <span class='ocrx_word' id='word_1_171' title='bbox 360 2408 390 2458; x_wconf 88' lang='lat' dir='ltr'><strong>et</strong></span> <span class='ocrx_word' id='word_1_172' title='bbox 409 2395 483 2478; x_wconf 92' lang='grc'><strong>210,</strong></span> <span class='ocrx_word' id='word_1_173' title='bbox 498 2394 550 2478; x_wconf 97' lang='grc'><strong>21,</strong></span> <span class='ocrx_word' id='word_1_174' title='bbox 568 2400 623 2458; x_wconf 85' lang='lat' dir='ltr'><strong>ubi</strong></span> <span class='ocrx_word' id='word_1_175' title='bbox 645 2401 676 2470; x_wconf 76' lang='lat' dir='ltr'><strong>Q.</strong></span> <span class='ocrx_word' id='word_1_176' title='bbox 696 2397 853 2458; x_wconf 81' lang='lat' dir='ltr'><strong>Terentius</strong></span> <span class='ocrx_word' id='word_1_177' title='bbox 872 2399 1010 2457; x_wconf 81' lang='lat' dir='ltr'><strong>Scaurus</strong></span> <span class='ocrx_word' id='word_1_178' title='bbox 1030 2401 1060 2456; x_wconf 90' lang='lat' dir='ltr'><strong>in</strong></span> <span class='ocrx_word' id='word_1_179' title='bbox 1080 2400 1303 2458; x_wconf 85' lang='lat' dir='ltr'><strong>commentariis</strong></span> <span class='ocrx_word' id='word_1_180' title='bbox 1323 2401 1353 2456; x_wconf 89' lang='lat' dir='ltr'><strong>in</strong></span> <span class='ocrx_word' id='word_1_181' title='bbox 1372 2397 1470 2458; x_wconf 80' lang='lat' dir='ltr'><strong>artene</strong></span> 
     </span>
     <span class='ocr_line' id='line_1_20' title="bbox 161 2502 1470 2583; baseline 0.001 -20"><span class='ocrx_word' id='word_1_182' title='bbox 161 2509 314 2580; x_wconf 86' lang='lat' dir='ltr'><strong>poeticum</strong></span> <span class='ocrx_word' id='word_1_183' title='bbox 346 2507 425 2565; x_wconf 87' lang='lat' dir='ltr'><strong>libro</strong></span> <span class='ocrx_word' id='word_1_184' title='bbox 452 2505 491 2563; x_wconf 82' lang='grc' dir='ltr'><strong>Χ.</strong></span> <span class='ocrx_word' id='word_1_185' title='bbox 528 2503 606 2563; x_wconf 91' lang='lat' dir='ltr'><strong>idem</strong></span> <span class='ocrx_word' id='word_1_186' title='bbox 640 2503 744 2564; x_wconf 89' lang='lat' dir='ltr'><strong>Scauri</strong></span> <span class='ocrx_word' id='word_1_187' title='bbox 777 2502 869 2563; x_wconf 87' lang='lat' dir='ltr'><strong>libros</strong></span> <span class='ocrx_word' id='word_1_188' title='bbox 899 2504 971 2563; x_wconf 88' lang='lat' dir='ltr'><strong>artis</strong></span> <span class='ocrx_word' id='word_1_189' title='bbox 1001 2505 1207 2582; x_wconf 85' lang='lat' dir='ltr'><strong>grammaticae</strong></span> <span class='ocrx_word' id='word_1_190' title='bbox 1237 2502 1283 2562; x_wconf 85' lang='lat' dir='ltr'><strong>bis</strong></span> <span class='ocrx_word' id='word_1_191' title='bbox 1315 2503 1470 2583; x_wconf 87' lang='lat' dir='ltr'><strong>appellavit</strong></span> 
     </span>
     <span class='ocr_line' id='line_1_21' title="bbox 165 2606 1481 2690; baseline 0.002 -21"><span class='ocrx_word' id='word_1_192' title='bbox 165 2607 287 2690; x_wconf 69' lang='grc'><strong>11133,</strong></span> <span class='ocrx_word' id='word_1_193' title='bbox 309 2608 325 2669; x_wconf 95' lang='grc'><strong>1</strong></span> <span class='ocrx_word' id='word_1_194' title='bbox 352 2606 544 2690; x_wconf 68' lang='grc'><strong>1113616.</strong></span> <span class='ocrx_word' id='word_1_195' title='bbox 569 2609 772 2670; x_wconf 85' lang='lat' dir='ltr'><strong>adnotationes</strong></span> <span class='ocrx_word' id='word_1_196' title='bbox 800 2612 865 2670; x_wconf 88' lang='lat' dir='ltr'><strong>eius</strong></span> <span class='ocrx_word' id='word_1_197' title='bbox 888 2612 918 2670; x_wconf 92' lang='lat' dir='ltr'><strong>in</strong></span> <span class='ocrx_word' id='word_1_198' title='bbox 939 2609 1098 2689; x_wconf 90' lang='lat' dir='ltr'><strong>Vergilium</strong></span> <span class='ocrx_word' id='word_1_199' title='bbox 1121 2629 1231 2689; x_wconf 89' lang='lat' dir='ltr'><strong>paucae</strong></span> <span class='ocrx_word' id='word_1_200' title='bbox 1256 2609 1375 2671; x_wconf 90' lang='lat' dir='ltr'><strong>relictae</strong></span> <span class='ocrx_word' id='word_1_201' title='bbox 1399 2619 1481 2671; x_wconf 65' lang='lat' dir='ltr'><strong>sunt*</strong></span> 
     </span>
     <span class='ocr_line' id='line_1_22' title="bbox 165 2714 1468 2797; baseline 0.003 -23"><span class='ocrx_word' id='word_1_202' title='bbox 165 2717 197 2774; x_wconf 92' lang='lat' dir='ltr'><strong>in</strong></span> <span class='ocrx_word' id='word_1_203' title='bbox 221 2715 340 2775; x_wconf 82' lang='lat' dir='ltr'><strong>scholiis</strong></span> <span class='ocrx_word' id='word_1_204' title='bbox 366 2715 599 2796; x_wconf 85' lang='lat' dir='ltr'><strong>Veronensibus,</strong></span> <span class='ocrx_word' id='word_1_205' title='bbox 630 2715 665 2776; x_wconf 93' lang='lat' dir='ltr'><strong>de</strong></span> <span class='ocrx_word' id='word_1_206' title='bbox 692 2715 800 2794; x_wconf 90' lang='lat' dir='ltr'><strong>quibus</strong></span> <span class='ocrx_word' id='word_1_207' title='bbox 821 2715 1001 2776; x_wconf 86' lang='lat' dir='ltr'><strong>Ribbechius</strong></span> <span class='ocrx_word' id='word_1_208' title='bbox 1027 2716 1100 2795; x_wconf 90' lang='lat' dir='ltr'><strong>prol.</strong></span> <span class='ocrx_word' id='word_1_209' title='bbox 1125 2717 1155 2776; x_wconf 96' lang='lat' dir='ltr'><strong>in</strong></span> <span class='ocrx_word' id='word_1_210' title='bbox 1179 2715 1262 2794; x_wconf 87' lang='lat' dir='ltr'><strong>Verg.</strong></span> <span class='ocrx_word' id='word_1_211' title='bbox 1286 2738 1314 2796; x_wconf 91' lang='lat' dir='ltr'><strong>p.</strong></span> <span class='ocrx_word' id='word_1_212' title='bbox 1340 2714 1401 2778; x_wconf 91' lang='grc'><strong>171</strong></span> <span class='ocrx_word' id='word_1_213' title='bbox 1425 2736 1468 2797; x_wconf 89' lang='lat' dir='ltr'><strong>sq.</strong></span> 
     </span>
     <span class='ocr_line' id='line_1_23' title="bbox 164 2821 1469 2902; baseline 0.005 -22"><span class='ocrx_word' id='word_1_214' title='bbox 164 2822 333 2900; x_wconf 80' lang='lat' dir='ltr'><strong>disputarit.</strong></span> <span class='ocrx_word' id='word_1_215' title='bbox 364 2831 519 2901; x_wconf 88' lang='lat' dir='ltr'><strong>praeterea</strong></span> <span class='ocrx_word' id='word_1_216' title='bbox 546 2822 642 2882; x_wconf 91' lang='lat' dir='ltr'><strong>Plauti</strong></span> <span class='ocrx_word' id='word_1_217' title='bbox 671 2821 783 2882; x_wconf 82' lang='lat' dir='ltr'><strong>labulas</strong></span> <span class='ocrx_word' id='word_1_218' title='bbox 811 2825 1025 2902; x_wconf 86' lang='lat' dir='ltr'><strong>interpretatus</strong></span> <span class='ocrx_word' id='word_1_219' title='bbox 1054 2840 1120 2882; x_wconf 90' lang='lat' dir='ltr'><strong>esse</strong></span> <span class='ocrx_word' id='word_1_220' title='bbox 1144 2825 1312 2882; x_wconf 90' lang='lat' dir='ltr'><strong>testimonio</strong></span> <span class='ocrx_word' id='word_1_221' title='bbox 1336 2822 1469 2888; x_wconf 85' lang='lat' dir='ltr'><strong>creditur</strong></span> 
     </span>
     <span class='ocr_line' id='line_1_24' title="bbox 166 2928 1468 3010; baseline 0.002 -22"><span class='ocrx_word' id='word_1_222' title='bbox 166 2928 278 3009; x_wconf 76' lang='lat' dir='ltr'><strong>liuilni,</strong></span> <span class='ocrx_word' id='word_1_223' title='bbox 306 2931 357 3007; x_wconf 94' lang='lat' dir='ltr'><strong>qui</strong></span> <span class='ocrx_word' id='word_1_224' title='bbox 385 2948 493 2990; x_wconf 89' lang='lat' dir='ltr'><strong>nomen</strong></span> <span class='ocrx_word' id='word_1_225' title='bbox 521 2933 703 3010; x_wconf 87' lang='lat' dir='ltr'><strong>grammatici</strong></span> <span class='ocrx_word' id='word_1_226' title='bbox 732 2949 789 2990; x_wconf 81' lang='lat' dir='ltr'><strong>tina</strong></span> <span class='ocrx_word' id='word_1_227' title='bbox 818 2948 885 2990; x_wconf 90' lang='lat' dir='ltr'><strong>cum</strong></span> <span class='ocrx_word' id='word_1_228' title='bbox 914 2931 1061 3008; x_wconf 84' lang='lat' dir='ltr'><strong>excerptis</strong></span> <span class='ocrx_word' id='word_1_229' title='bbox 1089 2948 1124 2989; x_wconf 89' lang='lat' dir='ltr'><strong>ex</strong></span> <span class='ocrx_word' id='word_1_230' title='bbox 1150 2929 1291 2990; x_wconf 90' lang='lat' dir='ltr'><strong>Sisennae</strong></span> <span class='ocrx_word' id='word_1_231' title='bbox 1320 2948 1468 2990; x_wconf 92' lang='lat' dir='ltr'><strong>commen·</strong></span> 
     </span>
     <span class='ocr_line' id='line_1_25' title="bbox 164 3033 1467 3116; baseline 0.002 -21"><span class='ocrx_word' id='word_1_232' title='bbox 164 3036 248 3095; x_wconf 87' lang='lat' dir='ltr'><strong>tariis</strong></span> <span class='ocrx_word' id='word_1_233' title='bbox 271 3036 426 3114; x_wconf 81' lang='lat' dir='ltr'><strong>appellarit</strong></span> <span class='ocrx_word' id='word_1_234' title='bbox 448 3055 553 3097; x_wconf 92' lang='lat' dir='ltr'><strong>comm.</strong></span> <span class='ocrx_word' id='word_1_235' title='bbox 576 3039 607 3096; x_wconf 91' lang='lat' dir='ltr'><strong>in</strong></span> <span class='ocrx_word' id='word_1_236' title='bbox 631 3045 717 3096; x_wconf 88' lang='lat' dir='ltr'><strong>metr.</strong></span> <span class='ocrx_word' id='word_1_237' title='bbox 740 3035 859 3096; x_wconf 86' lang='lat' dir='ltr'><strong>Terent.</strong></span> <span class='ocrx_word' id='word_1_238' title='bbox 884 3057 911 3115; x_wconf 94' lang='lat' dir='ltr'><strong>p.</strong></span> <span class='ocrx_word' id='word_1_239' title='bbox 935 3033 1014 3116; x_wconf 83' lang='lat'><strong>560,</strong></span> <span class='ocrx_word' id='word_1_240' title='bbox 1038 3033 1089 3110; x_wconf 86' lang='grc'><strong>27,</strong></span> <span class='ocrx_word' id='word_1_241' title='bbox 1114 3038 1244 3096; x_wconf 83' lang='lat' dir='ltr'><strong>Sisenna</strong></span> <span class='ocrx_word' id='word_1_242' title='bbox 1267 3041 1298 3096; x_wconf 89' lang='lat' dir='ltr'><strong>iu</strong></span> <span class='ocrx_word' id='word_1_243' title='bbox 1322 3055 1467 3099; x_wconf 86' lang='lat' dir='ltr'><strong>commen-</strong></span> 
     </span>
     <span class='ocr_line' id='line_1_26' title="bbox 165 3138 1469 3223; baseline 0.003 -23"><span class='ocrx_word' id='word_1_244' title='bbox 165 3146 246 3201; x_wconf 83' lang='lat' dir='ltr'><strong>tario</strong></span> <span class='ocrx_word' id='word_1_245' title='bbox 279 3144 407 3205; x_wconf 88' lang='lat' dir='ltr'><strong>Poenuli</strong></span> <span class='ocrx_word' id='word_1_246' title='bbox 438 3145 599 3204; x_wconf 87' lang='lat' dir='ltr'><strong>Pluutiuoe</strong></span> <span class='ocrx_word' id='word_1_247' title='bbox 628 3143 756 3218; x_wconf 75' lang='lat' dir='ltr'><strong>subirlue</strong></span> <span class='ocrx_word' id='word_1_248' title='bbox 788 3177 823 3184; x_wconf 91' lang='lat'><strong>—</strong></span> <span class='ocrx_word' id='word_1_249' title='bbox 856 3147 886 3202; x_wconf 90' lang='lat' dir='ltr'><strong>in</strong></span> <span class='ocrx_word' id='word_1_250' title='bbox 916 3144 1066 3202; x_wconf 82' lang='lat' dir='ltr'><strong>Pseudulo</strong></span> <span class='ocrx_word' id='word_1_251' title='bbox 1095 3146 1141 3204; x_wconf 88' lang='lat' dir='ltr'><strong>sic</strong></span> <span class='ocrx_word' id='word_1_252' title='bbox 1170 3138 1293 3203; x_wconf 61' lang='lat' dir='ltr'><strong>‘mulcti‘</strong></span> <span class='ocrx_word' id='word_1_253' title='bbox 1308 3141 1469 3223; x_wconf 75' lang='grc' dir='ltr'><em>διαίρεσις</em></span> 
     </span>
     <span class='ocr_line' id='line_1_27' title="bbox 161 3236 1468 3324; baseline 0.002 -17"><span class='ocrx_word' id='word_1_254' title='bbox 161 3253 254 3309; x_wconf 83' lang='lat' dir='ltr'><strong>metri</strong></span> <span class='ocrx_word' id='word_1_255' title='bbox 275 3245 392 3310; x_wconf 61' lang='lat' dir='ltr'><strong>ceusu?</strong></span> <span class='ocrx_word' id='word_1_256' title='bbox 429 3253 568 3311; x_wconf 79' lang='lat' dir='ltr'><strong>Securus</strong></span> <span class='ocrx_word' id='word_1_257' title='bbox 592 3255 621 3309; x_wconf 89' lang='lat' dir='ltr'><strong>iu</strong></span> <span class='ocrx_word' id='word_1_258' title='bbox 647 3253 751 3310; x_wconf 85' lang='lat' dir='ltr'><strong>eudem</strong></span> <span class='ocrx_word' id='word_1_259' title='bbox 772 3236 888 3324; x_wconf 74' lang='lat' dir='ltr'><strong>subaud</strong></span> <span class='ocrx_word' id='word_1_260' title='bbox 904 3253 962 3323; x_wconf 90' lang='lat' dir='ltr'><strong>sic,</strong></span> <span class='ocrx_word' id='word_1_261' title='bbox 994 3245 1091 3309; x_wconf 72' lang='lat' dir='ltr'><strong>‘neeric</strong></span> <span class='ocrx_word' id='word_1_262' title='bbox 1120 3253 1194 3308; x_wconf 86' lang='lat' dir='ltr'><strong>ium:</strong></span> <span class='ocrx_word' id='word_1_263' title='bbox 1223 3254 1282 3309; x_wconf 86' lang='lat' dir='ltr'><strong>inm</strong></span> <span class='ocrx_word' id='word_1_264' title='bbox 1312 3253 1413 3309; x_wconf 84' lang='lat' dir='ltr'><strong>diuisit</strong></span> <span class='ocrx_word' id='word_1_265' title='bbox 1437 3254 1468 3309; x_wconf 89' lang='lat' dir='ltr'><strong>in</strong></span> 
     </span>
     <span class='ocr_line' id='line_1_28' title="bbox 164 3351 1467 3434; baseline 0.002 -20"><span class='ocrx_word' id='word_1_266' title='bbox 164 3359 242 3416; x_wconf 80' lang='lat' dir='ltr'><strong>diens</strong></span> <span class='ocrx_word' id='word_1_267' title='bbox 269 3359 403 3434; x_wconf 74' lang='lat' dir='ltr'><strong>syllabus</strong></span> <span class='ocrx_word' id='word_1_268' title='bbox 430 3360 520 3417; x_wconf 86' lang='lat' dir='ltr'><strong>metri</strong></span> <span class='ocrx_word' id='word_1_269' title='bbox 547 3351 662 3418; x_wconf 67' lang='lat' dir='ltr'><strong>ceusu?</strong></span> <span class='ocrx_word' id='word_1_270' title='bbox 696 3357 824 3416; x_wconf 84' lang='lat' dir='ltr'><strong>Sisenna</strong></span> <span class='ocrx_word' id='word_1_271' title='bbox 853 3360 883 3415; x_wconf 88' lang='lat' dir='ltr'><strong>iu</strong></span> <span class='ocrx_word' id='word_1_272' title='bbox 910 3357 1048 3415; x_wconf 80' lang='lat' dir='ltr'><strong>Rtidente</strong></span> <span class='ocrx_word' id='word_1_273' title='bbox 1074 3359 1119 3416; x_wconf 88' lang='lat' dir='ltr'><strong>sie</strong></span> <span class='ocrx_word' id='word_1_274' title='bbox 1143 3373 1206 3433; x_wconf 86' lang='lat' dir='ltr'><strong>sqq.</strong></span> <span class='ocrx_word' id='word_1_275' title='bbox 1230 3373 1407 3434; x_wconf 90' lang='lat' dir='ltr'><strong>quamquam</strong></span> <span class='ocrx_word' id='word_1_276' title='bbox 1431 3355 1467 3416; x_wconf 92' lang='lat' dir='ltr'><strong>de</strong></span> 
     </span>
     <span class='ocr_line' id='line_1_29' title="bbox 165 3461 1467 3542; baseline 0.001 -21"><span class='ocrx_word' id='word_1_277' title='bbox 165 3461 276 3521; x_wconf 90' lang='lat' dir='ltr'><strong>Scauro</strong></span> <span class='ocrx_word' id='word_1_278' title='bbox 301 3480 359 3522; x_wconf 91' lang='lat' dir='ltr'><strong>non</strong></span> <span class='ocrx_word' id='word_1_279' title='bbox 384 3465 455 3522; x_wconf 90' lang='lat' dir='ltr'><strong>satis</strong></span> <span class='ocrx_word' id='word_1_280' title='bbox 478 3471 594 3523; x_wconf 88' lang='lat' dir='ltr'><strong>certum</strong></span> <span class='ocrx_word' id='word_1_281' title='bbox 618 3482 683 3523; x_wconf 91' lang='lat' dir='ltr'><strong>esse</strong></span> <span class='ocrx_word' id='word_1_282' title='bbox 708 3463 849 3522; x_wconf 90' lang='lat' dir='ltr'><strong>indicium</strong></span> <span class='ocrx_word' id='word_1_283' title='bbox 873 3464 1076 3521; x_wconf 87' lang='lat' dir='ltr'><strong>commentarii</strong></span> <span class='ocrx_word' id='word_1_284' title='bbox 1095 3461 1223 3522; x_wconf 86' lang='lat' dir='ltr'><strong>Plautini</strong></span> <span class='ocrx_word' id='word_1_285' title='bbox 1246 3470 1375 3542; x_wconf 93' lang='lat' dir='ltr'><strong>apparet.</strong></span> <span class='ocrx_word' id='word_1_286' title='bbox 1399 3480 1467 3522; x_wconf 92' lang='lat' dir='ltr'><strong>nam</strong></span> 
     </span>
     <span class='ocr_line' id='line_1_30' title="bbox 163 3542 1467 3648; baseline 0.002 -21"><span class='ocrx_word' id='word_1_287' title='bbox 163 3568 339 3647; x_wconf 86' lang='lat' dir='ltr'><strong>interpolata</strong></span> <span class='ocrx_word' id='word_1_288' title='bbox 367 3577 500 3630; x_wconf 83' lang='lat' dir='ltr'><strong>veterum</strong></span> <span class='ocrx_word' id='word_1_289' title='bbox 529 3542 692 3631; x_wconf 76' lang='lat' dir='ltr'><strong>editionum</strong></span> <span class='ocrx_word' id='word_1_290' title='bbox 721 3569 849 3629; x_wconf 89' lang='lat' dir='ltr'><strong>lectione</strong></span> <span class='ocrx_word' id='word_1_291' title='bbox 878 3586 950 3628; x_wconf 90' lang='lat' dir='ltr'><strong>usus</strong></span> <span class='ocrx_word' id='word_1_292' title='bbox 977 3575 1023 3628; x_wconf 89' lang='lat' dir='ltr'><strong>est</strong></span> <span class='ocrx_word' id='word_1_293' title='bbox 1046 3566 1226 3628; x_wconf 81' lang='lat' dir='ltr'><strong>liitschelins</strong></span> <span class='ocrx_word' id='word_1_294' title='bbox 1254 3567 1290 3628; x_wconf 91' lang='lat' dir='ltr'><strong>de</strong></span> <span class='ocrx_word' id='word_1_295' title='bbox 1318 3571 1467 3648; x_wconf 83' lang='lat' dir='ltr'><strong>excerptis</strong></span> 
     </span>
     <span class='ocr_line' id='line_1_31' title="bbox 163 3668 1466 3755; baseline 0.002 -22"><span class='ocrx_word' id='word_1_296' title='bbox 163 3672 261 3734; x_wconf 86' lang='lat' dir='ltr'><strong>liulini</strong></span> <span class='ocrx_word' id='word_1_297' title='bbox 285 3674 439 3754; x_wconf 87' lang='lat' dir='ltr'><strong>disputans</strong></span> <span class='ocrx_word' id='word_1_298' title='bbox 466 3695 581 3755; x_wconf 88' lang='lat' dir='ltr'><strong>parcrg.</strong></span> <span class='ocrx_word' id='word_1_299' title='bbox 600 3675 693 3737; x_wconf 86' lang='lat' dir='ltr'><strong>Plant.</strong></span> <span class='ocrx_word' id='word_1_300' title='bbox 712 3696 740 3755; x_wconf 92' lang='lat' dir='ltr'><strong>p.</strong></span> <span class='ocrx_word' id='word_1_301' title='bbox 761 3673 834 3736; x_wconf 90' lang='grc'><strong>374.</strong></span> <span class='ocrx_word' id='word_1_302' title='bbox 859 3693 917 3734; x_wconf 93' lang='lat' dir='ltr'><strong>non</strong></span> <span class='ocrx_word' id='word_1_303' title='bbox 937 3668 1029 3753; x_wconf 78' lang='lat' dir='ltr'><strong>magis&#39;</strong></span> <span class='ocrx_word' id='word_1_304' title='bbox 1052 3682 1168 3734; x_wconf 90' lang='lat' dir='ltr'><strong>certum</strong></span> <span class='ocrx_word' id='word_1_305' title='bbox 1191 3675 1294 3735; x_wconf 89' lang='lat' dir='ltr'><strong>estad</strong></span> <span class='ocrx_word' id='word_1_306' title='bbox 1319 3693 1466 3736; x_wconf 93' lang='lat' dir='ltr'><strong>commen·</strong></span> 
     </span>
     <span class='ocr_line' id='line_1_32' title="bbox 163 3780 1466 3861; baseline 0.002 -21"><span class='ocrx_word' id='word_1_307' title='bbox 163 3783 271 3841; x_wconf 89' lang='lat' dir='ltr'><strong>tarium</strong></span> <span class='ocrx_word' id='word_1_308' title='bbox 298 3781 412 3842; x_wconf 90' lang='lat' dir='ltr'><strong>Horatii</strong></span> <span class='ocrx_word' id='word_1_309' title='bbox 441 3783 596 3844; x_wconf 89' lang='lat' dir='ltr'><strong>relerenda</strong></span> <span class='ocrx_word' id='word_1_310' title='bbox 625 3801 690 3842; x_wconf 89' lang='lat' dir='ltr'><strong>esse</strong></span> <span class='ocrx_word' id='word_1_311' title='bbox 720 3800 794 3861; x_wconf 93' lang='lat' dir='ltr'><strong>quae</strong></span> <span class='ocrx_word' id='word_1_312' title='bbox 826 3781 966 3860; x_wconf 88' lang='lat' dir='ltr'><strong>leguntur</strong></span> <span class='ocrx_word' id='word_1_313' title='bbox 993 3783 1024 3841; x_wconf 92' lang='lat' dir='ltr'><strong>in</strong></span> <span class='ocrx_word' id='word_1_314' title='bbox 1052 3780 1171 3841; x_wconf 92' lang='lat' dir='ltr'><strong>scholiis</strong></span> <span class='ocrx_word' id='word_1_315' title='bbox 1195 3780 1407 3861; x_wconf 80' lang='lat' dir='ltr'><strong>Porphyrionis</strong></span> <span class='ocrx_word' id='word_1_316' title='bbox 1437 3785 1466 3842; x_wconf 92' lang='lat' dir='ltr'><strong>in</strong></span> 
     </span>
     <span class='ocr_line' id='line_1_33' title="bbox 162 3886 1495 3970; baseline -0.002 -23"><span class='ocrx_word' id='word_1_317' title='bbox 162 3888 232 3948; x_wconf 91' lang='lat' dir='ltr'><strong>llor.</strong></span> <span class='ocrx_word' id='word_1_318' title='bbox 257 3895 309 3948; x_wconf 88' lang='lat' dir='ltr'><strong>sat.</strong></span> <span class='ocrx_word' id='word_1_319' title='bbox 333 3888 359 3947; x_wconf 96' lang='lat' dir='ltr'><strong>ll</strong></span> <span class='ocrx_word' id='word_1_320' title='bbox 383 3886 418 3970; x_wconf 82' lang='lat'><strong>5,</strong></span> <span class='ocrx_word' id='word_1_321' title='bbox 441 3887 484 3949; x_wconf 81' lang='grc'><strong>02</strong></span> <span class='ocrx_word' id='word_1_322' title='bbox 512 3898 572 3950; x_wconf 89' lang='lat' dir='ltr'><strong>stes</strong></span> <span class='ocrx_word' id='word_1_323' title='bbox 602 3893 703 3966; x_wconf 85' lang='lat' dir='ltr'><strong>cupite</strong></span> <span class='ocrx_word' id='word_1_324' title='bbox 730 3890 858 3965; x_wconf 80' lang='lat' dir='ltr'><strong>obstipo,</strong></span> <span class='ocrx_word' id='word_1_325' title='bbox 891 3892 972 3947; x_wconf 88' lang='lat' dir='ltr'><strong>tristi</strong></span> <span class='ocrx_word' id='word_1_326' title='bbox 999 3908 1037 3948; x_wconf 85' lang='lat' dir='ltr'><strong>uc</strong></span> <span class='ocrx_word' id='word_1_327' title='bbox 1065 3907 1184 3948; x_wconf 81' lang='lat' dir='ltr'><strong>seuero:</strong></span> <span class='ocrx_word' id='word_1_328' title='bbox 1216 3889 1354 3948; x_wconf 72' lang='lat' dir='ltr'><strong>Scotum</strong></span> <span class='ocrx_word' id='word_1_329' title='bbox 1382 3893 1465 3949; x_wconf 90' lang='lat' dir='ltr'><strong>ineli-</strong></span> <span class='ocrx_word' id='word_1_330' title='bbox 1493 3941 1495 3945; x_wconf 86' lang='lat'><strong>.</strong></span> 
     </span>
     <span class='ocr_line' id='line_1_34' title="bbox 162 3994 1466 4074; baseline 0.002 -20"><span class='ocrx_word' id='word_1_331' title='bbox 162 4003 235 4056; x_wconf 83' lang='lat' dir='ltr'><strong>riute</strong></span> <span class='ocrx_word' id='word_1_332' title='bbox 263 3998 351 4068; x_wconf 88' lang='lat' dir='ltr'><strong>dicit,</strong></span> <span class='ocrx_word' id='word_1_333' title='bbox 380 3995 424 4056; x_wconf 84' lang='lat' dir='ltr'><strong>vel</strong></span> <span class='ocrx_word' id='word_1_334' title='bbox 452 3995 530 4074; x_wconf 90' lang='lat' dir='ltr'><strong>apud</strong></span> <span class='ocrx_word' id='word_1_335' title='bbox 558 3994 724 4055; x_wconf 89' lang='lat' dir='ltr'><strong>Charisium</strong></span> <span class='ocrx_word' id='word_1_336' title='bbox 754 3994 770 4053; x_wconf 90' lang='lat' dir='ltr'><strong>l.</strong></span> <span class='ocrx_word' id='word_1_337' title='bbox 795 4013 819 4054; x_wconf 93' lang='lat' dir='ltr'><strong>c.</strong></span> <span class='ocrx_word' id='word_1_338' title='bbox 850 3998 881 4066; x_wconf 71' lang='lat' dir='ltr'><strong>t).</strong></span> <span class='ocrx_word' id='word_1_339' title='bbox 909 3994 1065 4055; x_wconf 84' lang='lat' dir='ltr'><strong>Tereutius</strong></span> <span class='ocrx_word' id='word_1_340' title='bbox 1094 3997 1232 4055; x_wconf 80' lang='lat' dir='ltr'><strong>Scaurus</strong></span> <span class='ocrx_word' id='word_1_341' title='bbox 1261 3999 1290 4055; x_wconf 89' lang='lat' dir='ltr'><strong>in</strong></span> <span class='ocrx_word' id='word_1_342' title='bbox 1320 4014 1466 4056; x_wconf 82' lang='lat' dir='ltr'><strong>commen·</strong></span> 
     </span>
     <span class='ocr_line' id='line_1_35' title="bbox 161 4099 1466 4182; baseline 0.002 -22"><span class='ocrx_word' id='word_1_343' title='bbox 161 4105 251 4166; x_wconf 81' lang='lat' dir='ltr'><strong>iuriis</strong></span> <span class='ocrx_word' id='word_1_344' title='bbox 276 4105 306 4161; x_wconf 87' lang='lat' dir='ltr'><strong>iu</strong></span> <span class='ocrx_word' id='word_1_345' title='bbox 334 4111 431 4163; x_wconf 84' lang='lat' dir='ltr'><strong>ortem</strong></span> <span class='ocrx_word' id='word_1_346' title='bbox 455 4107 606 4179; x_wconf 84' lang='lat' dir='ltr'><strong>poeticum</strong></span> <span class='ocrx_word' id='word_1_347' title='bbox 629 4104 708 4162; x_wconf 85' lang='lat' dir='ltr'><strong>libro</strong></span> <span class='ocrx_word' id='word_1_348' title='bbox 731 4102 776 4175; x_wconf 83' lang='lat' dir='ltr'><strong>X,</strong></span> <span class='ocrx_word' id='word_1_349' title='bbox 804 4100 840 4161; x_wconf 93' lang='lat' dir='ltr'><strong>de</strong></span> <span class='ocrx_word' id='word_1_350' title='bbox 864 4099 973 4178; x_wconf 90' lang='lat' dir='ltr'><strong>quibus</strong></span> <span class='ocrx_word' id='word_1_351' title='bbox 996 4107 1081 4160; x_wconf 89' lang='lat' dir='ltr'><strong>acuta</strong></span> <span class='ocrx_word' id='word_1_352' title='bbox 1105 4108 1151 4161; x_wconf 87' lang='lat' dir='ltr'><strong>est</strong></span> <span class='ocrx_word' id='word_1_353' title='bbox 1173 4101 1333 4180; x_wconf 84' lang='lat' dir='ltr'><strong>disputatio</strong></span> <span class='ocrx_word' id='word_1_354' title='bbox 1357 4101 1466 4182; x_wconf 87' lang='lat' dir='ltr'><strong>Zange-</strong></span> 
     </span>
     <span class='ocr_line' id='line_1_36' title="bbox 160 4195 1465 4290; baseline 0 -22"><span class='ocrx_word' id='word_1_355' title='bbox 160 4208 293 4268; x_wconf 86' lang='lat' dir='ltr'><strong>meisteri</strong></span> <span class='ocrx_word' id='word_1_356' title='bbox 323 4206 359 4267; x_wconf 90' lang='lat' dir='ltr'><strong>de</strong></span> <span class='ocrx_word' id='word_1_357' title='bbox 388 4207 501 4269; x_wconf 86' lang='lat' dir='ltr'><strong>lloratii</strong></span> <span class='ocrx_word' id='word_1_358' title='bbox 529 4195 679 4268; x_wconf 84' lang='lat' dir='ltr'><strong>vocabulis</strong></span> <span class='ocrx_word' id='word_1_359' title='bbox 713 4205 913 4286; x_wconf 85' lang='lat' dir='ltr'><strong>singularibus</strong></span> <span class='ocrx_word' id='word_1_360' title='bbox 941 4200 1085 4287; x_wconf 78' lang='lat' dir='ltr'><strong>(berolini</strong></span> <span class='ocrx_word' id='word_1_361' title='bbox 1113 4225 1137 4266; x_wconf 86' lang='lat' dir='ltr'><strong>a.</strong></span> <span class='ocrx_word' id='word_1_362' title='bbox 1168 4202 1268 4290; x_wconf 86' lang='grc'><strong>1862)</strong></span> <span class='ocrx_word' id='word_1_363' title='bbox 1297 4227 1325 4286; x_wconf 93' lang='lat' dir='ltr'><strong>p.</strong></span> <span class='ocrx_word' id='word_1_364' title='bbox 1349 4206 1402 4269; x_wconf 89' lang='grc'><strong>40.</strong></span> <span class='ocrx_word' id='word_1_365' title='bbox 1430 4228 1465 4268; x_wconf 90' lang='lat' dir='ltr'><strong>ex</strong></span> 
     </span>
     <span class='ocr_line' id='line_1_37' title="bbox 160 4313 1466 4394; baseline 0.002 -22"><span class='ocrx_word' id='word_1_366' title='bbox 160 4322 225 4374; x_wconf 86' lang='lat' dir='ltr'><strong>arte</strong></span> <span class='ocrx_word' id='word_1_367' title='bbox 248 4316 437 4393; x_wconf 85' lang='lat' dir='ltr'><strong>grammatica</strong></span> <span class='ocrx_word' id='word_1_368' title='bbox 461 4314 598 4375; x_wconf 89' lang='lat' dir='ltr'><strong>videntur</strong></span> <span class='ocrx_word' id='word_1_369' title='bbox 621 4317 712 4394; x_wconf 86' lang='lat' dir='ltr'><strong>petita</strong></span> <span class='ocrx_word' id='word_1_370' title='bbox 736 4333 801 4374; x_wconf 89' lang='lat' dir='ltr'><strong>esse</strong></span> <span class='ocrx_word' id='word_1_371' title='bbox 833 4332 907 4392; x_wconf 90' lang='lat' dir='ltr'><strong>quae</strong></span> <span class='ocrx_word' id='word_1_372' title='bbox 932 4313 1036 4374; x_wconf 88' lang='lat' dir='ltr'><strong>Scauri</strong></span> <span class='ocrx_word' id='word_1_373' title='bbox 1060 4316 1178 4374; x_wconf 89' lang='lat' dir='ltr'><strong>nomine</strong></span> <span class='ocrx_word' id='word_1_374' title='bbox 1202 4313 1350 4392; x_wconf 90' lang='lat' dir='ltr'><strong>adscripto</strong></span> <span class='ocrx_word' id='word_1_375' title='bbox 1374 4313 1466 4374; x_wconf 83' lang='lat' dir='ltr'><strong>lirlius</strong></span> 
     </span>
     <span class='ocr_line' id='line_1_38' title="bbox 159 4418 1465 4500; baseline 0.001 -20"><span class='ocrx_word' id='word_1_376' title='bbox 159 4420 311 4480; x_wconf 86' lang='lat' dir='ltr'><strong>Romanus</strong></span> <span class='ocrx_word' id='word_1_377' title='bbox 335 4420 371 4480; x_wconf 90' lang='lat' dir='ltr'><strong>de</strong></span> <span class='ocrx_word' id='word_1_378' title='bbox 394 4420 533 4481; x_wconf 86' lang='lat' dir='ltr'><strong>adverbio</strong></span> <span class='ocrx_word' id='word_1_379' title='bbox 556 4424 653 4482; x_wconf 85' lang='lat' dir='ltr'><strong>obiter</strong></span> <span class='ocrx_word' id='word_1_380' title='bbox 672 4420 783 4481; x_wconf 83' lang='lat' dir='ltr'><strong>Charis.</strong></span> <span class='ocrx_word' id='word_1_381' title='bbox 802 4441 830 4499; x_wconf 91' lang='lat' dir='ltr'><strong>p.</strong></span> <span class='ocrx_word' id='word_1_382' title='bbox 850 4418 924 4500; x_wconf 85' lang='grc'><strong>200,</strong></span> <span class='ocrx_word' id='word_1_383' title='bbox 945 4418 985 4479; x_wconf 90' lang='grc'><strong>14</strong></span> <span class='ocrx_word' id='word_1_384' title='bbox 1009 4428 1039 4479; x_wconf 90' lang='lat' dir='ltr'><strong>et</strong></span> <span class='ocrx_word' id='word_1_385' title='bbox 1056 4419 1226 4480; x_wconf 89' lang='lat' dir='ltr'><strong>Priscianus</strong></span> <span class='ocrx_word' id='word_1_386' title='bbox 1249 4418 1287 4478; x_wconf 91' lang='lat' dir='ltr'><strong>de</strong></span> <span class='ocrx_word' id='word_1_387' title='bbox 1310 4420 1465 4499; x_wconf 88' lang='lat' dir='ltr'><strong>participio</strong></span> 
     </span>
     <span class='ocr_line' id='line_1_39' title="bbox 159 4524 1465 4608; baseline 0 -21"><span class='ocrx_word' id='word_1_388' title='bbox 159 4529 291 4587; x_wconf 83' lang='lat' dir='ltr'><strong>ambitus</strong></span> <span class='ocrx_word' id='word_1_389' title='bbox 314 4526 332 4586; x_wconf 96' lang='lat' dir='ltr'><strong>l.</strong></span> <span class='ocrx_word' id='word_1_390' title='bbox 357 4526 383 4586; x_wconf 85' lang='lat' dir='ltr'>X</span> <span class='ocrx_word' id='word_1_391' title='bbox 406 4548 433 4607; x_wconf 90' lang='lat' dir='ltr'><strong>p.</strong></span> <span class='ocrx_word' id='word_1_392' title='bbox 461 4525 536 4608; x_wconf 89' lang='grc'><strong>547,</strong></span> <span class='ocrx_word' id='word_1_393' title='bbox 562 4524 603 4588; x_wconf 90' lang='grc'><strong>10</strong></span> <span class='ocrx_word' id='word_1_394' title='bbox 626 4526 803 4607; x_wconf 88' lang='lat' dir='ltr'><strong>attulerunt;</strong></span> <span class='ocrx_word' id='word_1_395' title='bbox 827 4529 898 4587; x_wconf 90' lang='lat' dir='ltr'><strong>item</strong></span> <span class='ocrx_word' id='word_1_396' title='bbox 921 4527 1108 4586; x_wconf 77' lang='lat' dir='ltr'><strong>definitiones</strong></span> <span class='ocrx_word' id='word_1_397' title='bbox 1131 4534 1161 4585; x_wconf 86' lang='lat' dir='ltr'><strong>et</strong></span> <span class='ocrx_word' id='word_1_398' title='bbox 1184 4525 1405 4587; x_wconf 87' lang='lat' dir='ltr'><strong>observationes</strong></span> <span class='ocrx_word' id='word_1_399' title='bbox 1429 4526 1465 4587; x_wconf 93' lang='lat' dir='ltr'><strong>de</strong></span> 
     </span>
    </p>
   </div>
   <div class='ocr_carea' id='block_1_3' title="bbox 158 4628 1464 4932">
    <p class='ocr_par' dir='ltr' id='par_1_3' title="bbox 158 4628 1464 4932">
     <span class='ocr_line' id='line_1_40' title="bbox 158 4628 1464 4715; baseline -0.001 -21"><span class='ocrx_word' id='word_1_400' title='bbox 158 4637 250 4694; x_wconf 82' lang='lat' dir='ltr'><strong>variis</strong></span> <span class='ocrx_word' id='word_1_401' title='bbox 272 4637 344 4695; x_wconf 89' lang='lat' dir='ltr'><strong>artis</strong></span> <span class='ocrx_word' id='word_1_402' title='bbox 364 4637 570 4713; x_wconf 89' lang='lat' dir='ltr'><strong>grammaticae</strong></span> <span class='ocrx_word' id='word_1_403' title='bbox 589 4634 723 4715; x_wconf 89' lang='lat' dir='ltr'><strong>partibus</strong></span> <span class='ocrx_word' id='word_1_404' title='bbox 742 4633 820 4714; x_wconf 90' lang='lat' dir='ltr'><strong>apud</strong></span> <span class='ocrx_word' id='word_1_405' title='bbox 839 4632 1009 4695; x_wconf 87' lang='lat' dir='ltr'><strong>Diomedem</strong></span> <span class='ocrx_word' id='word_1_406' title='bbox 1028 4652 1056 4711; x_wconf 79' lang='lat' dir='ltr'><strong>p.</strong></span> <span class='ocrx_word' id='word_1_407' title='bbox 1075 4628 1151 4713; x_wconf 88' lang='lat'><strong>300,</strong></span> <span class='ocrx_word' id='word_1_408' title='bbox 1172 4629 1224 4712; x_wconf 81' lang='lat'><strong>193</strong></span> <span class='ocrx_word' id='word_1_409' title='bbox 1248 4630 1299 4693; x_wconf 90' lang='grc'><strong>27.</strong></span> <span class='ocrx_word' id='word_1_410' title='bbox 1319 4631 1393 4714; x_wconf 89' lang='grc'><strong>318,</strong></span> <span class='ocrx_word' id='word_1_411' title='bbox 1415 4629 1464 4694; x_wconf 92' lang='grc'><strong>14.</strong></span> 
     </span>
     <span class='ocr_line' id='line_1_41' title="bbox 159 4735 1464 4822; baseline -0.002 -21"><span class='ocrx_word' id='word_1_412' title='bbox 159 4737 306 4821; x_wconf 78' lang='lat'><strong>320,13.</strong></span> <span class='ocrx_word' id='word_1_413' title='bbox 329 4737 404 4821; x_wconf 85' lang='grc'><strong>403,</strong></span> <span class='ocrx_word' id='word_1_414' title='bbox 423 4738 474 4801; x_wconf 89' lang='grc'><strong>20.</strong></span> <span class='ocrx_word' id='word_1_415' title='bbox 497 4738 643 4822; x_wconf 91' lang='grc'><strong>421,16.</strong></span> <span class='ocrx_word' id='word_1_416' title='bbox 666 4739 742 4822; x_wconf 88' lang='grc'><strong>444,</strong></span> <span class='ocrx_word' id='word_1_417' title='bbox 760 4738 811 4802; x_wconf 87' lang='grc'><strong>29.</strong></span> <span class='ocrx_word' id='word_1_418' title='bbox 835 4737 910 4821; x_wconf 87' lang='grc'><strong>449,</strong></span> <span class='ocrx_word' id='word_1_419' title='bbox 928 4738 980 4801; x_wconf 91' lang='grc'><strong>26.</strong></span> <span class='ocrx_word' id='word_1_420' title='bbox 1003 4736 1078 4821; x_wconf 88' lang='grc'><strong>456,</strong></span> <span class='ocrx_word' id='word_1_421' title='bbox 1097 4735 1138 4800; x_wconf 93' lang='grc'><strong>27</strong></span> <span class='ocrx_word' id='word_1_422' title='bbox 1170 4747 1200 4798; x_wconf 86' lang='lat' dir='ltr'><strong>et</strong></span> <span class='ocrx_word' id='word_1_423' title='bbox 1227 4741 1257 4798; x_wconf 91' lang='lat' dir='ltr'><strong>in</strong></span> <span class='ocrx_word' id='word_1_424' title='bbox 1286 4739 1464 4818; x_wconf 89' lang='lat' dir='ltr'><strong>explanatio·</strong></span> 
     </span>
     <span class='ocr_line' id='line_1_42' title="bbox 159 4843 1320 4932; baseline 0.001 -23"><span class='ocrx_word' id='word_1_425' title='bbox 159 4847 249 4909; x_wconf 90' lang='lat' dir='ltr'><strong>nibus</strong></span> <span class='ocrx_word' id='word_1_426' title='bbox 271 4849 302 4907; x_wconf 92' lang='lat' dir='ltr'><strong>in</strong></span> <span class='ocrx_word' id='word_1_427' title='bbox 326 4847 471 4908; x_wconf 82' lang='lat' dir='ltr'><strong>Donatum</strong></span> <span class='ocrx_word' id='word_1_428' title='bbox 495 4867 522 4930; x_wconf 92' lang='lat' dir='ltr'><strong>p.</strong></span> <span class='ocrx_word' id='word_1_429' title='bbox 545 4846 620 4932; x_wconf 88' lang='grc'><strong>486,</strong></span> <span class='ocrx_word' id='word_1_430' title='bbox 644 4846 672 4911; x_wconf 88' lang='grc'><strong>9.</strong></span> <span class='ocrx_word' id='word_1_431' title='bbox 697 4845 772 4924; x_wconf 86' lang='grc'><strong>535,</strong></span> <span class='ocrx_word' id='word_1_432' title='bbox 795 4844 824 4910; x_wconf 89' lang='grc'><strong>5.</strong></span> <span class='ocrx_word' id='word_1_433' title='bbox 849 4843 923 4929; x_wconf 90' lang='grc'><strong>552,</strong></span> <span class='ocrx_word' id='word_1_434' title='bbox 946 4843 997 4908; x_wconf 92' lang='grc'><strong>31.</strong></span> <span class='ocrx_word' id='word_1_435' title='bbox 1021 4844 1096 4930; x_wconf 92' lang='grc'><strong>560,</strong></span> <span class='ocrx_word' id='word_1_436' title='bbox 1121 4844 1169 4910; x_wconf 87' lang='lat'><strong>19.</strong></span> <span class='ocrx_word' id='word_1_437' title='bbox 1194 4844 1268 4929; x_wconf 87' lang='grc'><strong>562,</strong></span> <span class='ocrx_word' id='word_1_438' title='bbox 1293 4846 1320 4910; x_wconf 93' lang='grc'><strong>1.</strong></span> 
     </span>
    </p>
   </div>
   <div class='ocr_carea' id='block_1_4' title="bbox 0 0 1662 5474">
    <p class='ocr_par' dir='ltr' id='par_1_4' title="bbox 0 0 1662 5474">
     <span class='ocr_line' id='line_1_43' title="bbox 0 0 1662 5474; baseline 0 3"><span class='ocrx_word' id='word_1_439' title='bbox 0 0 1662 5474; x_wconf 95' lang='lat' dir='ltr'><strong> </strong></span> 
     </span>
    </p>
   </div>
  </div>
 </body>
</html>
