3316 5474
227 387 291 451 100
823 386 931 441 CAPRI

224 498 246 535 p.
260 487 313 526 mas
327 487 352 525 P.

314 570 399 632 Calvo
422 571 564 651 κρανίον
588 581 717 653 vocatur,
741 571 811 633 licet
834 571 945 631 Gellius
969 580 1000 632 et
1022 571 1114 631 Varro
1138 570 1292 632 calvariam
1316 571 1422 632 dicant.
1462 589 1529 630 nam

226 677 368 739 calvariae
392 678 505 758 plurale
529 688 582 739 est.
620 678 716 738 calvae
736 697 806 738 vero
830 696 905 758 ossa,
930 696 1005 756 quac
1029 685 1099 738 sunt
1122 687 1152 738 et
1175 677 1365 756 singulariter
1389 677 1477 737 calva.

313 784 418 846 Vultus
441 795 587 866 mutatur,
611 786 701 845 iacies
724 793 831 844 manet.

314 891 456 953 Maestum
481 894 593 965 animo,
618 893 733 952 tristem
757 898 879 970 aspectu
903 889 992 952 dices

312 998 460 1060 l‘rotenus
488 1018 541 1078 per
565 1017 581 1059 o
605 997 776 1059 adverbium
799 997 890 1058 locale
914 1005 973 1079 est,
1003 998 1102 1059 idest
1129 1017 1218 1078 porro
1247 1007 1348 1080 tenus,
1376 1007 1409 1059 ut
1436 994 1529 1058 ‘cum
1557 1019 1570 1059 a

223 1114 400 1185 protenus
423 1114 577 1186 utraque
601 1105 711 1191 tellus
735 1104 804 1164 Vna
829 1099 949 1164 loret'.
986 1107 1123 1183 protinus
1146 1124 1200 1185 per
1224 1108 1234 1166 i
1257 1105 1428 1166 adverbium
1454 1113 1527 1165 tem-

223 1211 323 1291 porale
348 1222 406 1294 est,
429 1213 458 1273 id
482 1224 528 1274 est
550 1215 663 1294 statim,
687 1220 720 1273 ut
922 1195 925 1200 ¹

382 1330 551 1408 protinus
573 1330 710 1389 Aeneas
733 1328 846 1389 celeri
870 1337 1013 1389 certare
1037 1330 1176 1408 sagitta.

223 1452 370 1521 quatenus
402 1463 456 1524 per
486 1464 502 1505 e
531 1443 703 1504 adverbium
737 1453 795 1525 est,
828 1446 968 1523 quatinus
1000 1463 1054 1524 per
1082 1446 1092 1504 i
1120 1446 1290 1506 coniunctio
1323 1445 1462 1525 causaliS,
1495 1455 1529 1507 ut

222 1551 246 1609 si
280 1549 360 1611 dicas
394 1547 549 1631 ‘quatinus
581 1551 638 1610 boc
667 1553 730 1610 siue
763 1549 855 1629 plagis
883 1569 942 1610 nou
976 1551 1060 1631 laciS,
1093 1569 1130 1609 en
1163 1549 1217 1610 tibi
1250 1546 1374 1630 plagas',
1425 1551 1568 1612 adver-10

223 1655 303 1716 bium
331 1667 430 1719 autem
459 1668 512 1738 ost*
533 1668 678 1737 quatenus
709 1666 759 1717 aut
796 1660 938 1736 temporis
970 1654 1148 1733 [interdum]
1186 1666 1236 1717 aut
1269 1656 1339 1717 loci:
1375 1661 1527 1738 temporis

222 1781 290 1822 cum
313 1764 439 1825 dicimus
463 1759 627 1843 ‘quatenus
654 1763 709 1823 hos
738 1782 836 1824 mores
860 1759 1044 1843 exercebis'3
1072 1763 1142 1836 loci,
1166 1781 1233 1823 cum
1258 1763 1383 1823 dicimus
1408 1759 1526 1842 ‘quate-

223 1887 279 1929 nus
302 1865 436 1932 ibimus'.

277 1970 284 1981 '
310 1976 384 2037 Esse
408 1986 540 2057 φαγεῖν,
563 1977 593 2038 id
617 1986 663 2038 ost
687 1975 730 2053 [in
754 1975 861 2056 unum]
887 1975 1072 2037 manducare.

312 2083 413 2145 Buxus
435 2085 525 2145 arbor
547 2094 606 2164 est,
629 2083 742 2144 buxum
765 2092 865 2144 autem
888 2085 1010 2143 materia
1034 2085 1105 2162 ipsa.

309 2186 363 2251 llic
388 2190 482 2252 malus
506 2193 600 2272 navis,
623 2190 695 2251 haec
719 2190 814 2251 malus
837 2190 978 2269 frugifera
1002 2188 1099 2249 arbor,

309 2296 418 2357 Pinnas
442 2315 609 2378 murorum,
632 2316 745 2378 pennas
768 2299 865 2358 arium
888 2296 1024 2358 dicimus.

308 2402 510 2483 Laserpicium
533 2404 637 2465 florem
660 2405 799 2486 dicimus,
813 2413 852 2464 -at
874 2403 988 2464 caulem
1012 2403 1089 2464 laser
1111 2405 1202 2464 aiunt.

309 2509 477 2590 Exprobrat
500 2513 551 2589 qui
574 2520 787 2572 commemorat
806 2529 881 2589 quae
900 2512 1057 2592 praestitit,
1080 2509 1242 2590 obprobrat
1261 2512 1312 2589 qui
1331 2510 1525 2591 obprobrium

219 2615 359 2692 obiectat,
382 2617 439 2678 hoc
462 2627 508 2678 est
530 2621 642 2680 vitium.

309 2733 433 2813 Scorpio
456 2732 560 2794 bellica
584 2753 646 2816 res,
670 2742 699 2795 at
722 2735 858 2813 scorpius
881 2733 996 2794 animal.

308 2839 489 2900 Adulescens
514 2859 634 2922 nomen,
658 2840 830 2901 adolescens
852 2842 1049 2920 participium.

307 2945 408 3007 Primo
432 2947 554 3029 pedatu,
577 2967 638 3009 non
660 2947 760 3027 pidato
784 2946 951 3008 dicendum.

309 3197 322 3244 l
349 3190 436 3245 ouva
454 3220 487 3230 -
512 3197 528 3244 2
552 3190 733 3261 singulariter
756 3191 837 3245 calva
856 3195 919 3259 post
938 3189 1039 3246 Vultus
1058 3222 1091 3231 —
1112 3199 1128 3246 4
1152 3191 1227 3247 dices
1254 3193 1354 3248 habent
1376 3190 1453 3250 Βθς

220 3270 307 3326 Calua
327 3267 489 3334 ΚὸΡὰΝΙΟΝ
509 3270 616 3339 (Caluio
635 3271 778 3340 kapanion
791 3271 830 3339 B)
849 3272 967 3324 uocatur
985 3270 1052 3326 licei
1066 3275 1095 3326 et
1113 3272 1200 3327 celius
1215 3276 1244 3328 et
1261 3291 1343 3329 uarro
1361 3272 1421 3326 BC
1437 3270 1526 3326 Calua

218 3358 336 3410 uocatur
358 3356 469 3425 passam
491 3352 537 3405 uel
560 3367 679 3407 oanmou
701 3353 769 3406 licet
791 3350 878 3406 celius
898 3354 927 3405 el
952 3366 1035 3405 uarro
1055 3352 1098 3408 M.
1123 3353 1206 3407 Gellii
1228 3370 1325 3408 moveo
1346 3354 1467 3407 restituit
1485 3352 1523 3406 Η.

220 3434 335 3489 Poteras
354 3438 404 3488 oet.
423 3433 485 3486 bist.
503 3430 581 3486 Rom.
596 3434 644 3486 rel.
660 3448 690 3500 p.
707 3431 872 3485 CCXXXI
876 3430 902 3483 V
915 3432 978 3500 coll.
1000 3431 1106 3488 Charis.
1122 3451 1152 3502 p.
1168 3437 1331 3499 55,7.139‚
1349 3437 1370 3487 2
1385 3431 1523 3486 Priscian

218 3514 236 3570 l.
260 3513 328 3567 VII
340 3531 370 3582 p.
390 3514 489 3578 313st
562 3509 669 3580 dicant]
690 3511 793 3564 uocant
811 3528 879 3565 corr.
900 3511 995 3567 dicant
1013 3512 1041 3565 B
1113 3518 1129 3566 2
1149 3527 1214 3566 vero
1233 3528 1283 3566 om.
1302 3509 1361 3564 Bo
1429 3510 1522 3580 calvo]

218 3592 342 3647 caluaria
359 3592 417 3645 BC
486 3596 501 3643 ὁ
521 3589 551 3643 id
575 3593 618 3643 est
634 3604 716 3658 porro
735 3591 815 3644 tenus
834 3606 896 3644 oum
924 3594 1056 3660 protenus
1074 3591 1127 3645 hoc
1146 3592 1189 3645 est
1205 3606 1287 3661 porro
1305 3591 1388 3644 tenus
1405 3589 1522 3657 utraque

218 3672 302 3726 tellus
315 3670 645 3738 1302Verq.nen.111
662 3674 716 3722 416
789 3676 805 3722 6
825 3670 987 3725 adverbium
1008 3678 1070 3726 onte
1088 3671 1244 3740 temporale
1262 3687 1313 3724 om.
1327 3668 1386 3723 ΒΟ
1454 3673 1522 3722 lut

218 3766 269 3806 om.
287 3749 345 3803 BG
431 3756 447 3804 8
466 3750 603 3820 protinus]
628 3750 705 3818 Verp.
726 3749 794 3803 Aea.
820 3749 846 3802 V
862 3755 917 3806 485
1007 3759 1023 3806 9
1048 3769 1097 3820 per
1116 3769 1131 3807 e
1149 3750 1312 3806 oduerbinm
1338 3748 1468 3819 quatinus
1487 3778 1520 3787 -

218 3829 338 3885 causalis
358 3830 401 3882 esi
423 3830 456 3881 ut
475 3829 512 3881 Μ
583 3834 617 3882 10
635 3827 800 3883 aduerbium
816 3832 859 3884 est
878 3833 971 3885 antem
986 3833 1091 3900 (autem
1106 3848 1156 3886 om.
1173 3831 1208 3900 O)
1228 3834 1367 3900 qnatenus
1384 3831 1435 3883 aul
1451 3829 1521 3882 tem·

218 3910 293 3981 poris
311 3911 361 3963 aut
384 3907 440 3963 loci
461 3907 608 3983 interdum,
627 3909 761 3978 temporis
781 3925 843 3963 cum
863 3909 981 3964 dicimus
999 3910 1057 3964 ΒΟ
1146 3918 1179 3965 ll
1201 3911 1322 3964 Esse-
1341 3907 1521 3979 manducare]

219 3987 325 4049 ΕΦὰΓΗ
349 3989 378 4043 in
401 4006 487 4042 unum
510 3988 677 4043 manducare
698 3990 736 4042 M
757 3991 803 4043 ΗΘ
821 3995 888 4058 pate
911 3996 944 4045 ee
962 3991 996 4044 id
1020 3990 1050 4044 in
1073 4009 1159 4045 unum
1177 3990 1344 4045 manducare
1363 3989 1391 4042 Β
1415 4005 1475 4043 esse
1493 3988 1523 4042 id

218 4069 312 4124 estin
327 4086 412 4121 nuum
430 4067 598 4124 manducare
619 4069 652 4123 0:
672 4070 706 4136 cs.
730 4071 807 4139 Verp.
822 4071 891 4125 Aen.
912 4072 996 4124 IIII
1013 4076 1049 4124 66
1069 4075 1113 4126 esi
1131 4071 1224 4125 mollis
1242 4071 1356 4125 flammo
1374 4068 1522 4136 medullas,

217 4150 309 4204 Diem.
327 4165 354 4217 p.
370 4153 436 4214 386,
450 4153 489 4202 29
563 4155 595 4203 16
615 4148 667 4202 Hic
686 4150 776 4204 malus
794 4152 878 4205 orbor
895 4149 976 4205 nauis
995 4151 1064 4204 haec
1082 4149 1174 4204 molus
1192 4149 1306 4221 frugem
1324 4147 1407 4204 orbor
1426 4147 1465 4201 M

219 4235 252 4286 18
271 4227 469 4296 Laserpiceum
488 4227 584 4284 florem
605 4229 721 4283 dicimus
740 4233 771 4284 et
790 4230 911 4285 caulium
929 4230 1003 4284 laser
1022 4229 1101 4285 aiunt
1121 4232 1158 4284 M
1179 4231 1267 4286 Laser
1289 4231 1399 4300 piceum
1425 4229 1523 4285 florem

1334 4319 1433 4360 dicimus

216 4373 256 4426 At
269 4371 389 4427 culleum
404 4372 483 4439 (corr.
497 4371 636 4440 oculeum)
651 4372 768 4427 dicimus
782 4374 809 4426 B
828 4374 928 4428 Lasser
941 4373 1052 4444 piceum
1066 4374 1161 4428 florem
1176 4375 1226 4428 snt
1240 4373 1367 4428 canleum
1383 4371 1407 4425 0
1422 4371 1520 4425 Laser-

216 4451 316 4522 piiium
332 4453 438 4519 florem,
451 4453 482 4506 al
496 4451 604 4507 caulem
618 4451 692 4506 laser
706 4452 824 4508 dicimus
834 4473 856 4523 p
922 4460 954 4507 19
969 4453 1150 4523 ExprobntB
1165 4453 1324 4523 Exprobrat
1337 4453 1386 4523 qni
1400 4469 1521 4508 comme·

217 4535 309 4586 morat
323 4549 395 4601 quae
409 4532 559 4602 praestitit,
578 4533 716 4603 adprobat
734 4533 781 4602 qui
801 4534 933 4602 probrum
952 4533 1076 4589 obiectat
1089 4541 1215 4603 excerpta
1227 4535 1473 4604 Montepesoulono

217 4612 301 4682 qnae]
317 4612 391 4680 quod
404 4612 464 4665 BC
506 4618 541 4667 20
557 4613 693 4685 obiectat]
709 4613 796 4669 obicit
808 4614 866 4668 Bo
909 4620 941 4667 21
959 4613 1073 4682 Scorpio
1087 4613 1190 4668 bellica
1203 4632 1247 4669 res
1262 4614 1348 4669 estid
1363 4614 1522 4684 estangltta

216 4692 247 4745 ab
264 4690 389 4760 scorpius
408 4691 513 4746 animal
531 4693 588 4747 BC
668 4701 701 4748 22
722 4696 878 4751 aduliscens
892 4697 987 4763 priore
1007 4696 1064 4749 loco
1084 4695 1123 4747 M
1200 4711 1303 4750 nomen
1320 4699 1364 4751 est
1381 4726 1414 4736 -
1434 4696 1522 4765 parti-

217 4769 321 4841 cipium
340 4771 381 4824 est
399 4770 460 4824 BG
547 4778 580 4826 23
605 4773 698 4828 Primo
717 4775 823 4844 pedatu
840 4792 896 4829 non
914 4775 1013 4843 pidatu
1032 4777 1110 4842 (corr.
1131 4776 1184 4843 to)
1203 4774 1351 4831 dicendum
1371 4778 1410 4830 M
1425 4775 1521 4832 Primo

216 4851 320 4921 pedato
338 4867 394 4904 non
412 4850 510 4919 pidato
530 4851 677 4908 dicendum
695 4853 763 4908 BG:
784 4855 819 4922 os.
839 4854 946 4910 otiaris.
962 4873 993 4924 p.
1013 4859 1078 4923 215,
1096 4860 1136 4911 20
1154 4855 1229 4910 Non.
1244 4872 1275 4922 p.
1295 4860 1341 4923 64,
1359 4860 1396 4911 17
