3316 5474
646 382 695 436 DE
715 381 1005 438 ORTHOGRAPHIA
1413 384 1474 450 157

167 499 190 535 p.
206 482 259 524 asso
274 483 298 523 a.

167 566 283 629 bamus.
321 567 393 627 baec
420 568 452 626 in
479 566 588 625 ceteris
611 565 729 626 casibus
752 574 803 627 aut
830 569 859 627 in
892 565 938 626 bis
962 573 1073 627 exeunt
1094 573 1146 627 aut
1167 569 1197 627 in
1221 569 1279 647 pis,
1303 576 1336 628 ut
1359 567 1476 649 caeleps

168 672 305 755 caelibis,
328 691 438 752 auceps
462 673 598 750 arrcupis,
621 670 738 751 Cinyps·
754 671 883 751 Cinypis.
920 673 1094 733 divisionem
1122 682 1274 752 praeterea
1299 673 1475 753 syllabarum

167 779 204 840 ad
224 779 260 840 bs
279 788 308 841 et
326 799 361 860 ps
381 781 580 860 pertinentem
600 776 668 837 binc
688 777 872 860 observabis,
892 779 984 860 quod,
1008 779 1188 859 ubicumque
1206 800 1241 860 ps
1260 789 1363 862 erunt,
1386 781 1474 842 dividi

168 905 230 946 non
253 895 395 967 possunt,
424 885 476 945 sed
500 883 535 944 ad
561 892 735 963 sequentem
758 893 809 946 aut
832 887 1056 947 antecedentem
1079 886 1217 967 syllabam
1241 887 1475 968 applicabuntur,

124 1013 140 1054 s
171 1001 321 1073 tamquam
342 994 431 1054 unius
454 990 570 1052 litterae
593 998 769 1070 potestatem
792 990 933 1073 habeant,
956 1000 990 1053 ut
1012 995 1154 1075 apstinui,
1177 1012 1229 1073 aps
1248 1003 1278 1055 et
1302 997 1386 1075 tinui,
1409 1014 1474 1075 aps·

171 1100 263 1180 cessi,
286 1118 339 1180 aps
362 1107 392 1159 et
415 1100 505 1177 cessi,
528 1097 692 1178 apscondo,
716 1116 768 1177 aps
787 1105 817 1158 et
835 1098 938 1159 condo.
975 1106 1005 1159 at
1029 1098 1080 1159 ubi
1102 1099 1137 1160 bs
1161 1101 1285 1183 luerint,
1308 1101 1475 1163 dividantur

171 1223 295 1267 necesse
315 1215 374 1287 est,
392 1213 426 1267 ut
444 1204 575 1283 obstipui
598 1203 742 1284 obstupeo
766 1204 871 1266 obsum
895 1204 1044 1287 obstrepo.
1080 1217 1233 1286 praeterea
1257 1208 1292 1268 bs
1316 1228 1475 1290 numquam

169 1315 346 1373 coniunctas
369 1315 515 1373 invenies:
539 1314 697 1372 nonenim
721 1321 847 1392 possunt
866 1314 963 1374 lacere
983 1312 1131 1392 syllabam.
1169 1323 1199 1374 et
1222 1317 1247 1374 si
1266 1317 1391 1394 primam
1411 1318 1474 1395 qui·

170 1418 237 1479 dem
261 1420 391 1480 vocalem
415 1418 553 1497 babeant,
580 1417 686 1478 fallunt
717 1421 800 1498 quasi
830 1421 911 1499 ipsae
935 1428 1114 1500 consonent,
1137 1429 1171 1481 ut
1195 1419 1289 1502 trabs,
1312 1426 1380 1502 quia
1403 1423 1474 1483 dici·

127 1549 155 1589 ro
170 1543 237 1585 mus
260 1525 387 1608 trabem3
412 1533 546 1587 ceterum
571 1526 595 1585 si
615 1533 682 1586 ante
702 1524 830 1586 vocalem
849 1534 1012 1607 ponantur,
1034 1525 1115 1587 nullo
1136 1527 1222 1587 modo
1242 1531 1474 1590 enuntiationem

170 1633 299 1710 capiunt.
328 1643 431 1694 contra
454 1651 489 1713 ps
509 1635 597 1693 etiam
616 1635 801 1713 praepositae
821 1635 863 1694 sic
884 1643 1003 1715 sonant,
1028 1643 1059 1694 ut
1084 1634 1160 1713 apud
1184 1634 1313 1696 Graecos
1336 1643 1369 1710 ψ.
1407 1655 1474 1697 ean·

170 1739 238 1799 dem
261 1742 405 1801 rationem
428 1748 502 1820 puto
525 1738 738 1801 observandam
761 1743 844 1802 etin
869 1740 980 1820 verbis,
1004 1759 1078 1820 quae
1102 1745 1262 1820 praeterito
1288 1751 1419 1823 tempore
1444 1753 1471 1804 et

170 1846 271 1907 tuturo
295 1849 442 1909 incertum
465 1856 511 1907 est
534 1865 552 1925 p
576 1864 613 1905 au
636 1846 655 1906 b
678 1846 787 1907 babere
818 1845 952 1906 debeant.
996 1864 1062 1907 nam
1086 1849 1163 1908 sicut
1186 1851 1216 1908 iu
1240 1849 1358 1910 casibus
1382 1852 1473 1910 nomi·

171 1970 242 2013 num
265 1972 283 2032 p
307 1953 405 2015 littera
429 1955 457 2013 in
482 1952 501 2012 b
525 1962 733 2034 commutatur,
756 1963 791 2015 ut
813 1961 859 2014 est
882 1953 999 2032 caeleps
1022 1953 1151 2034 caelibis,
1165 1958 1215 2015 ita
1234 1959 1264 2017 in
1289 1956 1472 2037 temporibus

128 2077 289 2137 raquoque
320 2060 525 2126 verboruma
556 2063 705 2121 contrario
735 2060 754 2120 b
784 2063 814 2120 in
845 2080 864 2140 p
895 2055 1111 2120 commutatum
1138 2061 1284 2137 videmus,
1312 2073 1346 2125 ut
1376 2062 1474 2124 scribo

170 2167 277 2244 scripsi
300 2169 480 2248 seripturuS,
502 2166 586 2227 labor
609 2166 709 2246 lapsus
732 2168 884 2248 lapsurus,
913 2167 993 2227 nirbo
1018 2169 1105 2247 nupsi
1134 2176 1271 2247 nuptura,
1308 2172 1376 2230 zin
1400 2172 1473 2232 anti·

170 2274 239 2349 quis
266 2271 351 2333 libris
373 2273 545 2334 Latinorum
574 2275 719 2352 scriptum
747 2291 806 2333 non
835 2281 894 2355 est,
922 2273 974 2333 sed
1003 2292 1057 2359 pro
1081 2273 1130 2333 illo
1154 2275 1213 2335 duo
1237 2293 1252 2334 s
1278 2275 1474 2357 ponebantur,

170 2377 341 2439 crotalizare
360 2379 554 2440 crotalissare
587 2378 639 2439 sed
658 2377 786 2440 viderint
804 2378 845 2439 illi
866 2380 931 2458 qui,
950 2397 1017 2439 cerm
1037 2379 1136 2440 verbis
1155 2381 1330 2459 quibusdam
1349 2385 1474 2462 integris

169 2483 350 2546 Graecorum
369 2488 413 2546 uti
435 2489 466 2546 iu
486 2485 574 2547 latina
598 2485 698 2565 lingua
722 2504 782 2546 uon
801 2484 1000 2566 erubuerunt,
1023 2486 1260 2548 crubescendum
1284 2489 1475 2550 crediderunt

126 2615 155 2653 so
169 2589 282 2651 litteras
306 2611 426 2671 graecas
450 2594 663 2654 intermiscere.
700 2611 767 2653 nam
787 2594 880 2653 satius
899 2599 945 2652 est
967 2591 1071 2653 alienis
1094 2592 1170 2654 bene
1195 2596 1238 2655 uti
1262 2613 1349 2672 quam
1374 2604 1474 2657 nostra

170 2696 353 2776 ineleganter
376 2717 533 2778 apponere.

259 2803 382 2866 Praesto
413 2824 467 2865 nos
497 2823 551 2885 per
573 2823 599 2864 -o
629 2803 802 2884 scribimus,
833 2813 949 2865 veteres
978 2823 1033 2883 per
1064 2824 1083 2866 u
1114 2807 1308 2885 scripserunt.
1353 2807 1404 2867 sed
1431 2810 1473 2869 sic

129 2914 135 2921 '
169 2919 287 2989 praesto
311 2910 469 2973 dicendum
493 2921 551 2995 est,
575 2920 608 2972 ut
630 2910 733 2972 sedulo
758 2919 788 2971 et
810 2919 910 2990 optato
935 2919 965 2972 et
988 2914 1101 2974 sortito.
1139 2913 1207 2972 inde
1232 2920 1262 2973 et
1290 2914 1474 2996 praestolari,

171 3031 384 3042 -—-—-—.-

260 3088 292 3137 16
312 3101 326 3136 z
345 3083 376 3138 in
394 3082 517 3153 antiquis
535 3083 614 3139 libris
634 3082 746 3139 Cornut.
765 3087 828 3149 154,
847 3088 865 3138 7

261 3249 273 3296 1
293 3243 363 3298 baec
376 3243 406 3297 in
421 3243 521 3298 ceteris
536 3242 562 3297 A
581 3242 608 3299 b.
624 3241 653 3297 iu
668 3241 768 3296 ceteris
782 3242 807 3298 0
821 3241 851 3295 iu
865 3242 965 3296 ceteris
979 3245 1040 3312 (orn.
1054 3244 1136 3312 haec)
1145 3243 1181 3296 ’Β
1236 3245 1339 3299 exeunt
1351 3260 1401 3300 om.
1417 3243 1442 3298 0

169 3327 186 3375 t
206 3338 324 3392 succeps
344 3322 450 3392 accipis
469 3323 496 3375 Β
568 3339 674 3392 cynyps
694 3319 802 3390 cynipis
817 3323 843 3375 A
863 3339 969 3391 cynyps
989 3323 1140 3392 oynycypis
1154 3323 1182 3375 Β
1200 3323 1288 3393 cinips
1303 3322 1442 3379 cinibisO

170 3408 186 3455 3
205 3401 269 3456 hinc
289 3401 451 3457 observabis
470 3402 544 3472 quod
563 3403 590 3456 Β
609 3401 682 3455 hanc
701 3400 911 3455 obseruabimus
930 3401 997 3470 quia
1013 3401 1071 3455 AC
1124 3409 1140 3456 4
1159 3407 1273 3472 possent
1293 3403 1316 3457 0
1367 3410 1383 3457 b
1402 3406 1474 3458 tam·

171 3482 266 3553 quam]
283 3486 369 3550 tumq.
385 3482 412 3535 A
466 3485 498 3536 ut
512 3499 562 3537 oov.
577 3480 668 3536 ABG
719 3480 842 3551 apstinui
856 3498 907 3552 aps
922 3485 951 3536 et
964 3481 1035 3536 tinui
1049 3484 1129 3550 (corr.
1143 3483 1232 3551 teum)
1246 3483 1367 3552 apscessi
1381 3499 1431 3552 aps
1445 3485 1476 3537 et

171 3561 242 3616 cessi
255 3561 396 3616 abscondo
411 3579 460 3631 aps
475 3565 503 3617 et
517 3562 606 3617 condo
625 3561 653 3614 Β
671 3560 795 3615 abstinui
808 3561 859 3615 abs
873 3563 903 3616 et
915 3562 994 3616 tenui
1006 3562 1128 3618 abscessi
1142 3564 1192 3618 abs
1206 3565 1237 3617 et
1249 3562 1319 3617 cessi
1333 3564 1474 3620 abscondo
1520 3632 1523 3637 ι

171 3640 221 3694 abs
239 3643 269 3695 et
287 3641 377 3696 condo
396 3643 423 3694 A
442 3641 566 3695 abstinui
583 3642 633 3696 abs
653 3645 682 3697 et
699 3639 771 3693 tinui
786 3639 916 3696 similiter
930 3641 980 3696 abs
999 3645 1028 3696 et
1046 3642 1115 3696 cessi
1134 3643 1164 3696 et
1180 3641 1231 3695 abs
1250 3644 1279 3697 et
1296 3643 1385 3698 condo
1405 3643 1429 3699 0

171 3725 187 3773 6
206 3719 319 3774 fuerunt
338 3719 362 3773 C
448 3719 612 3774 diuiduntur
630 3737 740 3776 necesse
759 3738 818 3776 esse
837 3724 870 3775 ut
887 3722 1011 3790 obstipui
1030 3723 1056 3775 A
1076 3721 1240 3777 diuiduntur
1257 3723 1429 3783 (diuidautnr
1447 3725 1474 3789 ς)

171 3815 282 3853 necesse
305 3802 348 3853 est
371 3801 402 3853 ut
425 3799 558 3867 obstupui
581 3799 631 3856 Βς
655 3799 785 3854 diuidunt
806 3818 918 3857 necesse
942 3804 985 3856 est
1009 3801 1131 3871 obstipui
1150 3802 1174 3856 O
1244 3809 1259 3856 't
1284 3804 1429 3871 praeterea
1446 3804 1474 3856 B

170 3880 318 3948 propterea
337 3879 393 3933 AG
462 3879 556 3933 Setsi
575 3878 599 3933 si
616 3878 736 3948 primam
755 3879 935 3936 Schneiderus
952 3898 1066 3950 gramm,
1085 3882 1131 3935 lut.
1153 3882 1217 3951 Ip.
1237 3886 1299 3937 222
1372 3882 1475 3951 aquia

171 3957 289 4012 dicimus
307 3959 334 4012 A
358 3977 440 4027 quam
460 3957 579 4013 dicimus
597 3957 625 4010 Β
649 3974 720 4026 quae
745 3957 906 4014 dicimusC
976 3967 1008 4015 10
1027 3958 1190 4030 ponaturO
1261 3967 1292 4015 11
1313 3964 1410 4017 contra
1429 3965 1472 4035 ps]

120 4101 124 4107 g
171 4039 364 4108 cumtrapst'
424 4041 498 4110 apud
513 4055 609 4109 grecos
625 4039 653 4092 .l.
668 4037 933 4094 tandemrationem
948 4042 1020 4096 hanc
1035 4041 1144 4111 pntoB
1206 4047 1238 4094 14
1253 4046 1477 4099 eommutatAG

210 4119 309 4187 otest]
325 4118 353 4172 id
368 4122 410 4174 est
425 4121 447 4175 C
509 4119 600 4174 celebs
616 4115 713 4172 celibis
727 4119 787 4171 AB
852 4127 884 4174 16
903 4120 981 4175 labor
1000 4122 1095 4191 lapsus
1114 4120 1242 4190 lapsurus
1261 4134 1278 4177 ς
1296 4121 1361 4175 labo
1380 4122 1475 4192 lapsus

170 4197 296 4266 lapsurus
316 4199 373 4252 AC
394 4200 458 4255 labo
482 4199 577 4253 labsus
595 4196 723 4250 labamus
741 4197 769 4250 Β
841 4199 974 4270 nuptura]
994 4217 1117 4269 nnpsura
1134 4199 1192 4253 AG
1264 4205 1294 4252 17
1314 4199 1393 4254 libris
1412 4200 1474 4255 lati-

171 4295 269 4333 norum
282 4280 386 4334 librum
400 4280 536 4349 scriptum
551 4279 578 4331 A
598 4275 703 4344 scripta
716 4292 770 4330 non
785 4279 827 4330 est
840 4276 890 4331 sed
904 4294 954 4348 pro
968 4278 1020 4332 illa
1035 4277 1058 4331 G
1124 4284 1157 4333 18
1176 4278 1363 4348 crotalissare]
1384 4282 1472 4334 crota-

169 4357 236 4412 lisso
254 4359 282 4411 Β
336 4359 469 4429 uiderint]
486 4359 565 4414 uidei
580 4358 637 4412 AO
653 4355 846 4411 diuiderintB
901 4364 933 4412 19
949 4358 1138 4412 eruberuntA
1192 4373 1244 4411 nec
1256 4357 1474 4412 erubescendum

170 4437 381 4493 crediderintC
404 4456 439 4493 an
463 4438 680 4493 erubescendum
704 4435 873 4492 crediderint
892 4436 989 4491 Carrio
1060 4443 1095 4490 20
1118 4436 1198 4491 nobis
1217 4436 1303 4489 satius
1322 4441 1365 4492 est
1382 4438 1475 4494 alieno

170 4517 241 4573 bene
265 4519 307 4574 uti
331 4536 416 4588 quam
439 4522 534 4574 nostro
559 4518 733 4587 ineleganter
756 4521 882 4584 excerpto
902 4515 1018 4570 Cornuti
1089 4518 1183 4570 nostra
1200 4514 1369 4584 ineliganter
1389 4534 1474 4588 appo·

171 4614 235 4651 uere
256 4596 279 4650 G
300 4603 379 4651 niam
405 4598 543 4667 eliganter
567 4613 706 4666 apponere
726 4597 752 4649 A
775 4601 855 4650 ussm
872 4594 1042 4664 ineliganter
1061 4596 1139 4662 (corr.
1158 4593 1271 4664 ineleg.)
1289 4612 1429 4666 apponere
1447 4598 1475 4650 Β

223 4684 257 4732 22
276 4677 432 4747 praestolor
452 4677 478 4729 A
551 4676 670 4746 veteres]
689 4676 799 4747 antiqui
817 4676 840 4731 0
909 4675 958 4729 sed
979 4673 1018 4728 sic
1039 4677 1132 4744 presto
1153 4675 1180 4728 A
1203 4674 1253 4729 sed
1274 4675 1298 4728 ei
1320 4679 1432 4746 praesto
1453 4676 1477 4729 0

172 4758 220 4813 sed
238 4760 350 4828 praesto
364 4758 391 4811 Β
446 4763 480 4810 23
495 4758 527 4810 ut
540 4756 635 4811 sedulo
650 4759 679 4811 et
693 4757 791 4826 optato
810 4758 840 4810 ct
858 4753 957 4810 sortito
977 4769 994 4812 ς
1012 4755 1044 4808 ut
1061 4754 1159 4810 sedulo
1173 4757 1203 4810 et
1220 4754 1318 4810 obtato
1336 4756 1435 4813 sortito
1448 4755 1476 4808 B

171 4842 203 4891 ut
226 4838 322 4893 sedulo
346 4841 375 4893 et
397 4840 494 4908 optato
516 4836 651 4906 scriptule
671 4839 697 4891 A
722 4838 752 4890 et
769 4835 867 4891 sedulo
885 4837 915 4890 et
931 4835 1029 4892 ablato
1048 4837 1127 4904 (corr.
1147 4836 1245 4903 optato
1263 4836 1288 4903 e)
1306 4834 1478 4905 scriptitat*
