3316 5474
683 374 877 431 EXCERPTA
1363 369 1429 434 359

127 477 281 529 amun

127 564 322 641 correptior.
347 579 418 640 ergo
442 563 468 620 si
491 568 521 620 et
544 559 717 621 naturaliter
747 559 832 639 longa
856 559 1009 637 sequentis
1037 557 1233 636 productione
1261 555 1430 635 impeditur,

129 677 239 747 quanto
270 671 363 748 magis
396 671 425 729 in
460 687 492 739 ea
521 686 596 746 quae
623 669 770 746 positione
799 666 884 745 longa
912 673 960 725 est
986 663 1030 724 vel
1059 664 1157 725 brevis
1185 673 1304 725 acutum
1332 662 1429 723 locare
1474 662 1481 677 ⁸

127 776 270 837 debemus
294 825 300 836 .
324 779 350 836 si
373 795 444 855 ergo
468 776 548 836 dieas
571 774 655 856 luna,
682 777 765 855 prior
788 773 898 854 syllaba
921 772 1187 854 circumflectetur,
1215 774 1284 851 quia
1312 779 1428 831 natura-

125 883 194 944 liter
221 883 307 963 longa
336 892 382 944 est
409 892 439 944 et
466 901 596 962 sequens
622 881 721 942 brevis
751 930 757 942 .
786 881 864 961 qnod
894 883 919 942 si
946 882 1040 942 iustos
1067 879 1245 960 dixerimus,
1272 881 1303 939 in
1329 879 1429 957 priore

99 990 236 1071 asyllaba
260 998 365 1051 acutus
389 993 459 1071 erit,
487 992 555 1068 quia
578 997 609 1051 et
630 991 779 1068 posterior
807 987 891 1067 longa
920 997 966 1049 est
989 1036 996 1049 .
1020 991 1046 1049 si
1073 1005 1143 1048 vero
1170 989 1316 1067 positione
1344 984 1430 1063 longa

127 1099 218 1159 luerit
249 1099 394 1178 superior
418 1106 469 1160 aut
500 1096 612 1176 brevis,
649 1113 767 1175 semper
799 1103 937 1176 acuetur,
973 1103 1007 1156 ut
1037 1092 1135 1154 bdnirs
1167 1094 1306 1173 princeps
1339 1092 1428 1152 senex

127 1205 274 1284 campus.
298 1207 447 1284 posterior
470 1222 540 1264 vero
563 1202 672 1283 syllaba
696 1220 814 1281 semper
836 1199 1019 1282 gravabitur,
1042 1201 1071 1261 id
1095 1210 1142 1261 est
1164 1218 1282 1280 gravem
1305 1200 1430 1278 accipiet

126 1321 289 1373 accentum.

215 1420 248 1479 ln
276 1418 435 1499 trisyllabis
463 1421 573 1479 iterum
601 1436 677 1496 quae
705 1417 780 1477 ratio
804 1411 871 1476 est?
896 1413 944 1481 ¹Vt
968 1413 1053 1493 [nbi]
1078 1434 1196 1495 semper
1219 1412 1429 1494 paenultimam

86 1529 331 1607 winspiciamus,
358 1545 432 1605 quae
462 1528 486 1586 si
515 1525 601 1604 longa
628 1533 688 1605 est,
719 1522 798 1584 illam
826 1524 857 1583 iu
885 1541 919 1582 ea
948 1521 1131 1583 servabimus
1163 1521 1309 1602 regulam,
1341 1538 1429 1600 quam

127 1633 254 1693 diximus
277 1635 307 1692 in
330 1631 445 1692 duabus
468 1631 587 1711 syllabis
611 1649 676 1691 esse
700 1628 887 1710 servandam,
910 1629 939 1689 id
963 1637 1079 1710 estut,
1102 1631 1127 1689 si
1147 1627 1321 1690 naturaliter
1344 1627 1429 1706 longa

127 1749 220 1801 estet
239 1742 387 1819 posterior
405 1739 518 1820 brevis,
541 1739 719 1819 paenultima
737 1739 800 1817 ipsa
819 1736 1070 1797 circumflectatur
1085 1784 1092 1798 .
1107 1738 1268 1797 sinautem
1281 1736 1428 1815 positione

128 1849 186 1907 erit
205 1845 304 1926 longa,
327 1845 504 1925 paenultima
524 1853 668 1919 acuetur,
685 1853 802 1905 ceterae
822 1842 1048 1923 gravabuntur.
1068 1843 1321 1904 circumflectetur
1339 1843 1429 1921 igitur

127 1952 305 2033 paenultima
328 1956 359 2013 in
383 1952 429 2013 his
453 1950 637 2032 nominibus,
660 1959 694 2013 nt
716 1951 861 2032 Donatus3
885 1953 915 2010 in
939 1950 985 2011 lais
1009 1969 1078 2011 vero
1097 1959 1222 2012 acuetur
1240 1949 1431 2030 paenultima,

87 2075 113 2115 11
127 2069 160 2121 ut
183 2061 358 2140 campestris
386 2060 549 2139 perductus
577 2057 740 2119 landandus
764 2105 771 2120 .
795 2061 821 2119 si
848 2075 918 2118 vero
946 2058 1126 2137 paenultima
1154 2058 1253 2119 brevis
1281 2057 1386 2138 luerit,
1413 2074 1430 2116 a

126 2169 184 2229 fine
210 2164 215 2247 Ι
241 2170 328 2228 tertia
360 2185 477 2246 semper
509 2175 647 2246 acuetur,
679 2167 739 2227 sive
771 2165 858 2245 longa
891 2167 930 2227 sit
961 2168 1022 2226 sive
1055 2166 1153 2228 brevis
1183 2213 1190 2226 .
1221 2182 1318 2244 neque
1350 2165 1428 2224 enim

126 2284 231 2335 natura
251 2274 336 2352 longa
355 2277 383 2335 ei
401 2274 548 2355 proderit,
572 2275 640 2353 quia
659 2272 853 2352 sequentibus
871 2272 986 2335 duabus
1006 2273 1124 2353 syllabis
1142 2272 1304 2353 impeditur
1318 2319 1325 2331 .
1340 2273 1429 2332 citius

127 2385 205 2442 enim
232 2381 426 2462 relinquitur,
457 2380 529 2441 dum
556 2381 592 2442 ad
620 2379 684 2441 illas
717 2380 950 2460 pronuntiandas
978 2381 1152 2442 festinamus
1181 2429 1187 2442 .
1217 2388 1308 2441 erunt
1338 2381 1430 2458 igitur

127 2488 214 2550 liuius
247 2489 326 2549 modi
359 2490 476 2549 nomina
505 2490 535 2548 in
562 2486 671 2566 quibus
700 2506 716 2546 a
744 2489 803 2549 line
832 2489 917 2549 tertia
946 2486 1055 2567 syllaba
1083 2506 1201 2567 semper
1228 2495 1367 2568 acuetur,
1396 2494 1431 2547 ut

86 2595 241 2656 so'ldllins
269 2580 377 2656 ltreus
405 2595 548 2656 candidus
576 2641 583 2655 .
611 2602 714 2674 quarta
743 2612 813 2655 vero
842 2613 858 2655 a
886 2596 944 2656 stne
974 2604 1005 2655 et
1035 2596 1137 2673 quinta
1166 2603 1198 2655 et
1224 2611 1429 2672 quaecumque

127 2704 218 2764 luerit
241 2702 366 2763 ulterior
389 2719 507 2781 gravem
531 2719 649 2779 semper
671 2702 822 2780 accipiet.
842 2699 878 2760 ab
898 2718 931 2761 ea
951 2703 1030 2761 enim
1053 2720 1128 2780 quae
1152 2710 1198 2762 est
1220 2720 1237 2762 a
1260 2701 1317 2761 fine
1341 2702 1428 2760 tertia

127 2809 252 2870 ulterius
280 2828 338 2869 non
367 2816 466 2888 potest
493 2816 598 2869 acutus
625 2807 787 2868 ascendere
815 2855 822 2869 .
850 2824 918 2869 nam
946 2809 1154 2869 circumflexus
1184 2811 1214 2868 in
1249 2807 1429 2888 paenultima

127 2924 240 2977 1111111111
264 2916 379 2977 locatur
402 2914 447 2975 v'el
466 2917 496 2975 in
517 2916 688 2995 novissima,
710 2917 737 2975 si
754 2932 864 2975 nomen
883 2922 929 2976 est
947 2933 1101 2998 graecum,
1125 2924 1158 2978 ut
1176 2915 1288 2976 Allecto
1307 2915 1428 2976 Theano

127 3031 157 3083 et
180 3023 299 3104 similia,
323 3043 412 3105 quae,
435 3025 504 3102 quia
526 3040 631 3102 graeca
655 3029 738 3103 sunt,
760 3040 866 3100 graeca
889 3024 1003 3082 ratione
1027 3025 1171 3084 nituntur.

86 3146 112 3186 ss
216 3130 292 3191 Sunt
319 3133 390 3192 item
418 3130 562 3211 quaedam
589 3148 664 3209 quae
692 3148 708 3190 a
736 3127 906 3207 regularum
935 3131 1048 3190 ratione
1080 3128 1224 3190 recedunt
1246 3150 1255 3190 1
1278 3147 1346 3189 nam
1375 3147 1429 3208 per

127 3256 229 3296 omnes
257 3236 382 3316 syllabas
409 3246 582 3319 gravantur,
614 3235 804 3297 circumflexo
835 3254 907 3297 vero
940 3235 985 3297 vel
1017 3243 1104 3296 acuto
1137 3243 1262 3296 accentu
1296 3243 1428 3296 carent.

217 3579 317 3641 tergo
336 3572 360 3625 si
379 3574 409 3626 et
425 3571 453 3624 Β
473 3587 538 3641 ergo
557 3570 597 3623 sie
616 3569 645 3622 et
663 3567 701 3622 M
715 3575 746 3624 ei
770 3573 800 3626 et
822 3571 847 3626 si
865 3569 896 3625 F
974 3570 1243 3625 Seneumfleetetur
1264 3569 1292 3622 Β
1315 3567 1430 3622 circum·

127 3651 246 3706 flectitur
270 3652 301 3706 F
321 3652 549 3707 circumflertitur
572 3650 609 3704 M
682 3651 744 3705 tin
768 3651 861 3726 priore
886 3648 917 3704 F
937 3650 966 3705 in
988 3650 1077 3721 priori
1100 3650 1138 3704 Μ
1158 3649 1310 3719 imperdere
1330 3649 1358 3702 Β

127 3736 258 3787 baeatus
276 3750 326 3788 oen.
348 3734 385 3786 M
459 3734 537 3805 quia]
556 3752 588 3802 q;
607 3731 639 3786 F
712 3733 755 3786 est
776 3748 826 3790 om.
847 3732 885 3786 M
959 3732 1062 3802 positio
1080 3732 1108 3785 Β
1187 3731 1251 3786 bin
1275 3730 1430 3800 trisyllabis

126 3814 227 3867 iterum
252 3833 305 3883 que
328 3815 401 3869 ratio
420 3816 463 3869 est
480 3816 508 3869 B
526 3816 555 3871 in
574 3813 728 3886 trisyllabis
745 3814 846 3869 iterum
869 3807 917 3881 riui
942 3812 1016 3869 ratio
1034 3815 1078 3868 est
1096 3811 1127 3868 F
1141 3812 1171 3867 in
1189 3810 1357 3881 trissyllabis
1375 3826 1429 3878 que

126 3894 199 3947 ratio
218 3897 259 3948 est
279 3893 315 3947 M
385 3894 440 3948 nisi
457 3897 565 3950 1111111111
584 3896 751 3951 Muellerus:
768 3894 884 3960 sonasse
902 3896 935 3948 ut
951 3893 1062 3949 nonnisi
1134 3901 1168 3948 10
1185 3892 1341 3965 penultima
1360 3892 1398 3945 M
1400 3890 1432 3944 F

179 3972 259 4027 illam
282 3991 332 4029 om.
353 3976 390 4028 M
463 3983 494 4030 11
514 3976 544 4029 in
566 3976 726 4046 dissyllabis
748 3974 862 4028 1111111111
886 3974 1038 4030 Muellerus
1114 3974 1143 4028 id
1166 3974 1189 4028 si
1213 3975 1314 4028 natura
1336 3974 1378 4026 est
1401 3973 1431 4026 et

126 4053 265 4122 posterior
279 4053 310 4105 F
372 4062 403 4108 12
419 4055 652 4111 circumflectatur
666 4057 693 4109 B
707 4052 933 4110 circumflectitur
950 4055 987 4107 M
992 4055 1022 4108 F
1084 4061 1116 4109 13
1131 4056 1225 4109 cetera
1238 4051 1430 4122 grassabuntur

125 4132 198 4185 ΒΜ
214 4135 305 4187 cetere
324 4137 477 4202 grassantur
496 4133 527 4187 F
597 4134 821 4191 circumflectitur
839 4136 935 4189 autem
953 4133 1109 4202 penultima
1130 4132 1160 4186 in
1183 4133 1227 4186 his
1246 4131 1373 4186 omnibus
1395 4130 1431 4182 Μ

127 4211 359 4267 circumflectetur
377 4218 426 4268 aut
449 4214 608 4284 penultima
634 4215 662 4269 in
688 4216 732 4269 his
760 4215 890 4270 omnibus
909 4213 936 4266 Β
960 4212 1192 4267 circumflectetur
1215 4214 1309 4266 autem
1334 4210 1364 4263 in
1386 4210 1430 4263 his

127 4294 256 4348 omnibus
271 4293 302 4347 F
372 4303 404 4348 15
423 4303 455 4350 ut
473 4295 650 4367 campestris]
666 4298 715 4351 ant
728 4295 883 4367 prestrisB
955 4293 1169 4363 perducturam.
1184 4291 1214 4344 F
1286 4297 1319 4344 16
1332 4288 1429 4359 tertia]

126 4376 155 4426 et
174 4374 215 4427 tia
233 4374 261 4426 Β
335 4378 485 4429 tinctura
513 4377 539 4431 ei
565 4378 652 4447 longa
673 4377 799 4447 proderit
822 4378 859 4432 M
932 4380 964 4428 19
983 4391 1001 4429 a
1018 4373 1073 4428 fine
1091 4389 1140 4427 ona
1161 4373 1199 4425 M
1268 4373 1384 4425 acuebat
1402 4369 1433 4424 F

127 4453 236 4507 aeuitur
255 4453 320 4507 MR
392 4461 426 4508 20
445 4458 558 4529 Atreus]
582 4457 683 4512 adrens
705 4459 746 4512 B:
765 4459 800 4525 cs.
826 4455 942 4527 Quintel.
967 4455 989 4506 I
1005 4457 1072 4521 5,23
1143 4450 1311 4519 quicumque
1331 4450 1362 4504 F

127 4538 160 4586 21
181 4550 234 4601 que
254 4550 271 4587 a
289 4534 342 4588 fine
357 4537 400 4589 est
412 4535 498 4590 tertia
512 4537 549 4590 M
618 4542 652 4589 22
672 4539 770 4592 acutus
784 4535 916 4591 accedere
930 4532 968 4586 M
978 4534 1093 4587 secutas
1108 4531 1243 4586 adsedere
1257 4532 1285 4584 B
1298 4534 1429 4585 secentas

127 4615 276 4669 ascendere
297 4614 327 4667 F
400 4617 478 4687 nam]
502 4634 575 4671 nano
599 4616 630 4669 F
703 4623 737 4671 23
760 4617 872 4671 adleeto
896 4612 927 4668 F
1005 4617 1088 4667 teano
1115 4612 1188 4666 ΒΜ
1193 4612 1224 4666 F
1301 4619 1337 4667 24
1364 4613 1432 4682 quia

127 4711 177 4748 ean.
198 4696 235 4748 M
305 4700 339 4747 25
358 4697 518 4766 regularum
535 4696 644 4752 ratione
663 4695 694 4749 F
709 4697 809 4767 regula
832 4697 933 4750 harum
955 4690 1095 4747 rationum
1118 4691 1188 4745 ΒΜ
1260 4692 1430 4748 2611111111-

127 4775 191 4829 fleri
210 4775 257 4828 uel
275 4775 350 4828 acuti
369 4775 472 4842 (acenti
489 4775 528 4845 Β)
547 4779 678 4833 accentus
697 4778 794 4831 carent
810 4773 875 4830 BF
891 4771 1059 4829 circumflexi
1078 4771 1166 4825 ueluti
1184 4778 1315 4827 accentus
1334 4775 1431 4828 carent

130 4856 166 4908 M
184 4877 191 4907 :
211 4855 378 4909 circumflexi
397 4857 442 4910 vel
461 4856 536 4910 acati
554 4860 685 4914 accentus
703 4855 817 4926 fastigio
835 4857 932 4911 earam
949 4852 1064 4909 cenarit
1083 4851 1236 4906 Muellerus
