3316 5474
225 331 288 394 l'll)
373 357 376 364 ¹
764 334 995 389 cassionotut

220 443 241 480 p.
255 434 308 473 eaor
321 433 346 472 ι’,

222 518 326 579 Graeci
356 515 497 578 osdiiov
520 516 680 598 appellant,
711 520 850 597 qrroniam
878 521 908 580 in
932 539 1038 599 graeco
1066 521 1145 580 idem
1173 540 1267 599 genus
1290 520 1441 582 observari
1470 541 1530 582 non

222 625 324 702 potuit.
361 633 515 703 praeterea
542 626 727 705 quaerimus,
754 644 808 684 cur
836 628 944 686 veritas
972 636 1002 686 et
1030 627 1164 686 seminini
1192 630 1311 704 generis
1339 629 1469 688 existens
1499 637 1531 687 et

221 748 364 809 superans
388 730 597 810 disyllaborum
620 748 788 791 mensuram
812 751 866 810 per
890 751 919 812 r,
943 751 1001 792 non
1024 752 1079 812 per
1102 733 1121 792 b
1149 733 1310 813 scribatur3
1339 741 1369 795 et
1393 733 1529 815 dicimus,

220 839 288 914 quia
312 855 371 897 uon
396 847 442 897 est
466 838 579 914 primae
603 855 710 897 nomen
733 840 902 919 positionis,
922 839 974 899 sed
997 839 1150 899 descendit
1169 859 1185 900 a
1204 839 1306 900 mobili
1329 858 1446 917 genere.
1483 848 1529 900 est

221 944 299 1002 enim
324 962 411 1003 verus
435 961 503 1002 vera
531 961 646 1022 verum,
670 961 703 1002 en
729 962 788 1022 quo
808 948 940 1005 nascitur
963 945 1118 1024 appellatio
1138 949 1260 1028 veritas,
1284 956 1313 1007 et
1336 947 1402 1007 ideo
1425 948 1556 1025 primi-s

220 1050 323 1109 formis
348 1052 394 1110 sui
419 1050 549 1129 regulam
575 1053 742 1111 necessario
766 1050 906 1112 defendit.
944 1052 1031 1113 simili
1056 1051 1191 1112 modoet
1214 1054 1346 1112 venatrix
1374 1053 1528 1114 masculini

220 1157 266 1215 sui
289 1158 433 1234 originem
460 1159 604 1236 sequitur.

308 1261 342 1323 Vi
371 1262 456 1342 longa
486 1263 530 1323 vel
559 1262 656 1325 brevis
684 1267 796 1326 nomini
824 1264 970 1344 praebens
998 1268 1129 1345 initium,
1157 1267 1182 1325 si
1210 1284 1226 1325 a
1255 1284 1380 1326 numero
1407 1266 1466 1348 bis,
1497 1266 1525 1327 id

220 1378 266 1430 est
288 1371 433 1451 secundo,
456 1373 618 1450 composita
652 1372 755 1449 luerit,
783 1370 879 1449 perb
909 1381 1020 1432 mutam
1043 1371 1199 1432 scribetur.
1236 1371 1424 1432 discretionis
1447 1375 1526 1433 euim
1619 1351 1625 1362 ⁶

219 1479 311 1556 gratia
339 1476 385 1537 bis
413 1495 556 1538 numerus
583 1496 638 1556 per
668 1477 743 1538 banc
770 1477 899 1538 litteram
929 1478 1082 1559 scribitur,
1117 1488 1151 1539 ut
1179 1486 1335 1558 separetur
1362 1498 1379 1538 a
1407 1482 1525 1540 nomine
1541 1497 1568 1535 10

218 1583 431 1665 monosyllabo,
460 1585 538 1664 quod
567 1586 626 1645 vim
649 1595 679 1646 et
702 1586 909 1646 necessitatem
939 1586 1099 1666 significat,
1133 1584 1222 1646 veluti
1251 1584 1353 1665 biceps
1385 1586 1526 1666 bilinguis

219 1688 353 1750 biformis
382 1690 517 1771 bipatens
545 1690 698 1754 biennium
721 1692 834 1752 bimum
859 1691 925 1771 biga
949 1691 1070 1753 biduum
1095 1691 1208 1753 bicolor
1231 1692 1369 1772 bipennis
1391 1693 1524 1772 biiugum

218 1815 252 1855 ac
276 1796 350 1856 talia.
389 1800 414 1857 si
437 1808 535 1858 autem
558 1817 633 1876 pura
657 1806 828 1858 remaneant
853 1816 991 1878 numero,
1016 1818 1032 1855 v
1056 1798 1221 1859 traductam
1244 1801 1274 1858 in
1299 1802 1524 1860 consonantium

218 1910 393 1980 potestatem
428 1903 578 2005 babebunt
611 1908 749 1986 positam,
781 1912 815 1964 ut
845 1905 939 1964 victor
972 1906 1072 1964 vinum
1106 1906 1173 1965 ritis
1206 1907 1300 1965 victus
1328 1906 1436 1967 vinitor
1465 1909 1523 1967 vita

291 2075 435 2130 lseutlon
453 2077 481 2130 Β
501 2075 629 2130 sedutlon
648 2075 706 2130 Ao
767 2073 909 2130 obseruari
927 2092 982 2130 non
1003 2077 1095 2145 potuit
1112 2076 1186 2131 idem
1206 2093 1294 2146 genus
1313 2074 1366 2129 Ao
1431 2077 1526 2131 3dis·

103 2204 108 2211 .
218 2152 672 2225 syllabarumCdeayllabarumA
729 2155 778 2210 sed
787 2154 904 2209 drcrmus
914 2156 996 2210 ABG
1047 2155 1268 2211 tdeseendatB
1322 2155 1484 2224 depellatio
1499 2158 1526 2209 A

218 2232 391 2302 appellatiuo
402 2235 429 2288 B
445 2235 684 2305 appellatiuumO
735 2242 750 2288 9
766 2234 921 2303 composita
935 2235 1019 2290 fuerit
1032 2237 1110 2305 perb
1125 2238 1232 2289 mutarn
1243 2234 1401 2288 scribuntur
1411 2233 1439 2288 B
1453 2251 1526 2290 com·

219 2314 312 2383 posita
329 2314 434 2370 fuerint
451 2315 534 2384 perb
553 2319 661 2371 mutam
680 2316 837 2370 scribuntur
853 2314 953 2372 Pons
1020 2323 1051 2370 10
1071 2315 1182 2384 separet
1200 2313 1227 2366 B
1288 2314 1525 2382 11quodu1mA

219 2394 293 2463 quod
317 2394 346 2448 ui
365 2394 389 2448 0
409 2395 477 2463 quin
496 2395 553 2450 nim
572 2398 599 2450 Β
625 2396 701 2467 quod
724 2398 768 2451 est
784 2396 828 2450 uis
848 2393 969 2458 Corrio‘
1038 2402 1069 2449 12
1090 2393 1229 2526 bipotens]
1252 2393 1406 2461 bipartenis
1425 2395 1454 2448 Β

221 2483 253 2530 14
272 2476 374 2546 rictus]
396 2477 476 2532 uetus
494 2476 585 2530 ABG
603 2478 670 2533 Par.
699 2495 737 2532 an
755 2475 861 2543 ritnsi,
880 2475 953 2545 quod
971 2480 1009 2529 est
1027 2475 1103 2543 apud
1152 2476 1246 2529 robum
1268 2477 1331 2530 inst
1351 2482 1525 2545 p.116‚22

671 2751 853 2806 MARTYRII
873 2751 920 2805 DE
940 2751 962 2804 B
981 2752 1028 2806 ΕΤ
1048 2751 1072 2804 V

219 2920 348 2979 existens
371 2927 401 2978 et
429 2936 573 2997 superans
597 2918 806 2999 disyllaborum
830 2936 998 2979 mensuram
1026 2937 1080 2997 per
1105 2937 1134 2997 v,
1163 2937 1222 2978 nou
1252 2937 1306 2997 per
1328 2917 1347 2978 b
1371 2918 1525 3000 scribitur3

218 3034 248 3086 et
272 3026 410 3103 dicimus,
433 3024 512 3102 quod
534 3034 653 3085 nonest
678 3028 788 3104 primae
811 3026 967 3105 positionis
986 3042 1108 3104 nomen,
1132 3023 1183 3084 sed
1208 3023 1361 3085 descendit
1384 3044 1401 3086 a
1425 3026 1524 3086 mobili

217 3150 335 3209 genero.
378 3138 423 3191 est
451 3133 529 3191 enim
559 3149 647 3191 verus
671 3150 739 3190 vera
762 3149 881 3212 rerum,
911 3149 946 3191 cx
975 3149 1034 3209 quo
1062 3131 1195 3190 nascitur
1223 3129 1380 3209 appellatio
1408 3134 1525 3212 veritas,

219 3246 250 3298 ot
268 3239 335 3298 ideo
353 3237 546 3316 primiiormis
561 3241 607 3299 sui
627 3237 758 3317 regulam
778 3239 945 3298 necessario
965 3237 1105 3298 defendit.
1139 3236 1226 3297 simili
1246 3237 1333 3296 modo
1348 3245 1378 3297 et
1393 3241 1522 3298 venatrix

220 3345 375 3406 masculini
398 3346 445 3405 sui
468 3346 611 3423 originem
636 3347 780 3422 sequitur.
1539 3361 1552 3399 s

307 3451 341 3511 Vi
364 3450 449 3530 longa
468 3450 513 3510 rel
537 3450 635 3512 brevis
655 3454 766 3512 nomini
790 3450 935 3531 praebens
957 3453 1090 3531 initium,
1113 3452 1139 3511 si
1158 3468 1174 3510 a
1193 3468 1318 3511 numero
1342 3451 1402 3532 bis,
1425 3451 1455 3511 id
1478 3461 1525 3513 ost

218 3557 358 3638 secundo,
377 3559 538 3636 composita
559 3559 664 3638 luerit,
690 3577 743 3637 per
762 3557 781 3616 b
801 3567 912 3617 mertam
932 3556 1089 3617 scribetur.
1126 3556 1315 3617 discretionis
1334 3560 1412 3618 enim
1432 3561 1524 3637 gratia

218 3665 264 3724 bis
292 3682 435 3724 numerus
463 3682 518 3743 ρει·
546 3664 622 3724 banc
650 3664 777 3724 litteram
806 3663 962 3743 scribitur,
991 3671 1023 3723 ut
1051 3672 1207 3741 separetur
1235 3680 1250 3722 a
1275 3664 1394 3723 nomine
1423 3682 1522 3724 mouo·

220 3769 343 3849 syllabo,
367 3770 446 3849 quod
466 3773 524 3830 vim
544 3781 573 3832 et
593 3773 799 3831 necessitatem
820 3770 980 3850 significat,
1000 3769 1090 3829 veluti
1110 3765 1211 3848 biceps
1230 3768 1371 3849 bilinguis
1389 3769 1524 3830 bilormis

218 3873 354 3955 bipatens
381 3876 534 3936 biennium
562 3877 674 3936 bimum
702 3875 767 3955 biga
797 3876 919 3936 biduum
943 3876 1056 3936 bicolor
1080 3875 1209 3955 bipinnis
1232 3876 1370 3956 biiugum·
1389 3896 1423 3937 ac
1447 3877 1564 3937 taliam

219 3985 245 4043 si
267 3982 323 4042 hoc
346 3992 444 4043 autem
468 4001 542 4062 pura
566 3992 717 4044 remaneat
739 4002 877 4064 numero,
901 4003 917 4040 r
938 3983 1071 4046 traducta
1094 3986 1124 4044 in
1145 3986 1372 4049 consonantium
1394 3994 1523 4065 potesta·

220 4099 279 4151 tem
303 4090 394 4150 inerit
415 4092 525 4170 posita,
549 4099 582 4150 nt
601 4093 695 4151 victor
714 4092 814 4150 virtum
833 4093 901 4150 vitis
922 4092 1016 4150 rictus
1036 4092 1144 4151 vinitor
1164 4092 1221 4150 rita
1245 4092 1289 4151 via
1313 4091 1399 4152 vidua
1423 4095 1524 4171 uipera

220 4200 313 4259 viator
337 4199 482 4272 vitisator,
510 4207 629 4276 praeter
653 4199 797 4276 bitumen,
822 4199 890 4275 quia
914 4200 1013 4258 neutri
1035 4200 1154 4276 generis
1177 4200 1343 4258 consistens
1367 4215 1522 4258 numerum

219 4305 427 4386 disyllaborum
451 4306 592 4385 excessit3
616 4303 703 4364 bilem
728 4306 817 4364 etiam
840 4304 1028 4365 discretionis
1047 4323 1149 4366 causa:
1175 4323 1240 4363 nam
1265 4305 1289 4363 si
1313 4302 1411 4362 sellem
1434 4306 1523 4382 signi·

308 4484 321 4529 1
342 4477 544 4546 disyllaborum
563 4492 708 4547 personam
731 4475 758 4528 P
774 4475 944 4544 syllabarum
964 4491 1122 4530 mensuram
1137 4476 1171 4528 N
1220 4481 1236 4528 3
1257 4472 1410 4544 appellatio
1424 4475 1523 4541 onr.N,

220 4559 282 4611 mid.
303 4557 330 4610 P
418 4565 432 4612 'l
452 4557 608 4627 composita
625 4556 730 4612 luerint
746 4572 797 4624 per
815 4556 833 4609 b
852 4560 958 4610 mutam
978 4555 1132 4610 scribentur
1150 4555 1183 4608 N
1199 4555 1355 4623 composite
1372 4553 1457 4607 firerit
1475 4572 1524 4622 per

220 4639 238 4691 b
257 4638 363 4690 mutam
382 4635 547 4691 formabitur
567 4637 595 4691 P
668 4643 700 4692 to
724 4636 768 4692 bis
787 4639 886 4706 patens
904 4635 937 4688 N
988 4633 1088 4704 ⁸bigae
1110 4635 1137 4687 P
1207 4634 1335 4704 bipennis
1355 4633 1384 4688 P
1455 4640 1486 4688 11
1507 4652 1523 4687 r

221 4716 379 4773 traductam
403 4716 432 4769 in
457 4716 670 4771 consonantium
693 4718 863 4786 potestatem
885 4713 1002 4770 habebit
1024 4716 1056 4768 ut
1078 4713 1168 4769 victor
1185 4709 1293 4769 viscum
1311 4713 1407 4769 vinum
1426 4714 1454 4767 P

218 4796 360 4867 potestate
377 4794 412 4848 N
