3316 5474
616 394 665 455 DE
692 394 945 455 oireuuuu‘uls
1371 395 1436 461 519

131 606 189 663 per
212 588 404 664 alphabetum
429 634 435 646 .
460 588 547 647 Inter
569 588 779 648 absconditum
807 595 837 648 et
863 590 1042 647 absconsum
1066 619 1107 626 —
1136 586 1219 645 Inter
1248 588 1436 645 unlneratum

134 702 164 754 et
180 698 351 754 surtciutum
377 742 382 753 .
407 697 582 755 ttulueratus
601 703 645 756 est
667 698 722 770 qui
744 698 774 754 r'n
798 698 891 755 ultum
916 696 1074 754 demissum
1097 693 1200 765 trudet,
1223 695 1381 751 suueiutus
1404 695 1435 751 in

135 805 165 861 in
188 818 333 861 summum
352 808 474 877 ptutem
498 804 638 878 corporis
660 803 752 863 bubet
774 804 870 862 iectus
893 805 989 877 plupu
1018 801 1050 870 (t
1075 802 1153 859 ictus
1172 801 1311 875 ptupum)
1336 845 1342 858 .
1366 816 1436 858 uum

135 916 163 969 et
183 907 334 983 fatigatus
354 915 452 983 potest
479 911 544 969 dici
569 910 702 968 saueius.
729 912 800 982 finit
828 925 923 968 amera
970 926 1004 967 ex
1033 906 1089 967 hoe
1117 908 1208 984 igitur
1235 924 1269 965 ea
1298 923 1373 982 quae
1401 924 1435 965 er

135 1015 292 1075 Frontonis
325 1016 376 1093 qui
408 1014 477 1075 olim
506 1013 659 1075 dicebatur
687 1013 763 1075 libro
796 1016 915 1093 recepta
948 1022 978 1073 et
1010 1015 1122 1073 rectius
1154 1014 1185 1071 in
1217 1029 1252 1071 eo
1286 1030 1373 1090 qnam
1406 1014 1436 1072 in

134 1120 273 1182 Bobiensi
298 1119 399 1181 codiee
424 1124 534 1201 scripta
559 1131 630 1182 sunt
653 1123 797 1201 exscripsi
821 1169 828 1182 .
851 1130 969 1201 praeter
993 1120 1064 1180 baec
1088 1129 1186 1180 autem
1215 1137 1307 1198 pauca
1331 1117 1436 1179 iisdem

135 1227 233 1288 verbis
257 1230 287 1287 iu
311 1227 568 1307 biontepessulano
592 1227 693 1289 codice
717 1230 843 1309 repetita
866 1235 944 1288 sunt.
991 1246 1057 1287 nam
1086 1226 1211 1306 plurima
1239 1245 1314 1305 quae
1342 1228 1372 1286 in
1401 1244 1436 1286 eo

135 1335 171 1394 do
196 1335 300 1394 iisdem
324 1333 501 1395 differentiis
524 1337 634 1415 scripta
658 1335 797 1415 leguntur
821 1353 856 1395 ex
880 1334 944 1395 aliis
968 1334 1100 1394 sontibus
1124 1335 1214 1412 petita
1238 1342 1315 1394 sunt.

135 2139 263 2190 „m
488 2022 572 2133 ult
618 2021 1081 2133 brutobardus

224 2225 304 2285 inter
328 2225 470 2286 ultionem
499 2235 529 2286 et
557 2225 723 2287 vindictam.
770 2225 843 2287 ultio
863 2224 991 2285 vindicat
1010 2225 1135 2306 iactum,
1159 2225 1315 2286 vindicatio
1335 2228 1435 2286 futura

135 2330 282 2412 prohibet.
328 2333 394 2393 ideo
418 2333 495 2393 biars
520 2333 611 2413 ultor,
635 2352 694 2393 non
719 2331 824 2393 vindex
848 2331 966 2392 dicitnr.

223 2438 365 2499 Praedam
385 2449 414 2501 et
434 2443 573 2519 rapinam.
606 2438 714 2519 praeda
731 2441 824 2500 victos
842 2439 961 2520 spoliat,
980 2441 1081 2518 rapina
1101 2439 1200 2501 subito
1216 2443 1304 2501 venit.
1337 2443 1436 2520 itaque

94 2559 108 2597 a
135 2544 182 2605 illa
208 2549 327 2607 victoria
351 2547 472 2628 gaudet,
494 2547 567 2608 baec
590 2546 759 2627 petulantia.

224 2654 283 2713 Cur
307 2663 337 2714 et
360 2672 459 2733 quare.
506 2672 560 2714 cur
584 2654 758 2734 simpliciter
780 2663 987 2735 percontatur,
1015 2671 1107 2732 quare
1136 2672 1253 2714 causam
1277 2654 1434 2713 rationem·

135 2777 204 2837 que¹
216 2759 388 2821 desiderat:

225 2866 370 2927 Delictum
390 2876 420 2928 et
438 2874 600 2947 peceatum.
633 2867 684 2945 qui
708 2865 845 2944 deliquit,
869 2884 927 2926 non
948 2867 1018 2927 iecit
1036 2865 1114 2944 quod
1135 2867 1231 2926 iacere
1251 2865 1366 2948 debuit3
1385 2870 1436 2946 qui

134 2976 279 3055 peccavit,
302 2974 358 3034 hoc
382 2975 465 3055 iecit,
488 2973 539 3033 sed
563 2992 667 3053 parum
691 2981 781 3034 recte.

98 3093 124 3134 1⁰
223 3081 398 3142 Remedium
431 3089 461 3141 et
493 3079 750 3140 medicamentum.
802 3079 979 3161 remedium,
1016 3098 1053 3139 ue
1085 3079 1302 3161 periclitemur,
1335 3080 1436 3162 datur3

135 3186 380 3247 medicamentum
405 3186 439 3247 ad
465 3185 562 3246 subita
589 3187 720 3266 pericula
743 3194 874 3266 aptatur;
903 3195 991 3265 atque
1020 3188 1060 3247 ita
1087 3187 1251 3248 remedium
1281 3186 1436 3248 submovet

135 3294 331 3375 imminentia,
356 3294 602 3353 medicamentum
626 3299 710 3352 sanat
733 3291 829 3351 iniata.

224 3399 346 3460 Flumen
371 3407 401 3459 et
424 3400 553 3460 fluvium.
600 3398 710 3458 flumen
735 3397 814 3457 idem
837 3397 903 3458 fluit
926 3407 956 3459 et
980 3412 1092 3473 manet,
1120 3401 1228 3461 duvios
1252 3399 1436 3481 temporibus

135 3509 271 3567 siccatur.

95 3630 120 3669 ra
223 3611 409 3673 Corinthium
432 3620 463 3672 et
486 3612 714 3673 Corinthiacum.
761 3612 947 3673 Corinthium
975 3615 1068 3673 civem
1096 3613 1243 3687 dicemus,
1271 3613 1435 3674 Corinthia·

135 3738 284 3780 cumeae.

223 3826 352 3888 Roseum
377 3836 406 3888 et
430 3847 592 3888 rosaceum.
638 3847 757 3890 roseum
780 3846 835 3908 per
858 3847 905 3909 se,
929 3847 1083 3889 rosaceum
1109 3830 1241 3890 mixtum.

223 3934 350 3995 Fuscum
375 3943 405 3994 et
428 3937 555 4014 nigrum.
601 3936 684 3996 tusco
708 3936 807 3996 album
830 3938 1003 4017 opponitur,
1027 3939 1111 4015 nigro
1135 3937 1300 3998 candidum.

222 4041 358 4120 Pugnare
373 4048 402 4100 et
420 4060 591 4121 oppugnare
606 4051 637 4102 et
651 4044 823 4122 inpugnare.
856 4044 906 4121 qui
922 4051 1046 4123 pugnat,
1066 4045 1191 4124 rosistit3
1211 4046 1262 4122 quii
1277 4053 1436 4124 oppugnat,

135 4293 195 4346 Bd
225 4219 257 4265 10
276 4211 439 4267 Remedium
464 4213 542 4267 Beda
564 4218 649 4282 288,1
738 4220 770 4267 lb
795 4212 968 4269 Corinthium
992 4214 1070 4269 Beda
1089 4221 1175 4282 267,9
1263 4222 1293 4269 lt
1313 4217 1433 4269 Roseum

162 4309 213 4346 eo
230 4297 317 4358 28&

223 4471 256 4523 N
271 4473 354 4526 codex
372 4472 517 4527 Bobieueie
534 4489 609 4526 nuuc
627 4471 828 4541 Neapolitanus
848 4473 899 4527 IV
915 4475 942 4528 A
961 4481 980 4530 3

222 4553 340 4607 seditio
354 4555 485 4622 princeps
504 4553 574 4606 Iuni
592 4552 740 4608 Parrhasii
764 4553 882 4608 Vicetiae
900 4573 925 4609 a.
945 4558 1017 4608 1509

224 4640 237 4686 1
258 4633 428 4687 CORNELII
447 4632 654 4688 FRONTONIS
677 4632 726 4687 Du
745 4631 921 4688 Nouluvu
941 4632 1218 4705 VERBORVMQVE
1238 4633 1434 4689 alrucuba*-

134 4711 203 4766 TIIS
223 4729 253 4782 ς,
271 4715 330 4768 aine
347 4715 527 4784 irueriptioue
546 4713 579 4767 N
620 4710 664 4767 ⁸4
683 4714 819 4770 Praedam
838 4717 868 4771 et
885 4714 1012 4784 rapinam
1032 4729 1049 4772 ς
1067 4713 1202 4768 Praedam
1219 4714 1345 4784 rapinam
1365 4714 1399 4768 N

136 4798 168 4845 12
188 4795 269 4846 sanat
287 4793 377 4848 inlata
394 4796 486 4859 Beda,
506 4794 588 4848 sanat
604 4792 703 4848 insana
721 4794 755 4848 N
769 4798 851 4850 sanat
869 4812 924 4850 non
943 4810 1010 4849 sana
1031 4793 1182 4849 Fabricium
1262 4800 1295 4849 lo
1314 4794 1434 4849 dicimus

135 4873 214 4926 Beda
288 4879 319 4927 1u
339 4878 369 4928 et
383 4877 477 4943 priore
495 4876 552 4930 loeo
570 4892 620 4931 om.
640 4875 674 4929 N
679 4889 697 4932 ς
