<?xml version="1.0" encoding="UTF-8"?>
<!DOCTYPE html PUBLIC "-//W3C//DTD XHTML 1.0 Transitional//EN"
    "http://www.w3.org/TR/xhtml1/DTD/xhtml1-transitional.dtd">
<html xmlns="http://www.w3.org/1999/xhtml" xml:lang="en" lang="en">
 <head>
  <title>
</title>
<meta http-equiv="Content-Type" content="text/html;charset=utf-8" />
  <meta name='ocr-system' content='tesseract 3.04.00' />
  <meta name='ocr-capabilities' content='ocr_page ocr_carea ocr_par ocr_line ocrx_word'/>
</head>
<body>
  <div class='ocr_page' id='page_1' title='image "./grammaticilatin00keilgoog/grammaticilatin00keilgoog_0390.png"; bbox 0 0 3316 5474; ppageno 0'>
   <div class='ocr_carea' id='block_1_1' title="bbox 628 367 1448 434">
    <p class='ocr_par' dir='ltr' id='par_1_1' title="bbox 628 367 1448 434">
     <span class='ocr_line' id='line_1_1' title="bbox 628 367 1448 434; baseline 0.011 -11"><span class='ocrx_word' id='word_1_1' title='bbox 628 367 698 424; x_wconf 81' lang='lat' dir='ltr'><em>ARS</em></span> <span class='ocrx_word' id='word_1_2' title='bbox 727 368 971 425; x_wconf 72' lang='lat' dir='ltr'><em>Gennanates</em></span> <span class='ocrx_word' id='word_1_3' title='bbox 1387 369 1448 434; x_wconf 79' lang='grc'><em>371</em></span> 
     </span>
    </p>
   </div>
   <div class='ocr_carea' id='block_1_2' title="bbox 152 554 1456 3214">
    <p class='ocr_par' dir='ltr' id='par_1_2' title="bbox 152 554 1456 3214">
     <span class='ocr_line' id='line_1_2' title="bbox 153 554 1451 637; baseline 0.001 -22"><span class='ocrx_word' id='word_1_4' title='bbox 153 575 212 636; x_wconf 72' lang='lat' dir='ltr'><em>spuo</em></span> <span class='ocrx_word' id='word_1_5' title='bbox 233 574 339 616; x_wconf 93' lang='lat' dir='ltr'><em>nomen</em></span> <span class='ocrx_word' id='word_1_6' title='bbox 358 557 539 635; x_wconf 78' lang='lat' dir='ltr'>grammatici</span> <span class='ocrx_word' id='word_1_7' title='bbox 559 574 594 616; x_wconf 83' lang='lat' dir='ltr'><em>er</em></span> <span class='ocrx_word' id='word_1_8' title='bbox 614 554 711 616; x_wconf 89' lang='lat' dir='ltr'><em>verbis</em></span> <span class='ocrx_word' id='word_1_9' title='bbox 731 554 841 616; x_wconf 85' lang='lat' dir='ltr'><em>Cuiauii</em></span> <span class='ocrx_word' id='word_1_10' title='bbox 861 573 950 635; x_wconf 91' lang='lat' dir='ltr'><em>supra</em></span> <span class='ocrx_word' id='word_1_11' title='bbox 970 557 1102 636; x_wconf 90' lang='lat' dir='ltr'><em>scriptis,</em></span> <span class='ocrx_word' id='word_1_12' title='bbox 1125 576 1199 637; x_wconf 78' lang='lat' dir='ltr'><em>quiae</em></span> <span class='ocrx_word' id='word_1_13' title='bbox 1224 557 1345 618; x_wconf 86' lang='lat' dir='ltr'><em>editioni</em></span> <span class='ocrx_word' id='word_1_14' title='bbox 1369 575 1451 636; x_wconf 91' lang='lat' dir='ltr'><em>prae·</em></span> 
     </span>
     <span class='ocr_line' id='line_1_3' title="bbox 152 661 1453 746; baseline 0.002 -25"><span class='ocrx_word' id='word_1_15' title='bbox 152 665 266 743; x_wconf 78' lang='lat' dir='ltr'><strong>posuit,</strong></span> <span class='ocrx_word' id='word_1_16' title='bbox 293 665 408 743; x_wconf 80' lang='lat' dir='ltr'><em>petivit3</em></span> <span class='ocrx_word' id='word_1_17' title='bbox 437 664 557 723; x_wconf 79' lang='lat' dir='ltr'><em>seruum</em></span> <span class='ocrx_word' id='word_1_18' title='bbox 580 671 678 723; x_wconf 91' lang='lat' dir='ltr'><em>autem</em></span> <span class='ocrx_word' id='word_1_19' title='bbox 703 662 810 723; x_wconf 91' lang='lat' dir='ltr'><em>librum</em></span> <span class='ocrx_word' id='word_1_20' title='bbox 834 661 907 723; x_wconf 82' lang='lat' dir='ltr'><em>dixit</em></span> <span class='ocrx_word' id='word_1_21' title='bbox 936 671 1108 746; x_wconf 90' lang='lat' dir='ltr'><em>propteroa,</em></span> <span class='ocrx_word' id='word_1_22' title='bbox 1138 664 1216 744; x_wconf 85' lang='lat' dir='ltr'><em>quod</em></span> <span class='ocrx_word' id='word_1_23' title='bbox 1244 667 1453 744; x_wconf 82' lang='lat' dir='ltr'><em>grammaticus</em></span> 
     </span>
     <span class='ocr_line' id='line_1_4' title="bbox 153 768 1452 851; baseline 0.001 -22"><span class='ocrx_word' id='word_1_24' title='bbox 153 769 228 830; x_wconf 90' lang='lat' dir='ltr'><em>duos</em></span> <span class='ocrx_word' id='word_1_25' title='bbox 251 769 342 830; x_wconf 89' lang='lat' dir='ltr'><em>libros</em></span> <span class='ocrx_word' id='word_1_26' title='bbox 365 779 485 830; x_wconf 90' lang='lat' dir='ltr'><em>anteaa</em></span> <span class='ocrx_word' id='word_1_27' title='bbox 509 788 541 830; x_wconf 90' lang='lat' dir='ltr'><em>se</em></span> <span class='ocrx_word' id='word_1_28' title='bbox 565 772 693 850; x_wconf 89' lang='lat' dir='ltr'><em>scriptos</em></span> <span class='ocrx_word' id='word_1_29' title='bbox 717 771 746 829; x_wconf 93' lang='lat' dir='ltr'><em>in</em></span> <span class='ocrx_word' id='word_1_30' title='bbox 765 771 946 849; x_wconf 78' lang='lat' dir='ltr'>praefatione</span> <span class='ocrx_word' id='word_1_31' title='bbox 965 769 1055 831; x_wconf 76' lang='lat' dir='ltr'><em>liuius</em></span> <span class='ocrx_word' id='word_1_32' title='bbox 1078 774 1170 850; x_wconf 89' lang='lat' dir='ltr'><em>partis</em></span> <span class='ocrx_word' id='word_1_33' title='bbox 1189 791 1215 851; x_wconf 89' lang='lat' dir='ltr'><em>p.</em></span> <span class='ocrx_word' id='word_1_34' title='bbox 1235 770 1255 832; x_wconf 79' lang='lat'>2</span> <span class='ocrx_word' id='word_1_35' title='bbox 1275 769 1320 831; x_wconf 91' lang='lat' dir='ltr'><em>od.</em></span> <span class='ocrx_word' id='word_1_36' title='bbox 1346 768 1452 830; x_wconf 87' lang='lat' dir='ltr'><em>Bneclr.</em></span> 
     </span>
     <span class='ocr_line' id='line_1_5' title="bbox 154 868 1453 959; baseline 0.002 -23"><span class='ocrx_word' id='word_1_37' title='bbox 154 878 312 957; x_wconf 85' lang='lat' dir='ltr'><em>signifieat,</em></span> <span class='ocrx_word' id='word_1_38' title='bbox 333 869 396 956; x_wconf 87' lang='grc' dir='ltr'><em>πρὸ</em></span> <span class='ocrx_word' id='word_1_39' title='bbox 416 869 538 939; x_wconf 81' lang='grc' dir='ltr'><strong><em>τούτου</em></strong></span> <span class='ocrx_word' id='word_1_40' title='bbox 556 868 619 958; x_wconf 82' lang='grc' dir='ltr'><em>γὰρ</em></span> <span class='ocrx_word' id='word_1_41' title='bbox 639 871 739 939; x_wconf 76' lang='grc' dir='ltr'><strong><em>δυσὶν</em></strong></span> <span class='ocrx_word' id='word_1_42' title='bbox 757 875 901 957; x_wconf 81' lang='grc' dir='ltr'><strong><em>βιβλίοις</em></strong></span> <span class='ocrx_word' id='word_1_43' title='bbox 919 873 1113 959; x_wconf 76' lang='grc' dir='ltr'><strong><em>συνέγραψα</em></strong></span> <span class='ocrx_word' id='word_1_44' title='bbox 1131 869 1296 939; x_wconf 81' lang='grc' dir='ltr'><strong><em>πάντατὰ</em></strong></span> <span class='ocrx_word' id='word_1_45' title='bbox 1316 869 1453 957; x_wconf 80' lang='grc' dir='ltr'><strong><em>βήματα,</em></strong></span> 
     </span>
     <span class='ocr_line' id='line_1_6' title="bbox 154 974 1453 1068; baseline 0.002 -25"><span class='ocrx_word' id='word_1_46' title='bbox 154 974 378 1064; x_wconf 65' lang='lat' dir='ltr'><em>stridentibus</em></span> <span class='ocrx_word' id='word_1_47' title='bbox 406 982 446 1066; x_wconf 75' lang='grc' dir='ltr'><em>τῇ</em></span> <span class='ocrx_word' id='word_1_48' title='bbox 473 974 613 1068; x_wconf 77' lang='grc' dir='ltr'><strong><em>ἡμετέρᾳ</em></strong></span> <span class='ocrx_word' id='word_1_49' title='bbox 641 978 814 1067; x_wconf 80' lang='grc' dir='ltr'><strong><em>ἑρμηνείᾳ,</em></strong></span> <span class='ocrx_word' id='word_1_50' title='bbox 842 975 904 1046; x_wconf 80' lang='grc' dir='ltr'><em>ὅσα</em></span> <span class='ocrx_word' id='word_1_51' title='bbox 932 976 1096 1065; x_wconf 78' lang='grc' dir='ltr'><strong><em>ἀναγκαία</em></strong></span> <span class='ocrx_word' id='word_1_52' title='bbox 1123 976 1366 1066; x_wconf 78' lang='grc' dir='ltr'><em>ὑπολαμβάνω,</em></span> <span class='ocrx_word' id='word_1_53' title='bbox 1397 979 1453 1045; x_wconf 84' lang='grc' dir='ltr'><em>καὶ</em></span> 
     </span>
     <span class='ocr_line' id='line_1_7' title="bbox 155 1081 1453 1173; baseline 0.001 -20"><span class='ocrx_word' id='word_1_54' title='bbox 155 1083 240 1165; x_wconf 83' lang='grc' dir='ltr'><strong><em>ὅλως</em></strong></span> <span class='ocrx_word' id='word_1_55' title='bbox 272 1083 335 1153; x_wconf 80' lang='grc' dir='ltr'><em>ὅσα</em></span> <span class='ocrx_word' id='word_1_56' title='bbox 367 1083 490 1173; x_wconf 76' lang='grc' dir='ltr'><strong><em>ὠφελεῖ</em></strong></span> <span class='ocrx_word' id='word_1_57' title='bbox 519 1081 716 1172; x_wconf 72' lang='grc' dir='ltr'><strong><em>ἀνθρώποις</em></strong></span> <span class='ocrx_word' id='word_1_58' title='bbox 751 1093 905 1172; x_wconf 85' lang='grc' dir='ltr'><strong><em>φιληταῐς</em></strong></span> <span class='ocrx_word' id='word_1_59' title='bbox 940 1090 999 1171; x_wconf 76' lang='grc' dir='ltr'><em>τῆς</em></span> <span class='ocrx_word' id='word_1_60' title='bbox 1034 1089 1151 1166; x_wconf 81' lang='grc' dir='ltr'><strong><em>λαλιᾶς</em></strong></span> <span class='ocrx_word' id='word_1_61' title='bbox 1187 1089 1355 1173; x_wconf 75' lang='grc' dir='ltr'><strong><em>βωμαιιιῆς</em></strong></span> <span class='ocrx_word' id='word_1_62' title='bbox 1392 1083 1453 1154; x_wconf 83' lang='grc' dir='ltr'><em>οὐκ</em></span> 
     </span>
     <span class='ocr_line' id='line_1_8' title="bbox 155 1190 1453 1285; baseline 0 -24"><span class='ocrx_word' id='word_1_63' title='bbox 155 1195 310 1261; x_wconf 59' lang='lat' dir='ltr'><em>&amp;discaco</em></span> <span class='ocrx_word' id='word_1_64' title='bbox 332 1193 387 1260; x_wconf 82' lang='lat' dir='ltr'><em>aul</em></span> <span class='ocrx_word' id='word_1_65' title='bbox 411 1192 573 1285; x_wconf 77' lang='grc' dir='ltr'><strong><em>ἐντούτῳ</em></strong></span> <span class='ocrx_word' id='word_1_66' title='bbox 591 1197 637 1284; x_wconf 74' lang='lat' dir='ltr'><em>api</em></span> <span class='ocrx_word' id='word_1_67' title='bbox 656 1197 776 1284; x_wconf 78' lang='grc' dir='ltr'><strong><em>βιβλίῳ</em></strong></span> <span class='ocrx_word' id='word_1_68' title='bbox 795 1202 1012 1280; x_wconf 77' lang='grc' dir='ltr'><strong><em>προσθεῖναι,</em></strong></span> <span class='ocrx_word' id='word_1_69' title='bbox 1034 1197 1092 1261; x_wconf 76' lang='grc' dir='ltr'><strong><em>’ίνα</em></strong></span> <span class='ocrx_word' id='word_1_70' title='bbox 1112 1199 1187 1281; x_wconf 71' lang='grc' dir='ltr'><strong><em>ἔχῃς</em></strong></span> <span class='ocrx_word' id='word_1_71' title='bbox 1205 1190 1292 1260; x_wconf 81' lang='grc' dir='ltr'><strong><em>ὅπου</em></strong></span> <span class='ocrx_word' id='word_1_72' title='bbox 1311 1190 1453 1261; x_wconf 84' lang='grc' dir='ltr'><strong><em>σεαυτὸν</em></strong></span> 
     </span>
     <span class='ocr_line' id='line_1_9' title="bbox 155 1296 1454 1389; baseline -0.002 -21"><span class='ocrx_word' id='word_1_73' title='bbox 155 1299 342 1388; x_wconf 78' lang='grc' dir='ltr'><strong><em>γυμνάσᾳς,</em></strong></span> <span class='ocrx_word' id='word_1_74' title='bbox 365 1296 448 1369; x_wconf 76' lang='grc' dir='ltr'><strong><em>ἀλλὰ</em></strong></span> <span class='ocrx_word' id='word_1_75' title='bbox 471 1300 527 1367; x_wconf 85' lang='grc' dir='ltr'><strong><em>καλ</em></strong></span> <span class='ocrx_word' id='word_1_76' title='bbox 550 1297 696 1387; x_wconf 79' lang='grc' dir='ltr'><strong><em>εὐτυχῶς</em></strong></span> <span class='ocrx_word' id='word_1_77' title='bbox 718 1301 846 1380; x_wconf 79' lang='grc' dir='ltr'><strong><em>τέκνοις</em></strong></span> <span class='ocrx_word' id='word_1_78' title='bbox 869 1314 942 1380; x_wconf 82' lang='grc' dir='ltr'><strong><em>σοῖς</em></strong></span> <span class='ocrx_word' id='word_1_79' title='bbox 963 1306 1143 1389; x_wconf 77' lang='grc' dir='ltr'><strong><em>καταλίπῃς</em></strong></span> <span class='ocrx_word' id='word_1_80' title='bbox 1161 1299 1382 1387; x_wconf 85' lang='grc' dir='ltr'><strong><em>μνημόσυνον</em></strong></span> <span class='ocrx_word' id='word_1_81' title='bbox 1399 1301 1454 1367; x_wconf 81' lang='grc' dir='ltr'><em>καὶ</em></span> 
     </span>
     <span class='ocr_line' id='line_1_10' title="bbox 154 1406 1456 1495; baseline -0.002 -19"><span class='ocrx_word' id='word_1_82' title='bbox 154 1406 340 1495; x_wconf 76' lang='grc' dir='ltr'><strong><em>ὑπόδειγμα</em></strong></span> <span class='ocrx_word' id='word_1_83' title='bbox 372 1412 580 1494; x_wconf 83' lang='grc' dir='ltr'><strong><em>φιλοπονιῶν</em></strong></span> <span class='ocrx_word' id='word_1_84' title='bbox 612 1427 676 1476; x_wconf 79' lang='grc' dir='ltr'><em>σου</em></span> <span class='ocrx_word' id='word_1_85' title='bbox 708 1422 779 1476; x_wconf 81' lang='grc' dir='ltr'><strong><em>οπλα</em></strong></span> <span class='ocrx_word' id='word_1_86' title='bbox 809 1416 891 1476; x_wconf 82' lang='lat' dir='ltr'><em>bunc</em></span> <span class='ocrx_word' id='word_1_87' title='bbox 918 1419 997 1476; x_wconf 86' lang='lat' dir='ltr'><em>enim</em></span> <span class='ocrx_word' id='word_1_88' title='bbox 1025 1416 1142 1476; x_wconf 89' lang='lat' dir='ltr'><em>duobus</em></span> <span class='ocrx_word' id='word_1_89' title='bbox 1169 1416 1256 1474; x_wconf 88' lang='lat' dir='ltr'><em>libris</em></span> <span class='ocrx_word' id='word_1_90' title='bbox 1284 1417 1456 1491; x_wconf 75' lang='lat' dir='ltr'><em>conscripsi</em></span> 
     </span>
     <span class='ocr_line' id='line_1_11' title="bbox 155 1523 1454 1599; baseline -0.002 -15"><span class='ocrx_word' id='word_1_91' title='bbox 155 1527 256 1584; x_wconf 82' lang='lat' dir='ltr'><em>omnia</em></span> <span class='ocrx_word' id='word_1_92' title='bbox 275 1524 368 1584; x_wconf 87' lang='lat' dir='ltr'><em>uerba</em></span> <span class='ocrx_word' id='word_1_93' title='bbox 387 1541 466 1598; x_wconf 79' lang='lat' dir='ltr'><em>queue</em></span> <span class='ocrx_word' id='word_1_94' title='bbox 485 1526 573 1599; x_wconf 89' lang='lat' dir='ltr'><em>potui</em></span> <span class='ocrx_word' id='word_1_95' title='bbox 593 1530 698 1583; x_wconf 87' lang='lat' dir='ltr'><em>nostro</em></span> <span class='ocrx_word' id='word_1_96' title='bbox 723 1525 983 1599; x_wconf 77' lang='lat' dir='ltr'><em>interpretatione,</em></span> <span class='ocrx_word' id='word_1_97' title='bbox 1005 1541 1085 1598; x_wconf 82' lang='lat' dir='ltr'><em>quac</em></span> <span class='ocrx_word' id='word_1_98' title='bbox 1108 1524 1284 1583; x_wconf 86' lang='lat' dir='ltr'><em>necessaria</em></span> <span class='ocrx_word' id='word_1_99' title='bbox 1308 1523 1454 1596; x_wconf 88' lang='lat' dir='ltr'><em>arbitror,</em></span> 
     </span>
     <span class='ocr_line' id='line_1_12' title="bbox 156 1630 1454 1706; baseline -0.001 -16"><span class='ocrx_word' id='word_1_100' title='bbox 156 1637 184 1690; x_wconf 90' lang='lat' dir='ltr'><em>et</em></span> <span class='ocrx_word' id='word_1_101' title='bbox 216 1633 335 1690; x_wconf 84' lang='lat' dir='ltr'><em>omniuo</em></span> <span class='ocrx_word' id='word_1_102' title='bbox 367 1649 446 1704; x_wconf 76' lang='lat' dir='ltr'><em>quae</em></span> <span class='ocrx_word' id='word_1_103' title='bbox 478 1637 608 1706; x_wconf 85' lang='lat' dir='ltr'><em>prosunt</em></span> <span class='ocrx_word' id='word_1_104' title='bbox 643 1630 813 1691; x_wconf 85' lang='lat' dir='ltr'><em>bominibus</em></span> <span class='ocrx_word' id='word_1_105' title='bbox 849 1632 1035 1692; x_wconf 78' lang='lat' dir='ltr'><em>amatoribus</em></span> <span class='ocrx_word' id='word_1_106' title='bbox 1071 1634 1208 1706; x_wconf 82' lang='lat' dir='ltr'><em>toqrretae</em></span> <span class='ocrx_word' id='word_1_107' title='bbox 1244 1632 1359 1690; x_wconf 87' lang='lat' dir='ltr'><em>latinae</em></span> <span class='ocrx_word' id='word_1_108' title='bbox 1394 1648 1454 1690; x_wconf 86' lang='lat' dir='ltr'><em>rrorr</em></span> 
     </span>
     <span class='ocr_line' id='line_1_13' title="bbox 157 1738 1454 1817; baseline -0.001 -18"><span class='ocrx_word' id='word_1_109' title='bbox 157 1741 294 1800; x_wconf 84' lang='lat' dir='ltr'><em>dubitaui</em></span> <span class='ocrx_word' id='word_1_110' title='bbox 315 1745 344 1798; x_wconf 88' lang='lat' dir='ltr'><em>et</em></span> <span class='ocrx_word' id='word_1_111' title='bbox 366 1739 424 1798; x_wconf 88' lang='lat' dir='ltr'><em>boe</em></span> <span class='ocrx_word' id='word_1_112' title='bbox 446 1739 525 1798; x_wconf 85' lang='lat' dir='ltr'><em>libro</em></span> <span class='ocrx_word' id='word_1_113' title='bbox 548 1739 686 1811; x_wconf 83' lang='lat' dir='ltr'><em>adicere,</em></span> <span class='ocrx_word' id='word_1_114' title='bbox 718 1745 752 1796; x_wconf 89' lang='lat' dir='ltr'><em>ut</em></span> <span class='ocrx_word' id='word_1_115' title='bbox 774 1738 889 1797; x_wconf 78' lang='lat' dir='ltr'><em>habeas</em></span> <span class='ocrx_word' id='word_1_116' title='bbox 916 1739 970 1797; x_wconf 90' lang='lat' dir='ltr'><em>ubi</em></span> <span class='ocrx_word' id='word_1_117' title='bbox 991 1746 1020 1800; x_wconf 87' lang='lat' dir='ltr'><em>te</em></span> <span class='ocrx_word' id='word_1_118' title='bbox 1043 1742 1139 1815; x_wconf 86' lang='lat' dir='ltr'><em>ipsum</em></span> <span class='ocrx_word' id='word_1_119' title='bbox 1162 1755 1322 1817; x_wconf 77' lang='lat' dir='ltr'><em>exerceas,</em></span> <span class='ocrx_word' id='word_1_120' title='bbox 1349 1740 1404 1798; x_wconf 87' lang='lat' dir='ltr'><em>scd</em></span> <span class='ocrx_word' id='word_1_121' title='bbox 1425 1745 1454 1798; x_wconf 89' lang='lat' dir='ltr'><em>et</em></span> 
     </span>
     <span class='ocr_line' id='line_1_14' title="bbox 152 1846 1453 1932; baseline -0.003 -24"><span class='ocrx_word' id='word_1_122' title='bbox 152 1846 288 1923; x_wconf 76' lang='lat' dir='ltr'><em>feliciter</em></span> <span class='ocrx_word' id='word_1_123' title='bbox 310 1847 415 1906; x_wconf 76' lang='lat' dir='ltr'><em>tiberis</em></span> <span class='ocrx_word' id='word_1_124' title='bbox 438 1847 497 1905; x_wconf 82' lang='lat' dir='ltr'><em>treis</em></span> <span class='ocrx_word' id='word_1_125' title='bbox 520 1847 676 1919; x_wconf 81' lang='lat' dir='ltr'><em>relinquas</em></span> <span class='ocrx_word' id='word_1_126' title='bbox 698 1848 873 1906; x_wconf 86' lang='lat' dir='ltr'><em>memoriam</em></span> <span class='ocrx_word' id='word_1_127' title='bbox 892 1853 920 1906; x_wconf 87' lang='lat' dir='ltr'><em>ct</em></span> <span class='ocrx_word' id='word_1_128' title='bbox 939 1850 1107 1922; x_wconf 78' lang='lat' dir='ltr'><em>coemptum</em></span> <span class='ocrx_word' id='word_1_129' title='bbox 1124 1848 1294 1932; x_wconf 80' lang='lat' dir='ltr'><em>stadiorum</em></span> <span class='ocrx_word' id='word_1_130' title='bbox 1312 1852 1453 1905; x_wconf 91' lang='lat' dir='ltr'><em>tuarum.</em></span> 
     </span>
     <span class='ocr_line' id='line_1_15' title="bbox 156 1951 1454 2035; baseline -0.001 -22"><span class='ocrx_word' id='word_1_131' title='bbox 156 1953 228 2013; x_wconf 91' lang='lat' dir='ltr'><em>haec</em></span> <span class='ocrx_word' id='word_1_132' title='bbox 252 1954 330 2013; x_wconf 92' lang='lat' dir='ltr'><em>enim</em></span> <span class='ocrx_word' id='word_1_133' title='bbox 354 1954 394 2012; x_wconf 90' lang='lat' dir='ltr'><em>ita</em></span> <span class='ocrx_word' id='word_1_134' title='bbox 417 1954 629 2031; x_wconf 90' lang='lat' dir='ltr'><em>interpretatus</em></span> <span class='ocrx_word' id='word_1_135' title='bbox 653 1960 712 2032; x_wconf 88' lang='lat' dir='ltr'><em>est,</em></span> <span class='ocrx_word' id='word_1_136' title='bbox 735 1960 769 2013; x_wconf 91' lang='lat' dir='ltr'><em>ut</em></span> <span class='ocrx_word' id='word_1_137' title='bbox 786 1954 914 2033; x_wconf 90' lang='lat' dir='ltr'><em>primum</em></span> <span class='ocrx_word' id='word_1_138' title='bbox 933 1951 1041 2013; x_wconf 91' lang='lat' dir='ltr'><em>librum</em></span> <span class='ocrx_word' id='word_1_139' title='bbox 1060 1952 1095 2013; x_wconf 91' lang='lat' dir='ltr'><em>ad</em></span> <span class='ocrx_word' id='word_1_140' title='bbox 1115 1959 1208 2013; x_wconf 89' lang='lat' dir='ltr'><em>artem</em></span> <span class='ocrx_word' id='word_1_141' title='bbox 1227 1955 1454 2035; x_wconf 88' lang='lat' dir='ltr'><em>grammaticam,</em></span> 
     </span>
     <span class='ocr_line' id='line_1_16' title="bbox 156 2058 1454 2140; baseline -0.001 -19"><span class='ocrx_word' id='word_1_142' title='bbox 156 2059 320 2121; x_wconf 89' lang='lat' dir='ltr'><em>secundum</em></span> <span class='ocrx_word' id='word_1_143' title='bbox 348 2059 383 2119; x_wconf 89' lang='lat' dir='ltr'><em>ad</em></span> <span class='ocrx_word' id='word_1_144' title='bbox 412 2058 595 2121; x_wconf 82' lang='lat' dir='ltr'><em>elocutiones</em></span> <span class='ocrx_word' id='word_1_145' title='bbox 623 2067 653 2120; x_wconf 91' lang='lat' dir='ltr'><em>et</em></span> <span class='ocrx_word' id='word_1_146' title='bbox 680 2059 792 2139; x_wconf 82' lang='lat' dir='ltr'><em>glossas</em></span> <span class='ocrx_word' id='word_1_147' title='bbox 820 2068 887 2139; x_wconf 91' lang='lat' dir='ltr'><em>pust</em></span> <span class='ocrx_word' id='word_1_148' title='bbox 917 2068 1012 2120; x_wconf 90' lang='lat' dir='ltr'><em>artem</em></span> <span class='ocrx_word' id='word_1_149' title='bbox 1040 2061 1165 2138; x_wconf 88' lang='lat' dir='ltr'><em>scriptas</em></span> <span class='ocrx_word' id='word_1_150' title='bbox 1193 2060 1333 2140; x_wconf 81' lang='lat' dir='ltr'><em>referret,</em></span> <span class='ocrx_word' id='word_1_151' title='bbox 1367 2061 1454 2120; x_wconf 86' lang='lat' dir='ltr'><em>tertio</em></span> 
     </span>
     <span class='ocr_line' id='line_1_17' title="bbox 156 2165 1454 2246; baseline -0.002 -17"><span class='ocrx_word' id='word_1_152' title='bbox 156 2177 254 2229; x_wconf 89' lang='lat' dir='ltr'><em>autem</em></span> <span class='ocrx_word' id='word_1_153' title='bbox 278 2165 354 2227; x_wconf 88' lang='lat' dir='ltr'><em>libro</em></span> <span class='ocrx_word' id='word_1_154' title='bbox 377 2185 393 2227; x_wconf 91' lang='lat' dir='ltr'><em>a</em></span> <span class='ocrx_word' id='word_1_155' title='bbox 417 2169 557 2246; x_wconf 87' lang='lat' dir='ltr'><em>magistro</em></span> <span class='ocrx_word' id='word_1_156' title='bbox 581 2185 614 2228; x_wconf 90' lang='lat' dir='ltr'><em>ea</em></span> <span class='ocrx_word' id='word_1_157' title='bbox 639 2184 713 2246; x_wconf 90' lang='lat' dir='ltr'><em>quae</em></span> <span class='ocrx_word' id='word_1_158' title='bbox 737 2167 773 2227; x_wconf 91' lang='lat' dir='ltr'><em>ad</em></span> <span class='ocrx_word' id='word_1_159' title='bbox 796 2165 978 2227; x_wconf 87' lang='lat' dir='ltr'><em>exercendus</em></span> <span class='ocrx_word' id='word_1_160' title='bbox 1001 2165 1162 2246; x_wconf 88' lang='lat' dir='ltr'><em>discipulus</em></span> <span class='ocrx_word' id='word_1_161' title='bbox 1191 2185 1226 2226; x_wconf 88' lang='lat' dir='ltr'><em>ex</em></span> <span class='ocrx_word' id='word_1_162' title='bbox 1254 2167 1343 2226; x_wconf 83' lang='lat' dir='ltr'><em>variis</em></span> <span class='ocrx_word' id='word_1_163' title='bbox 1371 2165 1454 2227; x_wconf 88' lang='lat' dir='ltr'><em>libris</em></span> 
     </span>
     <span class='ocr_line' id='line_1_18' title="bbox 156 2269 1454 2357; baseline -0.002 -20"><span class='ocrx_word' id='word_1_164' title='bbox 156 2278 246 2356; x_wconf 90' lang='lat' dir='ltr'><em>petita</em></span> <span class='ocrx_word' id='word_1_165' title='bbox 262 2292 330 2336; x_wconf 89' lang='lat' dir='ltr'><em>cum</em></span> <span class='ocrx_word' id='word_1_166' title='bbox 349 2293 453 2354; x_wconf 83' lang='lat' dir='ltr'><em>graeca</em></span> <span class='ocrx_word' id='word_1_167' title='bbox 472 2276 716 2355; x_wconf 84' lang='lat' dir='ltr'><em>interpretatione</em></span> <span class='ocrx_word' id='word_1_168' title='bbox 731 2275 901 2353; x_wconf 86' lang='lat' dir='ltr'><em>scripsisset</em></span> <span class='ocrx_word' id='word_1_169' title='bbox 914 2274 1127 2354; x_wconf 84' lang='lat' dir='ltr'><em>comprehensa</em></span> <span class='ocrx_word' id='word_1_170' title='bbox 1142 2292 1208 2334; x_wconf 93' lang='lat' dir='ltr'><em>esse</em></span> <span class='ocrx_word' id='word_1_171' title='bbox 1227 2269 1454 2357; x_wconf 81' lang='lat' dir='ltr'><em>existimaret.*)</em></span> 
     </span>
     <span class='ocr_line' id='line_1_19' title="bbox 157 2379 1454 2462; baseline 0 -20"><span class='ocrx_word' id='word_1_172' title='bbox 157 2389 258 2462; x_wconf 89' lang='lat' dir='ltr'><em>postea</em></span> <span class='ocrx_word' id='word_1_173' title='bbox 281 2380 404 2462; x_wconf 80' lang='lat' dir='ltr'><em>glossae,</em></span> <span class='ocrx_word' id='word_1_174' title='bbox 427 2383 590 2442; x_wconf 89' lang='lat' dir='ltr'><em>sententiae</em></span> <span class='ocrx_word' id='word_1_175' title='bbox 614 2388 645 2441; x_wconf 91' lang='lat' dir='ltr'><em>et</em></span> <span class='ocrx_word' id='word_1_176' title='bbox 667 2379 809 2461; x_wconf 89' lang='lat' dir='ltr'><em>epistulae</em></span> <span class='ocrx_word' id='word_1_177' title='bbox 834 2379 982 2456; x_wconf 85' lang='lat' dir='ltr'><em>Hadriani,</em></span> <span class='ocrx_word' id='word_1_178' title='bbox 1005 2379 1119 2442; x_wconf 90' lang='lat' dir='ltr'><em>fabulae</em></span> <span class='ocrx_word' id='word_1_179' title='bbox 1143 2381 1300 2462; x_wconf 73' lang='lat' dir='ltr'><em>Aesopias,</em></span> <span class='ocrx_word' id='word_1_180' title='bbox 1322 2401 1397 2461; x_wconf 82' lang='lat' dir='ltr'><em>qrrae</em></span> <span class='ocrx_word' id='word_1_181' title='bbox 1424 2383 1454 2442; x_wconf 91' lang='lat' dir='ltr'><em>in</em></span> 
     </span>
     <span class='ocr_line' id='line_1_20' title="bbox 157 2487 1454 2569; baseline -0.002 -20"><span class='ocrx_word' id='word_1_182' title='bbox 157 2487 339 2568; x_wconf 84' lang='lat' dir='ltr'><em>Sangallensi</em></span> <span class='ocrx_word' id='word_1_183' title='bbox 376 2487 477 2549; x_wconf 87' lang='lat' dir='ltr'><em>codice</em></span> <span class='ocrx_word' id='word_1_184' title='bbox 513 2487 667 2569; x_wconf 88' lang='lat' dir='ltr'><em>leguntur,</em></span> <span class='ocrx_word' id='word_1_185' title='bbox 708 2487 904 2567; x_wconf 82' lang='lat' dir='ltr'><em>fragmentum</em></span> <span class='ocrx_word' id='word_1_186' title='bbox 946 2487 983 2548; x_wconf 91' lang='lat' dir='ltr'><em>de</em></span> <span class='ocrx_word' id='word_1_187' title='bbox 1020 2487 1300 2549; x_wconf 83' lang='lat' dir='ltr'><em>manumissionibus</em></span> <span class='ocrx_word' id='word_1_188' title='bbox 1337 2487 1408 2548; x_wconf 92' lang='lat' dir='ltr'><em>olim</em></span> <span class='ocrx_word' id='word_1_189' title='bbox 1438 2508 1454 2547; x_wconf 90' lang='lat' dir='ltr'><em>a</em></span> 
     </span>
     <span class='ocr_line' id='line_1_21' title="bbox 156 2593 1454 2674; baseline -0.002 -18"><span class='ocrx_word' id='word_1_190' title='bbox 156 2595 279 2656; x_wconf 88' lang='lat' dir='ltr'><em>Pithoeo</em></span> <span class='ocrx_word' id='word_1_191' title='bbox 308 2594 419 2655; x_wconf 89' lang='lat' dir='ltr'><em>editum</em></span> <span class='ocrx_word' id='word_1_192' title='bbox 452 2603 482 2655; x_wconf 90' lang='lat' dir='ltr'><em>et</em></span> <span class='ocrx_word' id='word_1_193' title='bbox 513 2604 667 2674; x_wconf 90' lang='lat' dir='ltr'><em>praeterea</em></span> <span class='ocrx_word' id='word_1_194' title='bbox 695 2593 749 2654; x_wconf 92' lang='lat' dir='ltr'><em>alia</em></span> <span class='ocrx_word' id='word_1_195' title='bbox 777 2593 929 2674; x_wconf 91' lang='lat' dir='ltr'><em>complura</em></span> <span class='ocrx_word' id='word_1_196' title='bbox 957 2597 1028 2656; x_wconf 86' lang='lat' dir='ltr'><em>varii</em></span> <span class='ocrx_word' id='word_1_197' title='bbox 1057 2596 1223 2674; x_wconf 86' lang='lat' dir='ltr'><em>argumenti</em></span> <span class='ocrx_word' id='word_1_198' title='bbox 1251 2597 1323 2656; x_wconf 89' lang='lat' dir='ltr'><em>item</em></span> <span class='ocrx_word' id='word_1_199' title='bbox 1350 2613 1454 2674; x_wconf 89' lang='lat' dir='ltr'><em>graece</em></span> 
     </span>
     <span class='ocr_line' id='line_1_22' title="bbox 160 2700 1455 2783; baseline -0.002 -20"><span class='ocrx_word' id='word_1_200' title='bbox 160 2712 190 2764; x_wconf 91' lang='lat' dir='ltr'><em>et</em></span> <span class='ocrx_word' id='word_1_201' title='bbox 213 2703 301 2763; x_wconf 86' lang='lat' dir='ltr'><em>latine</em></span> <span class='ocrx_word' id='word_1_202' title='bbox 326 2704 450 2783; x_wconf 88' lang='lat' dir='ltr'><em>scripta,</em></span> <span class='ocrx_word' id='word_1_203' title='bbox 474 2700 579 2782; x_wconf 83' lang='lat' dir='ltr'><em>Hygini</em></span> <span class='ocrx_word' id='word_1_204' title='bbox 602 2700 784 2782; x_wconf 87' lang='lat' dir='ltr'><em>genealogia,</em></span> <span class='ocrx_word' id='word_1_205' title='bbox 810 2703 940 2761; x_wconf 86' lang='lat' dir='ltr'><em>narratio</em></span> <span class='ocrx_word' id='word_1_206' title='bbox 968 2701 1004 2762; x_wconf 92' lang='lat' dir='ltr'><em>de</em></span> <span class='ocrx_word' id='word_1_207' title='bbox 1033 2701 1109 2762; x_wconf 91' lang='lat' dir='ltr'><em>bello</em></span> <span class='ocrx_word' id='word_1_208' title='bbox 1136 2702 1278 2783; x_wconf 81' lang='lat' dir='ltr'><em>Troiano,</em></span> <span class='ocrx_word' id='word_1_209' title='bbox 1311 2701 1455 2762; x_wconf 88' lang='lat' dir='ltr'><em>cotidiana</em></span> 
     </span>
     <span class='ocr_line' id='line_1_23' title="bbox 157 2807 1456 2891; baseline -0.002 -20"><span class='ocrx_word' id='word_1_210' title='bbox 157 2812 355 2891; x_wconf 84' lang='lat' dir='ltr'><em>conversatio,</em></span> <span class='ocrx_word' id='word_1_211' title='bbox 384 2812 413 2870; x_wconf 93' lang='lat' dir='ltr'><em>iu</em></span> <span class='ocrx_word' id='word_1_212' title='bbox 442 2809 544 2870; x_wconf 90' lang='lat' dir='ltr'><em>codice</em></span> <span class='ocrx_word' id='word_1_213' title='bbox 567 2808 718 2890; x_wconf 88' lang='lat' dir='ltr'><em>Leidensi,</em></span> <span class='ocrx_word' id='word_1_214' title='bbox 750 2809 800 2887; x_wconf 90' lang='lat' dir='ltr'><em>qui</em></span> <span class='ocrx_word' id='word_1_215' title='bbox 829 2818 875 2870; x_wconf 86' lang='lat' dir='ltr'><em>est</em></span> <span class='ocrx_word' id='word_1_216' title='bbox 902 2810 980 2869; x_wconf 90' lang='lat' dir='ltr'><em>inter</em></span> <span class='ocrx_word' id='word_1_217' title='bbox 1008 2808 1125 2869; x_wconf 89' lang='lat' dir='ltr'><em>codices</em></span> <span class='ocrx_word' id='word_1_218' title='bbox 1148 2807 1305 2869; x_wconf 86' lang='lat' dir='ltr'><em>Vossianus</em></span> <span class='ocrx_word' id='word_1_219' title='bbox 1333 2827 1456 2888; x_wconf 88' lang='lat' dir='ltr'><em>graecos</em></span> 
     </span>
     <span class='ocr_line' id='line_1_24' title="bbox 158 2914 1453 2998; baseline -0.001 -20"><span class='ocrx_word' id='word_1_220' title='bbox 158 2920 267 2979; x_wconf 90' lang='lat' dir='ltr'><em>formae</em></span> <span class='ocrx_word' id='word_1_221' title='bbox 292 2917 451 2998; x_wconf 90' lang='lat' dir='ltr'><em>quadratae</em></span> <span class='ocrx_word' id='word_1_222' title='bbox 475 2936 502 2978; x_wconf 95' lang='lat' dir='ltr'><em>n.</em></span> <span class='ocrx_word' id='word_1_223' title='bbox 528 2914 561 2996; x_wconf 79' lang='lat' dir='ltr'><em>i,</em></span> <span class='ocrx_word' id='word_1_224' title='bbox 583 2918 701 2976; x_wconf 86' lang='lat' dir='ltr'><em>inventa</em></span> <span class='ocrx_word' id='word_1_225' title='bbox 724 2922 794 2975; x_wconf 80' lang='lat' dir='ltr'><em>suunt</em></span> <span class='ocrx_word' id='word_1_226' title='bbox 809 2963 816 2976; x_wconf 92' lang='lat'>.</span> <span class='ocrx_word' id='word_1_227' title='bbox 831 2933 919 2994; x_wconf 89' lang='lat' dir='ltr'><em>qoem</em></span> <span class='ocrx_word' id='word_1_228' title='bbox 943 2916 1076 2977; x_wconf 85' lang='lat' dir='ltr'><em>codicem</em></span> <span class='ocrx_word' id='word_1_229' title='bbox 1099 2915 1308 2977; x_wconf 84' lang='lat' dir='ltr'><em>Valckenarius</em></span> <span class='ocrx_word' id='word_1_230' title='bbox 1331 2916 1453 2977; x_wconf 87' lang='lat' dir='ltr'><em>miscell.</em></span> 
     </span>
     <span class='ocr_line' id='line_1_25' title="bbox 157 3015 1455 3107; baseline -0.001 -22"><span class='ocrx_word' id='word_1_231' title='bbox 157 3025 271 3086; x_wconf 88' lang='lat' dir='ltr'><em>observ.</em></span> <span class='ocrx_word' id='word_1_232' title='bbox 296 3027 360 3085; x_wconf 90' lang='lat' dir='ltr'><em>crit.</em></span> <span class='ocrx_word' id='word_1_233' title='bbox 384 3044 409 3084; x_wconf 94' lang='lat' dir='ltr'><em>v.</em></span> <span class='ocrx_word' id='word_1_234' title='bbox 433 3023 458 3083; x_wconf 83' lang='lat' dir='ltr'>X</span> <span class='ocrx_word' id='word_1_235' title='bbox 482 3018 521 3106; x_wconf 82' lang='lat' dir='ltr'><em>(a.</em></span> <span class='ocrx_word' id='word_1_236' title='bbox 547 3015 648 3107; x_wconf 74' lang='lat'>1739)</span> <span class='ocrx_word' id='word_1_237' title='bbox 671 3042 698 3103; x_wconf 89' lang='lat' dir='ltr'><em>p.</em></span> <span class='ocrx_word' id='word_1_238' title='bbox 724 3019 787 3084; x_wconf 82' lang='lat'><em>108</em></span> <span class='ocrx_word' id='word_1_239' title='bbox 811 3024 978 3084; x_wconf 85' lang='lat' dir='ltr'><em>accuratius</em></span> <span class='ocrx_word' id='word_1_240' title='bbox 1005 3023 1175 3105; x_wconf 88' lang='lat' dir='ltr'><em>descripsit,</em></span> <span class='ocrx_word' id='word_1_241' title='bbox 1203 3033 1360 3103; x_wconf 87' lang='lat' dir='ltr'><em>postquam</em></span> <span class='ocrx_word' id='word_1_242' title='bbox 1387 3031 1455 3084; x_wconf 89' lang='lat' dir='ltr'><em>ante</em></span> 
     </span>
     <span class='ocr_line' id='line_1_26' title="bbox 157 3122 1454 3214; baseline -0.002 -21"><span class='ocrx_word' id='word_1_243' title='bbox 157 3151 224 3193; x_wconf 85' lang='grc' dir='ltr'><strong><em>ιιιιιι</em></strong></span> <span class='ocrx_word' id='word_1_244' title='bbox 257 3131 307 3192; x_wconf 92' lang='lat' dir='ltr'><em>alii</em></span> <span class='ocrx_word' id='word_1_245' title='bbox 338 3132 442 3193; x_wconf 88' lang='lat' dir='ltr'><em>eodem</em></span> <span class='ocrx_word' id='word_1_246' title='bbox 479 3132 580 3194; x_wconf 88' lang='lat' dir='ltr'><em>codice</em></span> <span class='ocrx_word' id='word_1_247' title='bbox 613 3133 661 3192; x_wconf 91' lang='lat' dir='ltr'><em>usi</em></span> <span class='ocrx_word' id='word_1_248' title='bbox 697 3122 838 3214; x_wconf 80' lang='lat' dir='ltr'><em>sunt**)</em></span> <span class='ocrx_word' id='word_1_249' title='bbox 893 3129 1100 3192; x_wconf 85' lang='lat' dir='ltr'><em>Valckenarius</em></span> <span class='ocrx_word' id='word_1_250' title='bbox 1132 3139 1244 3206; x_wconf 88' lang='lat' dir='ltr'><em>antem,</em></span> <span class='ocrx_word' id='word_1_251' title='bbox 1277 3149 1454 3210; x_wconf 89' lang='lat' dir='ltr'><em>quamquam</em></span> 
     </span>
    </p>
   </div>
   <div class='ocr_carea' id='block_1_3' title="bbox 156 3329 1457 4929">
    <p class='ocr_par' dir='ltr' id='par_1_3' title="bbox 156 3329 1455 3884">
     <span class='ocr_line' id='line_1_27' title="bbox 227 3329 1455 3407; baseline -0.002 -19"><span class='ocrx_word' id='word_1_252' title='bbox 227 3333 252 3402; x_wconf 62' lang='grc' dir='ltr'>ἢ</span> <span class='ocrx_word' id='word_1_253' title='bbox 271 3333 400 3388; x_wconf 86' lang='lat' dir='ltr'><em>Goldasti</em></span> <span class='ocrx_word' id='word_1_254' title='bbox 418 3331 561 3407; x_wconf 72' lang='lat' dir='ltr'><em>adnotatio</em></span> <span class='ocrx_word' id='word_1_255' title='bbox 580 3330 616 3384; x_wconf 88' lang='lat' dir='ltr'><em>ad</em></span> <span class='ocrx_word' id='word_1_256' title='bbox 635 3329 721 3384; x_wconf 84' lang='lat' dir='ltr'><em>rerba</em></span> <span class='ocrx_word' id='word_1_257' title='bbox 737 3329 915 3399; x_wconf 79' lang='lat' dir='ltr'><em>grammatici</em></span> <span class='ocrx_word' id='word_1_258' title='bbox 931 3347 1016 3399; x_wconf 85' lang='lat' dir='ltr'><em>supra</em></span> <span class='ocrx_word' id='word_1_259' title='bbox 1033 3331 1139 3403; x_wconf 88' lang='lat' dir='ltr'><em>scripta</em></span> <span class='ocrx_word' id='word_1_260' title='bbox 1157 3333 1200 3386; x_wconf 89' lang='lat' dir='ltr'><em>est</em></span> <span class='ocrx_word' id='word_1_261' title='bbox 1218 3332 1300 3398; x_wconf 87' lang='lat' dir='ltr'><em>haec,</em></span> <span class='ocrx_word' id='word_1_262' title='bbox 1321 3331 1406 3384; x_wconf 83' lang='lat' dir='ltr'><em>‘Nam</em></span> <span class='ocrx_word' id='word_1_263' title='bbox 1421 3331 1455 3385; x_wconf 91' lang='lat' dir='ltr'><em>de</em></span> 
     </span>
     <span class='ocr_line' id='line_1_28' title="bbox 157 3409 1455 3482; baseline -0.003 -14"><span class='ocrx_word' id='word_1_264' title='bbox 157 3415 217 3468; x_wconf 88' lang='lat' dir='ltr'><em>tota</em></span> <span class='ocrx_word' id='word_1_265' title='bbox 240 3431 269 3468; x_wconf 91' lang='lat' dir='ltr'><em>re</em></span> <span class='ocrx_word' id='word_1_266' title='bbox 293 3412 483 3468; x_wconf 76' lang='lat' dir='ltr'><em>Grammatico</em></span> <span class='ocrx_word' id='word_1_267' title='bbox 506 3413 562 3466; x_wconf 86' lang='lat' dir='ltr'><em>tres</em></span> <span class='ocrx_word' id='word_1_268' title='bbox 584 3411 671 3466; x_wconf 88' lang='lat' dir='ltr'><em>libros</em></span> <span class='ocrx_word' id='word_1_269' title='bbox 694 3409 859 3480; x_wconf 68' lang='lat' dir='ltr'><em>consumpsit</em></span> <span class='ocrx_word' id='word_1_270' title='bbox 880 3410 1030 3466; x_wconf 80' lang='lat' dir='ltr'><em>admodum</em></span> <span class='ocrx_word' id='word_1_271' title='bbox 1054 3412 1219 3482; x_wconf 87' lang='lat' dir='ltr'><em>conquisita.</em></span> <span class='ocrx_word' id='word_1_272' title='bbox 1260 3411 1355 3465; x_wconf 91' lang='lat' dir='ltr'><em>Primo</em></span> <span class='ocrx_word' id='word_1_273' title='bbox 1384 3411 1455 3465; x_wconf 89' lang='lat' dir='ltr'><em>libro</em></span> 
     </span>
     <span class='ocr_line' id='line_1_29' title="bbox 157 3489 1454 3563; baseline -0.002 -15"><span class='ocrx_word' id='word_1_274' title='bbox 157 3494 307 3563; x_wconf 85' lang='lat' dir='ltr'><em>proletaria</em></span> <span class='ocrx_word' id='word_1_275' title='bbox 330 3491 489 3561; x_wconf 86' lang='lat' dir='ltr'><em>exsequitur</em></span> <span class='ocrx_word' id='word_1_276' title='bbox 511 3492 541 3545; x_wconf 92' lang='lat' dir='ltr'><em>et</em></span> <span class='ocrx_word' id='word_1_277' title='bbox 561 3491 675 3560; x_wconf 82' lang='lat' dir='ltr'><em>passiva</em></span> <span class='ocrx_word' id='word_1_278' title='bbox 696 3490 804 3558; x_wconf 83' lang='lat' dir='ltr'><em>illude</em></span> <span class='ocrx_word' id='word_1_279' title='bbox 827 3493 890 3545; x_wconf 87' lang='lat' dir='ltr'><em>octo</em></span> <span class='ocrx_word' id='word_1_280' title='bbox 913 3489 1046 3546; x_wconf 88' lang='lat' dir='ltr'><em>orationis</em></span> <span class='ocrx_word' id='word_1_281' title='bbox 1068 3491 1195 3562; x_wconf 87' lang='lat' dir='ltr'><em>partibus</em></span> <span class='ocrx_word' id='word_1_282' title='bbox 1218 3493 1369 3562; x_wconf 84' lang='lat' dir='ltr'><em>praecepta</em></span> <span class='ocrx_word' id='word_1_283' title='bbox 1392 3508 1454 3545; x_wconf 88' lang='lat' dir='ltr'><em>cum</em></span> 
     </span>
     <span class='ocr_line' id='line_1_30' title="bbox 156 3568 1455 3640; baseline -0.003 -11"><span class='ocrx_word' id='word_1_284' title='bbox 156 3573 294 3629; x_wconf 88' lang='lat' dir='ltr'><em>industria</em></span> <span class='ocrx_word' id='word_1_285' title='bbox 318 3617 323 3628; x_wconf 95' lang='lat'><em>.</em></span> <span class='ocrx_word' id='word_1_286' title='bbox 348 3572 445 3626; x_wconf 85' lang='lat' dir='ltr'><em>Altero</em></span> <span class='ocrx_word' id='word_1_287' title='bbox 473 3569 641 3640; x_wconf 85' lang='lat' dir='ltr'><em>simplicium</em></span> <span class='ocrx_word' id='word_1_288' title='bbox 671 3571 869 3626; x_wconf 82' lang='lat' dir='ltr'><em>vocabulorum</em></span> <span class='ocrx_word' id='word_1_289' title='bbox 897 3569 1097 3640; x_wconf 83' lang='lat' dir='ltr'><em>significantias</em></span> <span class='ocrx_word' id='word_1_290' title='bbox 1129 3572 1228 3640; x_wconf 67' lang='lat' dir='ltr'><em>uadit,</em></span> <span class='ocrx_word' id='word_1_291' title='bbox 1260 3571 1289 3624; x_wconf 91' lang='lat' dir='ltr'><em>in</em></span> <span class='ocrx_word' id='word_1_292' title='bbox 1320 3568 1355 3625; x_wconf 90' lang='lat' dir='ltr'><em>iis</em></span> <span class='ocrx_word' id='word_1_293' title='bbox 1386 3588 1455 3639; x_wconf 88' lang='lat' dir='ltr'><em>quas</em></span> 
     </span>
     <span class='ocr_line' id='line_1_31' title="bbox 156 3651 1455 3720; baseline -0.002 -12"><span class='ocrx_word' id='word_1_294' title='bbox 156 3653 400 3719; x_wconf 85' lang='lat' dir='ltr'><em>Nomenclaturas,</em></span> <span class='ocrx_word' id='word_1_295' title='bbox 430 3653 458 3705; x_wconf 87' lang='lat' dir='ltr'><em>et</em></span> <span class='ocrx_word' id='word_1_296' title='bbox 485 3651 571 3706; x_wconf 90' lang='lat' dir='ltr'><em>iniis</em></span> <span class='ocrx_word' id='word_1_297' title='bbox 594 3669 663 3720; x_wconf 89' lang='lat' dir='ltr'><em>quas</em></span> <span class='ocrx_word' id='word_1_298' title='bbox 687 3651 799 3707; x_wconf 83' lang='lat' dir='ltr'><em>Glossas</em></span> <span class='ocrx_word' id='word_1_299' title='bbox 827 3667 958 3707; x_wconf 84' lang='lat' dir='ltr'><em>vocamus</em></span> <span class='ocrx_word' id='word_1_300' title='bbox 980 3651 1039 3707; x_wconf 84' lang='lat' dir='ltr'><em>sive</em></span> <span class='ocrx_word' id='word_1_301' title='bbox 1063 3652 1164 3708; x_wconf 84' lang='lat' dir='ltr'><em>Lexica</em></span> <span class='ocrx_word' id='word_1_302' title='bbox 1187 3696 1193 3708; x_wconf 93' lang='lat'>.</span> <span class='ocrx_word' id='word_1_303' title='bbox 1218 3652 1376 3706; x_wconf 83' lang='lat' dir='ltr'><em>Postremus</em></span> <span class='ocrx_word' id='word_1_304' title='bbox 1404 3651 1455 3705; x_wconf 85' lang='lat' dir='ltr'><em>has</em></span> 
     </span>
     <span class='ocr_line' id='line_1_32' title="bbox 157 3729 1453 3804; baseline -0.002 -15"><span class='ocrx_word' id='word_1_305' title='bbox 157 3735 281 3790; x_wconf 89' lang='lat' dir='ltr'><em>continet</em></span> <span class='ocrx_word' id='word_1_306' title='bbox 294 3733 327 3787; x_wconf 90' lang='lat' dir='ltr'><em>D.</em></span> <span class='ocrx_word' id='word_1_307' title='bbox 342 3733 457 3787; x_wconf 83' lang='lat' dir='ltr'><em>Adriani</em></span> <span class='ocrx_word' id='word_1_308' title='bbox 475 3734 654 3804; x_wconf 86' lang='lat' dir='ltr'><em>Imperatoris</em></span> <span class='ocrx_word' id='word_1_309' title='bbox 674 3729 831 3789; x_wconf 79' lang='lat' dir='ltr'><em>Sententiae</em></span> <span class='ocrx_word' id='word_1_310' title='bbox 851 3735 880 3787; x_wconf 88' lang='lat' dir='ltr'><em>et</em></span> <span class='ocrx_word' id='word_1_311' title='bbox 898 3730 1051 3802; x_wconf 81' lang='lat' dir='ltr'><em>Epistulas,</em></span> <span class='ocrx_word' id='word_1_312' title='bbox 1069 3749 1133 3787; x_wconf 88' lang='lat' dir='ltr'><em>cnm</em></span> <span class='ocrx_word' id='word_1_313' title='bbox 1151 3733 1215 3788; x_wconf 87' lang='lat' dir='ltr'><em>aliis</em></span> <span class='ocrx_word' id='word_1_314' title='bbox 1233 3733 1351 3788; x_wconf 88' lang='lat' dir='ltr'><em>aliorum</em></span> <span class='ocrx_word' id='word_1_315' title='bbox 1371 3731 1453 3787; x_wconf 87' lang='lat' dir='ltr'><em>dictis</em></span> 
     </span>
     <span class='ocr_line' id='line_1_33' title="bbox 157 3811 1310 3884; baseline -0.002 -15"><span class='ocrx_word' id='word_1_316' title='bbox 157 3817 186 3869; x_wconf 87' lang='lat' dir='ltr'><em>et</em></span> <span class='ocrx_word' id='word_1_317' title='bbox 204 3813 328 3883; x_wconf 88' lang='lat' dir='ltr'><em>seriptis,</em></span> <span class='ocrx_word' id='word_1_318' title='bbox 348 3831 419 3882; x_wconf 89' lang='lat' dir='ltr'><em>quae</em></span> <span class='ocrx_word' id='word_1_319' title='bbox 439 3813 533 3868; x_wconf 85' lang='lat' dir='ltr'><em>nescio</em></span> <span class='ocrx_word' id='word_1_320' title='bbox 552 3830 670 3882; x_wconf 87' lang='lat' dir='ltr'><em>qnorum</em></span> <span class='ocrx_word' id='word_1_321' title='bbox 688 3811 795 3866; x_wconf 88' lang='lat' dir='ltr'><em>desidie</em></span> <span class='ocrx_word' id='word_1_322' title='bbox 812 3827 848 3866; x_wconf 89' lang='lat' dir='ltr'><em>an</em></span> <span class='ocrx_word' id='word_1_323' title='bbox 867 3811 968 3868; x_wconf 84' lang='lat' dir='ltr'><em>iniuria</em></span> <span class='ocrx_word' id='word_1_324' title='bbox 985 3815 1115 3868; x_wconf 73' lang='lat' dir='ltr'><em>amcam</em></span> <span class='ocrx_word' id='word_1_325' title='bbox 1133 3814 1310 3884; x_wconf 85' lang='lat' dir='ltr'><em>peritarunt’.</em></span> 
     </span>
    </p>

    <p class='ocr_par' dir='ltr' id='par_1_4' title="bbox 156 3891 1457 4929">
     <span class='ocr_line' id='line_1_34' title="bbox 214 3891 1455 3964; baseline -0.001 -16"><span class='ocrx_word' id='word_1_326' title='bbox 214 3896 256 3962; x_wconf 81' lang='lat'><em>**)</em></span> <span class='ocrx_word' id='word_1_327' title='bbox 284 3896 315 3948; x_wconf 93' lang='lat' dir='ltr'><em>ln</em></span> <span class='ocrx_word' id='word_1_328' title='bbox 347 3893 477 3963; x_wconf 84' lang='lat' dir='ltr'><em>catalogo</em></span> <span class='ocrx_word' id='word_1_329' title='bbox 504 3892 691 3948; x_wconf 89' lang='lat' dir='ltr'><em>bibliothecae</em></span> <span class='ocrx_word' id='word_1_330' title='bbox 722 3891 851 3962; x_wconf 90' lang='lat' dir='ltr'><em>publicae</em></span> <span class='ocrx_word' id='word_1_331' title='bbox 880 3891 1170 3962; x_wconf 76' lang='lat' dir='ltr'><em>bugiano-Batavos</em></span> <span class='ocrx_word' id='word_1_332' title='bbox 1202 3909 1227 3949; x_wconf 90' lang='lat' dir='ltr'><em>a.</em></span> <span class='ocrx_word' id='word_1_333' title='bbox 1254 3900 1320 3950; x_wconf 76' lang='lat'>1⁷16</span> <span class='ocrx_word' id='word_1_334' title='bbox 1352 3913 1379 3964; x_wconf 90' lang='lat' dir='ltr'><em>p.</em></span> <span class='ocrx_word' id='word_1_335' title='bbox 1403 3898 1455 3948; x_wconf 80' lang='grc'><em>395</em></span> 
     </span>
     <span class='ocr_line' id='line_1_35' title="bbox 157 3971 1455 4042; baseline -0.003 -13"><span class='ocrx_word' id='word_1_336' title='bbox 157 3975 243 4030; x_wconf 83' lang='lat' dir='ltr'><em>codex</em></span> <span class='ocrx_word' id='word_1_337' title='bbox 261 3973 411 4029; x_wconf 79' lang='lat' dir='ltr'><em>Vossianus</em></span> <span class='ocrx_word' id='word_1_338' title='bbox 434 3974 572 4029; x_wconf 86' lang='lat' dir='ltr'><em>indicatus</em></span> <span class='ocrx_word' id='word_1_339' title='bbox 594 3975 637 4028; x_wconf 89' lang='lat' dir='ltr'><em>est</em></span> <span class='ocrx_word' id='word_1_340' title='bbox 659 3971 712 4040; x_wconf 86' lang='lat' dir='ltr'><em>ita,</em></span> <span class='ocrx_word' id='word_1_341' title='bbox 742 3971 875 4028; x_wconf 79' lang='lat' dir='ltr'><em>‘Glossae</em></span> <span class='ocrx_word' id='word_1_342' title='bbox 898 3973 1025 4028; x_wconf 87' lang='lat' dir='ltr'><em>Dosithei</em></span> <span class='ocrx_word' id='word_1_343' title='bbox 1048 3972 1306 4042; x_wconf 84' lang='lat' dir='ltr'><em>Graeco-Latinae,</em></span> <span class='ocrx_word' id='word_1_344' title='bbox 1332 3972 1381 4041; x_wconf 89' lang='lat' dir='ltr'><em>qui</em></span> <span class='ocrx_word' id='word_1_345' title='bbox 1404 3972 1455 4027; x_wconf 86' lang='lat' dir='ltr'><em>sub</em></span> 
     </span>
     <span class='ocr_line' id='line_1_36' title="bbox 156 4051 1455 4125; baseline -0.003 -17"><span class='ocrx_word' id='word_1_346' title='bbox 156 4055 299 4110; x_wconf 86' lang='lat' dir='ltr'><em>Hadriano</em></span> <span class='ocrx_word' id='word_1_347' title='bbox 313 4055 397 4121; x_wconf 84' lang='lat' dir='ltr'><em>vixit,</em></span> <span class='ocrx_word' id='word_1_348' title='bbox 411 4052 490 4107; x_wconf 86' lang='lat' dir='ltr'><em>cuius</em></span> <span class='ocrx_word' id='word_1_349' title='bbox 505 4055 648 4123; x_wconf 87' lang='lat' dir='ltr'><em>complura</em></span> <span class='ocrx_word' id='word_1_350' title='bbox 661 4055 787 4108; x_wconf 83' lang='lat' dir='ltr'><em>recenset</em></span> <span class='ocrx_word' id='word_1_351' title='bbox 799 4053 1050 4124; x_wconf 70' lang='lat' dir='ltr'><em>apophthegmata,</em></span> <span class='ocrx_word' id='word_1_352' title='bbox 1073 4055 1185 4125; x_wconf 80' lang='lat' dir='ltr'><em>egregie</em></span> <span class='ocrx_word' id='word_1_353' title='bbox 1200 4053 1326 4122; x_wconf 86' lang='lat' dir='ltr'><em>scripta&#39;,</em></span> <span class='ocrx_word' id='word_1_354' title='bbox 1345 4051 1455 4105; x_wconf 89' lang='lat' dir='ltr'><em>nomine</em></span> 
     </span>
     <span class='ocr_line' id='line_1_37' title="bbox 157 4130 1456 4204; baseline -0.004 -16"><span class='ocrx_word' id='word_1_355' title='bbox 157 4135 299 4204; x_wconf 88' lang='lat' dir='ltr'><em>scriptoris</em></span> <span class='ocrx_word' id='word_1_356' title='bbox 327 4152 390 4189; x_wconf 89' lang='lat' dir='ltr'><em>cum</em></span> <span class='ocrx_word' id='word_1_357' title='bbox 419 4134 580 4190; x_wconf 86' lang='lat' dir='ltr'><em>definitione</em></span> <span class='ocrx_word' id='word_1_358' title='bbox 609 4134 743 4202; x_wconf 89' lang='lat' dir='ltr'><em>temporis</em></span> <span class='ocrx_word' id='word_1_359' title='bbox 766 4136 880 4202; x_wconf 87' lang='lat' dir='ltr'><em>propter</em></span> <span class='ocrx_word' id='word_1_360' title='bbox 912 4133 1068 4188; x_wconf 85' lang='lat' dir='ltr'><em>sententias</em></span> <span class='ocrx_word' id='word_1_361' title='bbox 1100 4136 1130 4188; x_wconf 91' lang='lat' dir='ltr'><em>et</em></span> <span class='ocrx_word' id='word_1_362' title='bbox 1161 4134 1294 4202; x_wconf 88' lang='lat' dir='ltr'><em>epistulas</em></span> <span class='ocrx_word' id='word_1_363' title='bbox 1321 4130 1456 4185; x_wconf 84' lang='lat' dir='ltr'><em>Hadriani</em></span> 
     </span>
     <span class='ocr_line' id='line_1_38' title="bbox 156 4211 1457 4284; baseline -0.005 -15"><span class='ocrx_word' id='word_1_364' title='bbox 156 4215 252 4271; x_wconf 84' lang='lat' dir='ltr'><em>addito</em></span> <span class='ocrx_word' id='word_1_365' title='bbox 272 4256 278 4267; x_wconf 85' lang='lat'><strong>.</strong></span> <span class='ocrx_word' id='word_1_366' title='bbox 298 4233 362 4269; x_wconf 87' lang='lat' dir='ltr'><em>nam</em></span> <span class='ocrx_word' id='word_1_367' title='bbox 382 4216 410 4269; x_wconf 91' lang='lat' dir='ltr'><em>in</em></span> <span class='ocrx_word' id='word_1_368' title='bbox 430 4213 524 4269; x_wconf 82' lang='lat' dir='ltr'><em>codiee</em></span> <span class='ocrx_word' id='word_1_369' title='bbox 542 4217 606 4284; x_wconf 86' lang='lat' dir='ltr'><em>pust</em></span> <span class='ocrx_word' id='word_1_370' title='bbox 624 4213 837 4269; x_wconf 83' lang='lat' dir='ltr'><em>innocentianae</em></span> <span class='ocrx_word' id='word_1_371' title='bbox 855 4212 1009 4267; x_wconf 80' lang='lat' dir='ltr'><em>decretales</em></span> <span class='ocrx_word' id='word_1_372' title='bbox 1026 4212 1055 4266; x_wconf 95' lang='lat' dir='ltr'><em>in</em></span> <span class='ocrx_word' id='word_1_373' title='bbox 1074 4213 1164 4282; x_wconf 89' lang='lat' dir='ltr'><em>primo</em></span> <span class='ocrx_word' id='word_1_374' title='bbox 1183 4212 1252 4268; x_wconf 89' lang='lat' dir='ltr'><em>folio</em></span> <span class='ocrx_word' id='word_1_375' title='bbox 1271 4211 1402 4280; x_wconf 84' lang='lat' dir='ltr'><em>scriptas,</em></span> <span class='ocrx_word' id='word_1_376' title='bbox 1424 4212 1457 4262; x_wconf 86' lang='lat' dir='ltr'><em>nt</em></span> 
     </span>
     <span class='ocr_line' id='line_1_39' title="bbox 157 4290 1455 4364; baseline -0.004 -16"><span class='ocrx_word' id='word_1_377' title='bbox 157 4294 198 4348; x_wconf 89' lang='lat' dir='ltr'><em>ait</em></span> <span class='ocrx_word' id='word_1_378' title='bbox 211 4294 396 4364; x_wconf 88' lang='lat' dir='ltr'><em>Bueekingius</em></span> <span class='ocrx_word' id='word_1_379' title='bbox 414 4294 500 4363; x_wconf 86' lang='lat' dir='ltr'><em>praei.</em></span> <span class='ocrx_word' id='word_1_380' title='bbox 515 4312 541 4363; x_wconf 92' lang='lat' dir='ltr'><em>p.</em></span> <span class='ocrx_word' id='word_1_381' title='bbox 556 4292 620 4346; x_wconf 86' lang='lat' dir='ltr'><em>XVI</em></span> <span class='ocrx_word' id='word_1_382' title='bbox 635 4294 710 4359; x_wconf 87' lang='lat' dir='ltr'><em>(nam</em></span> <span class='ocrx_word' id='word_1_383' title='bbox 728 4292 789 4361; x_wconf 90' lang='lat' dir='ltr'><em>ipse</em></span> <span class='ocrx_word' id='word_1_384' title='bbox 808 4291 932 4346; x_wconf 89' lang='lat' dir='ltr'><em>codicem</em></span> <span class='ocrx_word' id='word_1_385' title='bbox 951 4309 1005 4347; x_wconf 93' lang='lat' dir='ltr'><em>non</em></span> <span class='ocrx_word' id='word_1_386' title='bbox 1024 4292 1102 4360; x_wconf 83' lang='lat' dir='ltr'><em>vidi),</em></span> <span class='ocrx_word' id='word_1_387' title='bbox 1121 4293 1174 4346; x_wconf 88' lang='lat' dir='ltr'><em>hoc</em></span> <span class='ocrx_word' id='word_1_388' title='bbox 1192 4294 1236 4346; x_wconf 88' lang='lat' dir='ltr'><em>est</em></span> <span class='ocrx_word' id='word_1_389' title='bbox 1254 4291 1318 4346; x_wconf 90' lang='lat' dir='ltr'><em>fibri</em></span> <span class='ocrx_word' id='word_1_390' title='bbox 1336 4290 1455 4355; x_wconf 86' lang='lat' dir='ltr'><em>initium,</em></span> 
     </span>
     <span class='ocr_line' id='line_1_40' title="bbox 157 4366 1455 4442; baseline -0.004 -15"><span class='ocrx_word' id='word_1_391' title='bbox 157 4373 198 4428; x_wconf 80' lang='grc' dir='ltr'><em>ἔτι</em></span> <span class='ocrx_word' id='word_1_392' title='bbox 215 4374 302 4429; x_wconf 76' lang='grc' dir='ltr'><strong><em>πλέον</em></strong></span> <span class='ocrx_word' id='word_1_393' title='bbox 321 4380 371 4429; x_wconf 90' lang='lat' dir='ltr'><em>aut</em></span> <span class='ocrx_word' id='word_1_394' title='bbox 389 4375 523 4442; x_wconf 85' lang='lat' dir='ltr'><em>amplius,</em></span> <span class='ocrx_word' id='word_1_395' title='bbox 546 4372 595 4425; x_wconf 82' lang='grc' dir='ltr'><strong><em>καλ</em></strong></span> <span class='ocrx_word' id='word_1_396' title='bbox 613 4374 708 4441; x_wconf 76' lang='grc' dir='ltr'><strong><em>μεῖζον</em></strong></span> <span class='ocrx_word' id='word_1_397' title='bbox 727 4378 752 4426; x_wconf 86' lang='lat' dir='ltr'><em>et</em></span> <span class='ocrx_word' id='word_1_398' title='bbox 769 4375 872 4437; x_wconf 82' lang='lat' dir='ltr'><em>maius,</em></span> <span class='ocrx_word' id='word_1_399' title='bbox 895 4372 945 4425; x_wconf 78' lang='lat' dir='ltr'><em>uui</em></span> <span class='ocrx_word' id='word_1_400' title='bbox 964 4366 1199 4438; x_wconf 72' lang='grc' dir='ltr'><strong><em>ἐλευθεριώτερον</em></strong></span> <span class='ocrx_word' id='word_1_401' title='bbox 1218 4378 1242 4425; x_wconf 87' lang='lat' dir='ltr'><em>et</em></span> <span class='ocrx_word' id='word_1_402' title='bbox 1260 4372 1384 4435; x_wconf 83' lang='lat' dir='ltr'><em>liberius,</em></span> <span class='ocrx_word' id='word_1_403' title='bbox 1408 4369 1455 4422; x_wconf 78' lang='lat' dir='ltr'><em>uui</em></span> 
     </span>
     <span class='ocr_line' id='line_1_41' title="bbox 157 4446 1456 4525; baseline -0.002 -19"><span class='ocrx_word' id='word_1_404' title='bbox 157 4453 342 4522; x_wconf 78' lang='grc' dir='ltr'><strong><em>πληρίστιρον</em></strong></span> <span class='ocrx_word' id='word_1_405' title='bbox 368 4461 392 4508; x_wconf 87' lang='lat' dir='ltr'><em>et</em></span> <span class='ocrx_word' id='word_1_406' title='bbox 415 4457 527 4525; x_wconf 77' lang='lat' dir='ltr'><em>plenius</em></span> <span class='ocrx_word' id='word_1_407' title='bbox 554 4452 603 4508; x_wconf 81' lang='lat' dir='ltr'><em>uui</em></span> <span class='ocrx_word' id='word_1_408' title='bbox 629 4447 805 4522; x_wconf 75' lang='grc' dir='ltr'><strong><em>ὑπίρμεστον</em></strong></span> <span class='ocrx_word' id='word_1_409' title='bbox 832 4459 857 4507; x_wconf 84' lang='lat' dir='ltr'><em>et</em></span> <span class='ocrx_word' id='word_1_410' title='bbox 883 4453 1140 4519; x_wconf 79' lang='lat' dir='ltr'><em>cumulatissimum,</em></span> <span class='ocrx_word' id='word_1_411' title='bbox 1173 4449 1375 4518; x_wconf 78' lang='grc' dir='ltr'><strong><em>δαψιλέστερον</em></strong></span> <span class='ocrx_word' id='word_1_412' title='bbox 1402 4446 1456 4518; x_wconf 75' lang='grc' dir='ltr'><em>γάρ</em></span> 
     </span>
     <span class='ocr_line' id='line_1_42' title="bbox 157 4530 1456 4604; baseline -0.004 -15"><span class='ocrx_word' id='word_1_413' title='bbox 157 4536 286 4604; x_wconf 82' lang='lat' dir='ltr'><em>tarpitius</em></span> <span class='ocrx_word' id='word_1_414' title='bbox 296 4537 384 4590; x_wconf 82' lang='lat' dir='ltr'><em>enim.</em></span> <span class='ocrx_word' id='word_1_415' title='bbox 400 4536 508 4603; x_wconf 82' lang='lat' dir='ltr'><em>aliquot</em></span> <span class='ocrx_word' id='word_1_416' title='bbox 521 4533 646 4589; x_wconf 75' lang='lat' dir='ltr'><em>semibus</em></span> <span class='ocrx_word' id='word_1_417' title='bbox 659 4536 725 4602; x_wconf 87' lang='lat' dir='ltr'><em>post</em></span> <span class='ocrx_word' id='word_1_418' title='bbox 737 4533 766 4586; x_wconf 91' lang='lat' dir='ltr'><em>in</em></span> <span class='ocrx_word' id='word_1_419' title='bbox 781 4533 878 4588; x_wconf 86' lang='lat' dir='ltr'><em>eadem</em></span> <span class='ocrx_word' id='word_1_420' title='bbox 893 4535 997 4604; x_wconf 88' lang='lat' dir='ltr'><em>pagina</em></span> <span class='ocrx_word' id='word_1_421' title='bbox 1010 4535 1163 4601; x_wconf 88' lang='lat' dir='ltr'><em>sequuntur</em></span> <span class='ocrx_word' id='word_1_422' title='bbox 1181 4532 1290 4599; x_wconf 81' lang='lat' dir='ltr'><em>glossae</em></span> <span class='ocrx_word' id='word_1_423' title='bbox 1308 4530 1456 4585; x_wconf 87' lang='lat' dir='ltr'><em>verborum</em></span> 
     </span>
     <span class='ocr_line' id='line_1_43' title="bbox 157 4604 1454 4684; baseline -0.002 -14"><span class='ocrx_word' id='word_1_424' title='bbox 157 4614 254 4671; x_wconf 88' lang='lat' dir='ltr'><em>urdine</em></span> <span class='ocrx_word' id='word_1_425' title='bbox 273 4616 429 4669; x_wconf 88' lang='lat' dir='ltr'><em>litterarum</em></span> <span class='ocrx_word' id='word_1_426' title='bbox 444 4614 598 4684; x_wconf 87' lang='lat' dir='ltr'><em>descriptae</em></span> <span class='ocrx_word' id='word_1_427' title='bbox 618 4631 680 4667; x_wconf 88' lang='lat' dir='ltr'><em>uum</em></span> <span class='ocrx_word' id='word_1_428' title='bbox 698 4613 777 4668; x_wconf 84' lang='lat' dir='ltr'><em>brevi</em></span> <span class='ocrx_word' id='word_1_429' title='bbox 794 4613 982 4683; x_wconf 81' lang='lat' dir='ltr'><em>praefatione,</em></span> <span class='ocrx_word' id='word_1_430' title='bbox 1000 4608 1140 4667; x_wconf 76' lang='grc' dir='ltr'><strong><em>ἀποδώσω</em></strong></span> <span class='ocrx_word' id='word_1_431' title='bbox 1160 4604 1211 4665; x_wconf 75' lang='grc' dir='ltr'><em>οὖν</em></span> <span class='ocrx_word' id='word_1_432' title='bbox 1231 4607 1265 4665; x_wconf 80' lang='grc' dir='ltr'><em>τὰ</em></span> <span class='ocrx_word' id='word_1_433' title='bbox 1284 4608 1368 4666; x_wconf 78' lang='grc' dir='ltr'><strong><em>λοιπὰ</em></strong></span> <span class='ocrx_word' id='word_1_434' title='bbox 1382 4609 1454 4667; x_wconf 74' lang='grc' dir='ltr'><strong><em>κατὰ</em></strong></span> 
     </span>
     <span class='ocr_line' id='line_1_44' title="bbox 157 4691 1455 4764; baseline -0.002 -16"><span class='ocrx_word' id='word_1_435' title='bbox 157 4702 302 4763; x_wconf 78' lang='grc' dir='ltr'><strong><em>στοιχεῖον,</em></strong></span> <span class='ocrx_word' id='word_1_436' title='bbox 317 4691 430 4762; x_wconf 80' lang='grc' dir='ltr'><strong><em>πράσσω</em></strong></span> <span class='ocrx_word' id='word_1_437' title='bbox 440 4697 552 4750; x_wconf 85' lang='lat' dir='ltr'><em>reddum</em></span> <span class='ocrx_word' id='word_1_438' title='bbox 563 4711 626 4764; x_wconf 81' lang='lat' dir='ltr'><em>erpo</em></span> <span class='ocrx_word' id='word_1_439' title='bbox 639 4700 726 4750; x_wconf 84' lang='lat' dir='ltr'><em>cetero</em></span> <span class='ocrx_word' id='word_1_440' title='bbox 740 4711 792 4763; x_wconf 87' lang='lat' dir='ltr'><em>per</em></span> <span class='ocrx_word' id='word_1_441' title='bbox 805 4695 920 4760; x_wconf 85' lang='lat' dir='ltr'><em>litteras,</em></span> <span class='ocrx_word' id='word_1_442' title='bbox 933 4711 984 4764; x_wconf 84' lang='lat' dir='ltr'><em>apo</em></span> <span class='ocrx_word' id='word_1_443' title='bbox 999 4697 1060 4759; x_wconf 69' lang='lat' dir='ltr'><em>etc,</em></span> <span class='ocrx_word' id='word_1_444' title='bbox 1076 4694 1175 4748; x_wconf 90' lang='lat' dir='ltr'><em>deinde</em></span> <span class='ocrx_word' id='word_1_445' title='bbox 1190 4695 1299 4763; x_wconf 84' lang='lat' dir='ltr'><em>glossae</em></span> <span class='ocrx_word' id='word_1_446' title='bbox 1312 4692 1455 4748; x_wconf 86' lang='lat' dir='ltr'><em>numinum</em></span> 
     </span>
     <span class='ocr_line' id='line_1_45' title="bbox 157 4773 1456 4845; baseline -0.001 -17"><span class='ocrx_word' id='word_1_447' title='bbox 157 4774 296 4845; x_wconf 85' lang='lat' dir='ltr'><em>capitibus</em></span> <span class='ocrx_word' id='word_1_448' title='bbox 315 4775 431 4844; x_wconf 83' lang='lat' dir='ltr'><em>triginta</em></span> <span class='ocrx_word' id='word_1_449' title='bbox 449 4779 512 4830; x_wconf 87' lang='lat' dir='ltr'><em>octo</em></span> <span class='ocrx_word' id='word_1_450' title='bbox 528 4774 681 4843; x_wconf 87' lang='lat' dir='ltr'><em>dispositae</em></span> <span class='ocrx_word' id='word_1_451' title='bbox 695 4777 726 4830; x_wconf 90' lang='lat' dir='ltr'><em>et</em></span> <span class='ocrx_word' id='word_1_452' title='bbox 738 4790 801 4828; x_wconf 88' lang='lat' dir='ltr'><em>cum</em></span> <span class='ocrx_word' id='word_1_453' title='bbox 815 4775 914 4844; x_wconf 84' lang='lat' dir='ltr'><em>glossis</em></span> <span class='ocrx_word' id='word_1_454' title='bbox 928 4775 1032 4831; x_wconf 87' lang='lat' dir='ltr'><em>codicis</em></span> <span class='ocrx_word' id='word_1_455' title='bbox 1047 4775 1237 4845; x_wconf 86' lang='lat' dir='ltr'><em>Sangallensis</em></span> <span class='ocrx_word' id='word_1_456' title='bbox 1251 4773 1456 4828; x_wconf 87' lang='lat' dir='ltr'><em>consentientes</em></span> 
     </span>
     <span class='ocr_line' id='line_1_46' title="bbox 158 4850 1456 4929; baseline 0 -22"><span class='ocrx_word' id='word_1_457' title='bbox 158 4872 220 4908; x_wconf 89' lang='lat' dir='ltr'><em>cum</em></span> <span class='ocrx_word' id='word_1_458' title='bbox 238 4855 425 4923; x_wconf 87' lang='lat' dir='ltr'><em>praefatione,</em></span> <span class='ocrx_word' id='word_1_459' title='bbox 454 4850 506 4924; x_wconf 74' lang='grc' dir='ltr'><em>ἐμῇ</em></span> <span class='ocrx_word' id='word_1_460' title='bbox 532 4853 676 4929; x_wconf 75' lang='grc' dir='ltr'><strong><em>ἐπιμελείᾳ</em></strong></span> <span class='ocrx_word' id='word_1_461' title='bbox 699 4855 747 4910; x_wconf 79' lang='grc' dir='ltr'><em>καὶ</em></span> <span class='ocrx_word' id='word_1_462' title='bbox 766 4858 917 4927; x_wconf 81' lang='grc' dir='ltr'><strong><em>φιλοπονίᾳ</em></strong></span> <span class='ocrx_word' id='word_1_463' title='bbox 941 4855 1104 4926; x_wconf 60' lang='lat' dir='ltr'><em>persuasos</em></span> <span class='ocrx_word' id='word_1_464' title='bbox 1123 4855 1203 4911; x_wconf 80' lang='grc' dir='ltr'><strong><em>τοῦτο</em></strong></span> <span class='ocrx_word' id='word_1_465' title='bbox 1223 4850 1253 4909; x_wconf 83' lang='grc' dir='ltr'><em>τὸ</em></span> <span class='ocrx_word' id='word_1_466' title='bbox 1273 4855 1379 4926; x_wconf 87' lang='grc' dir='ltr'><strong><em>βιβλίον</em></strong></span> <span class='ocrx_word' id='word_1_467' title='bbox 1398 4871 1456 4908; x_wconf 87' lang='lat' dir='ltr'><em>mco</em></span> 
     </span>
    </p>
   </div>
   <div class='ocr_carea' id='block_1_4' title="bbox 0 0 1666 5474">
    <p class='ocr_par' dir='ltr' id='par_1_5' title="bbox 0 0 1666 5474">
     <span class='ocr_line' id='line_1_47' title="bbox 0 0 1666 5474; baseline 0 0"><span class='ocrx_word' id='word_1_468' title='bbox 0 0 1666 5474; x_wconf 95' lang='lat' dir='ltr'><em> </em></span> 
     </span>
    </p>
   </div>
  </div>
 </body>
</html>
