3316 5474
604 376 652 431 DE
672 375 959 431 ORTHOGRAPHIA
1393 375 1433 438 13

131 488 153 526 μ
168 479 227 518 east.
241 478 268 517 se
282 477 305 517 1³.

223 563 355 625 Redditis
378 582 449 642 ergo
472 564 611 622 vitiorum
635 562 730 622 modis
753 572 783 622 et
812 560 1026 621 emendationis
1054 558 1155 639 regula
1178 563 1326 640 exposita,
1353 567 1434 618 aute·

133 688 221 749 quam
240 670 275 730 ad
292 690 325 730 ea
345 672 506 751 veniamus,
520 672 599 728 eirca
618 687 693 747 quae
712 667 905 728 scribentium
927 685 1012 727 error
1027 668 1111 744 argui
1130 666 1214 746 solet,
1233 667 1434 726 necessarium

132 786 272 855 putamus
299 785 366 837 aute
400 777 605 854 cognationem
635 774 783 853 explicare
819 774 999 854 litterarum,
1029 774 1167 850 quoniam
1196 771 1285 833 huius
1315 789 1433 850 quoque

134 885 238 943 notitia
261 881 474 943 haesitantibus
497 900 585 961 saepe
609 889 773 941 succurrat.
815 880 930 940 rurales
953 882 1052 958 itaque
1075 881 1154 939 iuter
1177 898 1209 939 se
1233 880 1344 938 mutuis
1366 879 1436 936 viri·

105 988 190 1048 ⁵bus
213 993 244 1050 in
264 989 458 1050 decimatione
478 988 658 1068 iunguntur,
681 996 713 1047 ut
732 1005 786 1065 ago
807 988 812 1062 Ι
832 989 893 1066 egi,
917 994 1004 1064 tango
1024 987 1122 1066 tetigi,
1146 985 1212 1045 salit
1232 986 1322 1067 erilit,
1342 983 1438 1044 salsus

134 1095 274 1155 insulsus.
310 1095 390 1174 quod
414 1112 473 1154 nou
493 1095 591 1152 miuus
615 1095 645 1154 in
665 1091 901 1154 extremitatibus
920 1095 1072 1152 nominum
1092 1100 1226 1174 apparet,
1250 1111 1318 1153 eum
1342 1094 1440 1151 iustus

133 1203 204 1260 iusti
231 1204 310 1262 iusto
337 1204 414 1261 iuste
443 1201 570 1260 dicimus
593 1202 645 1259 uui
675 1199 790 1260 litterae
815 1198 940 1259 subinde
964 1197 1194 1258 succedentibus
1218 1200 1336 1258 ceteris,
1384 1215 1440 1256 nec

133 1309 233 1367 minus
256 1316 467 1386 consonantes,
490 1314 525 1366 ut
548 1306 562 1365 1
581 1314 611 1364 et
635 1305 668 1365 h:
691 1314 817 1384 utraque
837 1307 915 1364 euim
940 1313 984 1363 est
1009 1304 1104 1364 ssatus,
1141 1321 1232 1382 quare
1256 1322 1344 1382 quem
1364 1304 1440 1361 auti·

133 1415 185 1490 qui
213 1414 332 1493 tireum,
360 1432 415 1473 uos
442 1413 575 1491 hircum,
602 1421 632 1471 et
655 1429 742 1489 quam
767 1411 871 1471 Falisci
901 1409 1019 1490 habam,
1047 1428 1101 1468 nos
1130 1409 1225 1469 labam
1248 1407 1440 1488 appellamus,

95 1531 121 1568 ¹⁰
134 1529 163 1578 et
186 1538 275 1598 quem
299 1523 412 1599 antiqui
436 1519 587 1598 lariolnm,
609 1536 664 1576 uos
687 1516 841 1578 hariolum.
882 1520 952 1577 item
977 1516 985 1575 l
1005 1515 1070 1575 etd
1095 1524 1124 1574 et
1148 1524 1213 1575 ret
1231 1535 1261 1596 s,
1284 1517 1370 1575 cuius
1394 1516 1437 1574 rei

136 1628 294 1685 marimum
318 1635 525 1704 argumentum
544 1634 606 1703 est,
629 1622 708 1701 quod
732 1621 823 1703 balbi,
847 1624 897 1700 qui
921 1642 937 1681 r
960 1623 1126 1700 exprimere
1146 1640 1204 1681 non
1228 1629 1362 1700 possunt,
1385 1628 1437 1679 aut

135 1729 270 1791 ldicuut
293 1740 344 1791 aut
367 1751 395 1809 s,
418 1750 474 1791 uec
498 1733 595 1790 minus
624 1729 702 1808 quod
730 1747 817 1807 capra
848 1747 902 1807 per
931 1727 1162 1787 deminutionem
1195 1726 1304 1806 capella
1331 1726 1442 1785 dicitur

135 1846 164 1895 et
189 1838 280 1896 irater
303 1836 444 1897 iratellus.
482 1840 552 1896 item
572 1836 677 1895 furios
700 1834 826 1894 dicimus
849 1852 924 1912 qnos
947 1833 1060 1910 antiqui
1079 1831 1197 1910 fusioS,
1220 1842 1251 1892 et
1277 1851 1343 1892 aras
1368 1850 1442 1911 quas
1525 1815 1532 1825 ⁴

136 1941 178 2000 illi
200 1961 279 2022 asas,
301 1951 331 2002 et
354 1943 431 2002 lares
456 1962 531 2021 quos
554 1947 600 2002 illi
620 1941 709 2022 lases,
733 1944 803 2000 item
829 1940 929 2000 sellam
953 1957 1041 2018 quam
1065 1938 1106 1998 illi
1130 1939 1250 1999 seddam
1274 1938 1319 2015 [et
1341 1939 1441 1999 attulit

96 2061 124 2099 ¹⁵
138 2051 244 2109 attinet
266 2059 279 2109 t
305 2050 402 2129 prod
430 2046 649 2124 substitutum}
691 2047 797 2107 deiude
821 2065 850 2106 m
874 2055 904 2106 et
928 2064 947 2105 u
970 2048 1162 2106 consentiunt
1193 2055 1223 2106 et
1245 2064 1340 2125 paene
1363 2045 1442 2105 idem

138 2165 258 2234 sonant,
280 2154 360 2215 uude
382 2154 660 2234 distinguendorum
684 2171 826 2212 sonorum
856 2153 1011 2230 utriusque
1039 2150 1156 2211 litterae
1179 2171 1266 2212 causa
1290 2171 1319 2212 m
1342 2152 1442 2213 dicere

137 2263 250 2339 antiqui
283 2263 480 2340 praepositam
513 2281 532 2321 n
566 2260 680 2320 litterae
713 2277 801 2336 quam
832 2277 850 2317 ιι
885 2257 1061 2319 maluerunt
1107 2258 1163 2318 hoc
1196 2258 1322 2337 probant
1354 2261 1441 2318 etiam

137 2365 259 2445 Graeci,
296 2369 361 2444 qui,
398 2365 449 2425 ubi
487 2384 542 2425 nos
574 2383 602 2424 m
640 2364 768 2424 litteram
805 2366 958 2443 ponimus,
995 2384 1013 2423 n
1053 2374 1182 2444 ponunt,
1217 2374 1250 2424 ut
1286 2363 1440 2442 graphium

227 2554 287 2606 oin
301 2555 524 2608 extremitatibus
538 2556 681 2608 nominum
691 2571 721 2623 p.
732 2558 779 2616 24,
790 2558 825 2605 19
881 2552 1224 2620 siethp.11‚t.23,tc3
1296 2559 1327 2605 13
1341 2552 1440 2606 Furios

132 2649 164 2700 p.
183 2637 282 2718 123,16
355 2640 388 2686 14
406 2633 550 2701 sellamp.
570 2639 668 2696 23,17
741 2632 1011 2700 attnltitp.2o,1r

226 2817 244 2862 3
271 2810 460 2879 coguitionem
484 2811 512 2862 Β
605 2817 622 2862 t
649 2810 779 2864 notitiam
803 2809 1006 2864 haesitantibus
1027 2825 1110 2877 saepe
1133 2809 1294 2879 suecupirat
1315 2810 1374 2863 ιοΡ

137 2890 253 2941 mutuus
269 2888 311 2943 Β.
332 2906 403 2942 ωπ.
422 2891 527 2944 mutuis
550 2891 566 2943 b
631 2897 647 2943 i
671 2892 719 2944 uni
743 2891 856 2944 litterae
876 2889 930 2941 Pro
948 2890 1005 2942 uim
1025 2889 1137 2943 litterae
1155 2889 1191 2944 Β,
1219 2908 1258 2944 un
1276 2908 1294 2943 ιι
1313 2889 1444 2944 litterae?

179 2980 220 3007 m

192 3020 356 3074 cedentibus
376 3021 403 3072 Β
474 3029 491 3076 8
511 3025 543 3075 ut
560 3023 573 3074 i
589 3024 654 3076 eth
678 3023 730 3075 Po)
749 3026 781 3075 ut
798 3023 867 3075 haee
887 3022 922 3075 Β.
958 3021 1091 3075 l'orronr's
1107 3024 1141 3076 de
1160 3023 1173 3074 1
1188 3025 1280 3076 littera
1295 3029 1444 3092 praecepta

138 3102 268 3168 equatur
290 3101 323 3152 de
348 3101 366 3151 l.
385 3101 403 3152 l.
428 3099 453 3149 t’
473 3106 509 3153 a:
532 3107 557 3153 ct
580 3104 659 3169 apurd
683 3103 786 3155 l'etr'um
811 3102 936 3169 laram
960 3121 991 3171 p.
1011 3110 1090 3156 :2230
1112 3105 1253 3172 eodemque
1275 3109 1386 3156 auctore
1407 3104 1444 3155 ih.

133 3197 165 3247 p.
181 3183 259 3233 223-2‘·
279 3178 354 3232 Sere.
374 3181 403 3231 ιἰι
430 3179 507 3247 l'erq.
526 3183 595 3234 Aen.
622 3181 685 3234 t'11
703 3188 759 3235 6105
831 3181 906 3234 enim
925 3186 958 3235 ut
975 3183 1058 3235 flatus
1076 3183 1141 3235 BP
1157 3184 1231 3237 enim
1251 3188 1282 3237 ut
1301 3184 1383 3237 flatus
1402 3188 1446 3238 eet

138 3281 172 3315 rs.
201 3278 240 3312 ιιιι
265 3266 383 3326 utraque
405 3259 480 3312 euim
503 3260 640 3314 adllsturi
663 3263 699 3327 cs.
725 3261 804 3315 l'urr.
820 3277 842 3312 r.
858 3277 880 3312 r.
901 3261 962 3312 111
981 3267 1007 3326 1,
1025 3268 1043 3315 t}
1061 3280 1127 3316 nam
1146 3262 1243 3332 lingna
1261 3264 1397 3332 priscaet
1415 3262 1444 3315 in

138 3336 259 3392 Graecia
276 3338 370 3391 Aeolis
388 3338 495 3392 Boeotii
514 3339 575 3393 sine
593 3341 698 3395 adflatu
722 3344 824 3395 vocant
845 3338 927 3392 collis
946 3340 1037 3396 'lebas
1139 3349 1172 3396 to
1199 3340 1350 3410 hariolum}
1373 3341 1446 3394 ario·

138 3418 200 3470 lum
218 3418 246 3470 Β
342 3422 372 3470 et
388 3417 406 3469 d
424 3435 474 3472 οι,
494 3440 517 3471 ο
618 3429 648 3473 11
668 3421 746 3475 balbi
765 3421 827 3490 qui,
846 3419 915 3473 alibi
933 3421 983 3487 qui
1001 3421 1028 3473 Β
1046 3423 1135 3491 aliqui
1154 3424 1217 3477 Po.
1243 3424 1280 3488 cs.
1302 3421 1445 3475 lietardi.

138 3503 242 3567 quaest
264 3496 343 3550 Bon.
367 3503 401 3551 bl
425 3499 473 3549 uri
497 3495 528 3550 ιὸ
552 3503 567 3550 1
589 3496 675 3554 πάλιν
698 3508 757 3563 τοῖς
778 3495 1016 3554 ἀπολισθαίνουσι
1040 3503 1090 3555 τοῦ
1113 3522 1130 3567 p
1153 3497 1190 3555 δι’
1209 3496 1373 3571 ἆμβίέτηια
1396 3501 1447 3567 τῇς

138 3573 263 3644 γλοὶπης
281 3573 432 3630 induitur
450 3575 667 3647 τραυλιζόμενον
749 3587 782 3634 12
801 3595 850 3648 per
867 3579 1087 3634 deminutionem
1106 3582 1124 3635 b
1142 3599 1192 3650 per
1209 3582 1445 3636 {deminutionem

138 3656 205 3708 BP
221 3674 272 3725 per
288 3656 502 3710 diminutionem
521 3678 544 3709 ο
648 3660 752 3713 dicitur
769 3661 797 3712 Β
815 3659 926 3714 meatur
945 3661 999 3714 Pu
1100 3669 1132 3716 ta
1151 3663 1261 3733 Furios]
1281 3663 1376 3716 furnos
1391 3662 1446 3714 Βιι

139 3735 249 3790 luruios
264 3737 298 3788 P.
319 3737 356 3801 cs.
375 3735 457 3789 l'rrrr.
475 3738 508 3789 de
525 3738 543 3790 l.
558 3739 576 3792 i,
598 3738 662 3791 ΠΙ
681 3745 719 3792 26
738 3740 767 3792 in
786 3741 883 3793 multis
900 3740 1006 3805 verbis,
1024 3741 1053 3794 in
1073 3758 1129 3810 qno
1147 3743 1258 3811 antiqui
1275 3743 1408 3797 diccunt
1426 3761 1447 3808 s,

138 3822 242 3884 postea
258 3816 364 3869 dietum
383 3835 397 3868 r
495 3818 604 3889 furios}
623 3820 716 3874 macor
734 3820 824 3874 ΒΡο
843 3823 949 3875 Fusuos
969 3820 1120 3874 Putsotiua
1234 3829 1266 3874 tt
1286 3823 1358 3877 lares
1376 3842 1448 3893 quoa

138 3895 486 3963 lamesBPlaresqnos
509 3897 620 3950 lasese
727 3900 770 3953 illi
792 3902 907 3954 seddam
931 3901 982 3954 Po
1005 3903 1049 3956 illi
1073 3901 1243 3956 seddemB.
1267 3905 1303 3967 cs.
1323 3905 1398 3957 ἔστ.
1418 3906 1449 3958 in

1242 3982 1252 4012 t
1359 3984 1369 4014 t

146 4018 226 4086 Γᾶς.
240 4020 327 4074 brad.
342 4026 368 4083 1,
384 4026 401 4072 2
420 4021 493 4074 unde
512 4030 540 4074 et
560 4021 628 4074 sella
646 4038 698 4090 pro
717 4024 804 4078 sedda
820 4026 924 4079 dicitarr
942 4043 959 4077 a
978 4027 1100 4081 sedendo
1171 4032 1201 4080 et
1218 4027 1323 4080 adtulit
1336 4028 1447 4082 attinet

139 4097 179 4151 B.
197 4099 296 4151 adusi
318 4099 397 4151 rerba
420 4115 453 4149 cr
472 4101 648 4153 dudulim
669 4104 702 4155 de
720 4104 740 4155 d
757 4110 782 4157 α
799 4110 813 4157 1
830 4107 942 4169 litteris,
966 4112 996 4158 art
1015 4108 1135 4161 ridetur.
1154 4107 1262 4169 relicta,
1279 4108 1326 4160 aod
1342 4108 1379 4160 ab
1396 4108 1446 4159 boc

140 4178 202 4230 loca
214 4178 314 4230 atiena
344 4196 405 4230 mn
424 4179 457 4231 de
469 4182 629 4245 coquntrou
642 4188 779 4235 namna
799 4186 951 4237 litterum
967 4192 1063 4252 proteo
1081 4186 1194 4240 ditatur.
1217 4187 1309 4239 code·
1322 4188 1445 4254 ampla

135 4256 233 4324 parite
250 4263 315 4309 suat
330 4276 360 4323 p.
377 4263 422 4309 2¹1.
439 4263 472 4309 15
490 4260 523 4311 de
541 4263 687 4313 nuatione
704 4266 938 4332 procursatione·
1012 4271 1045 4316 15
1064 4264 1245 4318 substitutum
1263 4265 1364 4319 deinde
1381 4272 1446 4318 etri

138 4336 168 4388 Β
187 4337 368 4390 suinaitutum
387 4339 488 4392 deinde
505 4352 535 4392 et
552 4357 607 4393 non
628 4340 656 4392 P
672 4343 789 4395 mbmto
807 4362 835 4396 m
853 4343 955 4396 deinde
973 4350 1003 4396 et
1019 4362 1038 4396 ιι
1056 4365 1079 4395 οι
1183 4352 1216 4397 to
1234 4344 1320 4413 unde]
1340 4352 1370 4395 ut
1391 4343 1445 4396 1⁴..

137 4420 169 4468 et
188 4415 218 4468 Β
315 4434 415 4471 taceae
436 4424 527 4483 {muse
547 4420 585 4484 1¹,
608 4421 702 4472 dicere
720 4423 829 4490 antiqui
851 4425 1028 4492 praepositae
1057 4423 1217 4492 [ruposite
1238 4422 1408 4492 1¹,1qnam
1427 4443 1446 4478 n

136 4495 304 4549 maluerunt
320 4497 383 4548 ΒΡ
399 4514 482 4551 eausa
501 4498 593 4552 dicere
610 4501 722 4569 ntiqui
738 4502 899 4570 praepositi
917 4504 926 4553 l
945 4519 1030 4571 quam
1048 4522 1067 4556 n
1085 4503 1245 4555 maluerunt
1262 4523 1294 4555 οι.
1321 4503 1385 4557 hm
1404 4507 1446 4557 t'tn

136 4578 262 4631 mai.
286 4582 315 4628 et
338 4579 376 4629 od
397 4594 425 4628 m
449 4578 565 4629 littero·
589 4585 711 4647 aquirie
733 4598 751 4632 ιι
775 4583 805 4633 in
822 4583 934 4635 eunden
952 4600 971 4634 ιι
989 4583 1106 4634 uana-
1126 4582 1207 4649 ονλψ
1229 4587 1361 4635 mistim
1383 4601 1445 4652 per·

137 4658 274 4716 timent,
290 4656 324 4707 de
341 4674 396 4723 quo
414 4659 561 4710 numm
579 4658 652 4710 dmi
674 4658 766 4712 tetius
784 4661 896 4729 Ismqus
912 4680 942 4730 p.
954 4666 1050 4725 2237,
1067 4678 1130 4713 curn
1149 4660 1214 4714 <tiro
1233 4661 1331 4715 'etiam
1349 4669 1446 4733 nnuc',

136 4735 272 4805 quamtis
294 4752 345 4803 per
420 4738 551 4793 meam.
573 4737 668 4791 neseio
690 4757 747 4806 quo
769 4740 854 4794 modo
876 4750 971 4794 tamen
993 4742 1150 4810 exprimere
1172 4758 1227 4795 non
1252 4758 1366 4810 pom

139 4822 176 4870 lit
194 4815 320 4885 ponunt}
339 4828 444 4884 perant
465 4817 493 4869 Ρ
