3316 5474
230 361 273 423 64
766 359 866 415 VELII
884 359 998 414 LONGI

229 473 250 510 p.
265 462 317 502 aare
331 461 356 501 1.

229 545 355 609 ducatur
370 548 433 606 eius
448 545 528 626 quod
542 553 589 606 cst
603 540 771 624 ‘expectare
790 544 874 605 illum
891 539 968 604 rolo'
988 553 1018 604 ot
1033 539 1178 623 ‘spectare
1193 544 1266 605 mibi
1286 539 1403 624 placet’.
1426 562 1534 606 verum

229 671 289 714 uno
318 653 405 713 modo
433 662 593 731 utrumque
622 651 711 711 scribi
734 651 805 712 licet
827 669 882 711 nec
907 653 1012 711 timere
1035 669 1099 711 eam
1122 649 1358 731 ambiguitatem,
1385 658 1534 730 quaeest

230 758 330 819 multis
358 758 455 819 verbis
484 758 721 838 familiarissima,
749 775 816 818 cum
840 759 870 817 in
899 756 952 816 bac
981 756 1078 817 littera
1102 776 1119 816 x
1143 759 1231 817 etiam
1255 775 1269 817 s
1293 759 1388 839 posita
1412 759 1465 839 sit,
1494 759 1533 817 sl·

230 866 350 944 quidem
373 873 433 925 tam
457 863 533 944 apud
558 882 613 924 nos
636 882 724 942 quam
747 863 824 943 apud
849 862 977 924 Graecos
1001 863 1109 944 duplex
1133 865 1172 924 sit
1196 872 1225 924 et
1248 865 1419 943 composita.

317 971 515 1032 Transeamus
538 949 628 1032 nunc*
649 970 685 1030 ad
714 969 798 1030 aliam
825 973 1082 1051 praepositionem.
1119 968 1156 1029 ob
1179 972 1358 1050 praepositio
1380 967 1559 1031 interdums

229 1080 352 1156 ponitur
380 1078 480 1160 plena,
507 1084 542 1139 ut
570 1086 616 1139 est
643 1077 725 1138 obire
754 1076 908 1157 oberrare,
937 1074 1088 1137 interdum
1114 1076 1150 1137 ad
1178 1095 1242 1137 eam
1264 1076 1393 1138 litteram
1417 1077 1533 1150 transit,

230 1201 322 1261 aqua
342 1202 471 1263 sequens
489 1202 544 1243 vox
562 1185 674 1264 incipit,
697 1191 731 1244 ut
754 1192 800 1243 est
823 1182 935 1243 otiulsit
954 1185 1125 1244 ommutuit:
1147 1185 1219 1243 item
1242 1190 1273 1243 et
1295 1185 1320 1244 si
1342 1202 1362 1263 p
1381 1191 1533 1263 sequatur,

231 1297 264 1351 ut
282 1292 429 1369 opposuit.
462 1290 598 1350 similiter
621 1289 740 1368 qrvidam
764 1299 793 1349 et
817 1291 847 1349 in
870 1308 906 1348 eo
930 1287 1007 1367 quod
1032 1297 1079 1349 est
1102 1288 1216 1349 obstitit
1238 1308 1257 1368 p
1281 1306 1400 1349 servare
1424 1286 1533 1349 malue-

233 1403 312 1476 runt,
336 1397 403 1473 qvvia
417 1395 490 1455 baec
504 1393 601 1456 littera
617 1393 811 1454 semivocalis
826 1395 947 1453 contusa
963 1394 1027 1453 eius
1041 1393 1155 1454 litterae
1170 1413 1276 1455 sonum
1291 1397 1439 1474 exprimit,
1456 1412 1532 1473 quae

231 1510 276 1562 est
299 1501 376 1580 apud
400 1501 528 1562 Graecos
551 1501 589 1581 Ψ,
612 1509 700 1580 atque
729 1501 804 1561 hanc
828 1499 870 1560 illi
893 1500 1040 1580 duplicem
1065 1510 1200 1563 constare
1224 1503 1327 1563 dicunt
1354 1493 1390 1562 ex
1413 1520 1432 1580 p
1455 1509 1486 1561 et
1509 1519 1532 1561 s.
1548 1522 1574 1562 ro

323 1606 398 1668 Huic
422 1609 526 1669 similis
549 1616 596 1668 est
619 1615 647 1668 et
672 1606 727 1668 sub
750 1608 943 1689 praepositio,
963 1625 1037 1685 quae
1060 1608 1210 1670 interdum
1232 1607 1252 1670 b
1275 1609 1404 1670 litteram
1426 1615 1534 1688 servat,

234 1715 321 1775 utin
346 1733 381 1775 eo
405 1715 483 1795 qrrod
508 1723 554 1775 est
576 1713 690 1796 subdit,
710 1713 858 1774 interdum
882 1722 984 1788 mutat,
1008 1722 1153 1794 utsupra
1177 1715 1246 1796 diri,
1268 1718 1297 1775 in
1321 1733 1386 1776 eam
1403 1713 1533 1775 litteram

231 1838 246 1878 a
271 1839 327 1898 qua
352 1840 480 1900 soqrvens
503 1822 608 1900 incipit
631 1820 762 1901 verbum,
786 1823 867 1905 utin
887 1839 921 1879 co
947 1820 1024 1898 quod
1049 1829 1095 1881 est
1118 1821 1228 1882 sufficit
1250 1821 1371 1882 suliodit
1393 1803 1424 1882 et
1445 1823 1477 1881 in
1496 1839 1532 1881 eo

141 1997 143 2001 Ι
232 1925 311 2005 quod
335 1924 382 1987 est
404 1929 562 1987 summovit
585 1929 829 1987 sumministravit
852 1935 939 2005 atque
963 1927 993 1986 in
1018 1945 1053 1987 eo
1076 1927 1156 2006 quod
1176 1935 1221 1987 est
1240 1929 1405 2009 supposuit.
1442 1936 1532 2006 atque

231 2031 490 2094 animadvertimus
518 2036 549 2094 iu
577 2032 781 2093 semivocalem
808 2051 823 2092 s
851 2034 992 2113 transire,
1015 2043 1049 2093 ut
1070 2035 1102 2094 in
1125 2051 1160 2094 eo
1184 2033 1262 2112 quod
1287 2043 1333 2095 est
1356 2033 1478 2095 sustulit
1501 2041 1532 2094 et
1546 2054 1571 2095 11

231 2141 370 2218 suscepit.
397 2157 453 2199 nec
468 2158 525 2199 non
545 2142 638 2199 variat
656 2139 898 2218 significationem
917 2141 1031 2217 gemina
1052 2141 1254 2199 enuntiatione
1274 2139 1389 2200 litterae
1404 2157 1531 2220 sequen·

230 2253 290 2329 tem
309 2263 411 2306 vocem
430 2246 605 2327 inchoantis,
627 2254 661 2307 ut
684 2254 729 2307 est
748 2247 915 2325 succipere:
938 2244 1016 2306 aliud
1036 2254 1082 2306 est
1101 2248 1180 2305 enim
1199 2241 1337 2307 ‘amicum
1356 2241 1533 2327 suscipere’,

234 2351 312 2422 aliud
336 2342 457 2431 ‘aquam
481 2349 660 2433 succipere'.

317 2459 407 2519 1111
430 2463 648 2540 praepositione
672 2461 708 2520 de
729 2461 883 2520 minimum
902 2466 948 2519 est
966 2458 1191 2540 observationis,
1214 2469 1357 2538 quantum
1376 2459 1412 2520 ad
1431 2459 1533 2520 ortho-

229 2565 395 2645 graphiam,
423 2573 482 2625 nori
511 2566 590 2644 quod
619 2566 654 2626 ad
678 2566 923 2646 significationem
946 2566 1083 2643 pertinet.
1120 2565 1206 2644 plena
1230 2568 1361 2626 enimin
1386 2569 1531 2647 composi·
1547 2587 1574 2626 so

228 2671 359 2732 tionibus
386 2675 520 2754 ponitur,
554 2681 586 2732 ut
613 2672 760 2733 deducere
793 2669 943 2750 depellere
972 2669 1175 2731 demonstrare
1204 2672 1368 2734 destruere.
1410 2690 1478 2733 nam
1507 2675 1533 2733 si

230 2779 346 2858 quando
370 2797 386 2838 e
409 2781 440 2840 in
463 2782 472 2838 i
496 2779 624 2839 litteram
648 2782 762 2859 transit,
785 2777 821 2837 ab
845 2777 899 2837 alia
922 2776 1142 2856 praepositione
1166 2781 1311 2858 originem
1334 2779 1424 2840 ducit„
1462 2797 1531 2840 curn

230 2888 308 2946 enim
344 2885 469 2959 dicimus
503 2885 639 2968 dimovit,
673 2895 706 2946 nt
735 2893 782 2945 est
814 2879 980 2944 ‘dimovit
1010 2883 1198 2946 obstantes
1231 2881 1472 2966 propinquos’
1502 2895 1534 2948 et

317 3136 408 3191 Oodee
428 3137 577 3192 Parrhasii
617 3136 793 3207 toberrare]
813 3137 930 3191 obarare
1018 3135 1148 3191 ioffusit
1165 3136 1331 3192 ommiuauit
1416 3137 1533 3193 tuemi-

229 3215 334 3270 uoealis
353 3216 469 3273 confusa
549 3224 582 3272 13
601 3219 730 3288 verbum]
751 3234 849 3272 uerum
931 3223 1064 3272 161111.
1152 3223 1185 3272 16
1204 3215 1345 3288 geminum
1364 3217 1533 3274 enuntiatio·

229 3313 294 3350 nem
384 3304 416 3351 17
440 3300 472 3352 ut
494 3301 536 3354 est
559 3298 700 3370 suscipere
790 3297 868 3352 aliud
887 3299 930 3351 est
949 3297 1023 3352 euim
1042 3297 1163 3373 amicum
1183 3298 1322 3368 suscipere
1340 3297 1383 3352 bie
1399 3298 1534 3366 scriptura

227 3380 265 3429 eet
284 3379 318 3446 (1)
403 3383 438 3433 10
456 3379 596 3449 pertineat
680 3377 754 3432 enim
772 3393 823 3432 om.
844 3375 878 3444 U,
897 3377 928 3430 in
945 3393 1032 3447 marg.
1052 3378 1150 3433 addc
1236 3384 1269 3432 23
1288 3375 1461 3447 propinquas

229 3531 274 3538 ..-

317 3623 333 3670 3
348 3617 487 3686 siquidem
497 3648 530 3657 -
545 3615 648 3686 duplex
662 3615 699 3669 sit
717 3631 767 3669 orn.
786 3614 814 3668 R
867 3621 883 3670 6
898 3616 935 3671 ob
948 3617 1118 3687 praepositio
1130 3650 1163 3658 —
1174 3623 1261 3687 esto
1274 3619 1307 3672 ut
1319 3615 1433 3672 diffudit
1446 3616 1533 3686 Papi·

228 3695 327 3748 manne
345 3698 423 3765 apud
442 3696 645 3751 Cassiodoriunt
659 3712 689 3764 p.
710 3700 788 3750 2293
879 3702 895 3749 6
914 3695 991 3750 obire
1011 3696 1184 3766 charmeli,
1203 3697 1280 3754 obire
1299 3697 1533 3767 1111111111ρὸ-

226 3775 326 3829 rianae
414 3775 555 3830 interdum
572 3774 602 3828 in
621 3774 738 3828 eandem
761 3774 885 3830 litteram
910 3774 1011 3829 11111111
1029 3774 1201 3844 Papirianae
1291 3778 1357 3831 iat
1376 3779 1419 3831 est
1436 3777 1535 3832 offusit

228 3853 395 3909 omminauit
412 3854 452 3924 R,
471 3858 503 3909 ut
521 3856 564 3909 est
581 3853 687 3908 oflulsit
706 3855 857 3910 ommutuit
876 3856 1048 3924 Papirianae
1120 3857 1186 3912 item
1207 3857 1231 3912 si
1249 3876 1268 3928 p
1287 3858 1420 3926 sequatur
1437 3856 1465 3910 R
1526 3870 1536 3881 “

228 3934 379 4000 8111111111
395 3953 414 4003 p
433 3934 554 3990 scribere
572 3934 731 3989 maluerunt
821 3941 836 3988 9
862 3935 1025 3990 semiuocali
1048 3936 1165 3990 contusa
1182 3937 1210 3991 R
1301 3942 1333 3991 12
1357 3936 1484 3991 mutatur
1501 3940 1535 3992 ut

227 4031 311 4085 supra
329 4015 386 4070 dixi
404 4015 434 4069 in
452 4031 514 4069 eam
532 4014 656 4069 litteram
671 4031 688 4068 a
702 4032 759 4083 qua
773 4031 891 4084 sequens
909 4014 1020 4084 incipit.
1049 4015 1153 4071 Verum
1168 4016 1208 4087 R,
1227 4016 1362 4072 maistin
1376 4032 1438 4070 eam
1456 4017 1534 4072 litte-

226 4112 286 4151 ram
306 4111 323 4151 a
341 4113 397 4167 qua
415 4111 533 4165 sequens
552 4094 666 4148 inchoat
684 4095 799 4150 verbum
819 4096 992 4165 Papirianae
1065 4102 1098 4149 14
1116 4097 1232 4163 sonasse
1250 4112 1339 4166 aeque
1357 4095 1533 4151 animadver

226 4175 311 4231 timus
383 4181 415 4231 16
430 4175 459 4229 iu
474 4173 671 4228 semiuocslem
688 4175 807 4230 transire
822 4174 858 4244 a,
876 4175 906 4229 iu
924 4194 937 4230 s
955 4175 1152 4231 semiuocalem
1171 4177 1290 4232 transire
1309 4180 1442 4230 remocior
1460 4177 1532 4230 codi-

226 4257 266 4310 cis
289 4255 424 4317 Vaticani,
436 4260 461 4310 et
479 4253 659 4308 Schneideras
677 4271 789 4324 pramm.
809 4256 856 4309 lot.
876 4272 899 4309 o.
921 4256 942 4307 I
954 4272 985 4324 p.
1005 4259 1061 4309 637
1126 4263 1159 4310 16
1179 4256 1271 4312 variat
1289 4255 1531 4326 significationem,

226 4336 366 4406 geminam
385 4333 604 4390 enuntiationem
622 4332 735 4389 litterae
754 4336 917 4403 sequentem
934 4351 1031 4388 vocem
1050 4334 1218 4404 inchoantis,
1238 4337 1271 4390 ut
1288 4337 1332 4390 est
1349 4334 1490 4403 suscipere
1505 4334 1533 4388 R

297 4422 330 4471 16
353 4415 499 4484 geminans
518 4412 739 4469 enuntiationem
758 4418 890 4468 conector
913 4415 1014 4468 codicis
1037 4413 1176 4480 Vaticani,
1200 4413 1314 4483 gemina
1339 4413 1532 4468 enuntiatione

225 4496 266 4549 cel
278 4513 328 4564 per
343 4496 481 4565 geminam
498 4491 718 4548 enuntiationem
732 4494 845 4549 litterae
859 4496 1021 4564 sequentem
1030 4511 1128 4549 vocem
1139 4493 1330 4549 antecedentis
1341 4491 1531 4547 Schneiderne.

226 4574 415 4642 geminatione
434 4578 584 4631 coniecerat
602 4575 736 4630 Scrutatur
809 4582 841 4631 1‘1
861 4578 894 4629 ut
911 4577 953 4630 est
972 4574 1113 4643 succipere
1132 4579 1265 4627 corrector
1285 4573 1385 4628 codicia
1400 4571 1533 4627 Vaticani

227 4661 261 4709 20
279 4655 418 4723 pertineat
435 4656 464 4710 11
535 4662 568 4709 at
588 4658 621 4709 ut
638 4655 774 4710 deducere
793 4654 983 4709 demonstrare
1002 4651 1150 4707 detrudere
1169 4651 1342 4722 Papirianae
1421 4659 1455 4706 111
1474 4651 1532 4706 inl

226 4733 349 4788 litteram
364 4733 392 4788 Ii
410 4741 435 4789 et
453 4736 535 4790 codes
550 4734 658 4802 Vrsini,
676 4734 706 4788 iu
724 4735 734 4789 i
753 4733 877 4788 litteram
891 4732 919 4786 R
937 4734 968 4786 in
987 4733 1153 4801 corrigendis
1225 4738 1258 4786 23
1277 4733 1408 4804 dimovit]
1429 4733 1530 4788 Horat.

226 4830 307 4870 canu.
328 4815 392 4868 ΙΙΙ
408 4820 434 4881 5,
453 4819 486 4869 51
558 4814 729 4885 propinquas
748 4813 776 4867 n
