3316 5474
621 1181 733 1301 nno
775 1148 1161 1283 GRAMMATICI

546 1343 845 1443 nonnum
894 1343 1234 1443 uariaret

239 1614 261 1651 p.
278 1601 337 1642 Ied.
351 1602 406 1642 Hal.

328 1689 383 1749 Ars
397 1691 585 1768 grammatica
601 1697 647 1749 est
661 1692 783 1751 scientia
798 1689 945 1751 emendati
960 1693 1107 1751 sermonis
1125 1690 1154 1749 in
1175 1688 1321 1769 loquendo
1336 1699 1366 1751 et
1380 1689 1541 1752 scribendo

240 1805 467 1874 poematumque
490 1814 525 1856 ac
548 1794 683 1855 iectionis
701 1796 833 1875 prudens
853 1805 1051 1876 praeceptum.
1088 1800 1297 1874 grammaticus
1315 1804 1361 1856 est
1379 1798 1431 1874 qui
1449 1799 1542 1857 unius

239 1904 384 1981 cuiusque
412 1904 456 1962 rei
484 1904 542 1962 vim
570 1904 842 1982 ac·proprietatem
870 1911 968 1983 potest
991 1902 1147 1982 explanare
1175 1903 1300 1982 loquela.
1346 1905 1417 1964 artis
1440 1917 1569 1982 gram-a

240 2010 362 2069 matieae
381 2009 511 2070 officium
530 2016 646 2069 constat
663 2008 798 2088 partibus
818 2017 972 2091 quattuor,
990 2009 1115 2070 lectione
1130 2007 1334 2069 emendatione
1349 2013 1540 2070 enarratione

239 2115 357 2177 iudicio.
403 2116 490 2177 lentio
518 2125 565 2176 est
592 2118 669 2176 varia
698 2118 842 2195 cuiusque
872 2117 977 2196 scripti
1008 2115 1210 2195 pronuntiatio
1242 2116 1375 2174 serviens
1402 2115 1539 2194 dignitati

239 2239 433 2301 personarum
448 2223 676 2300 exprimensque
690 2221 822 2282 habitum
831 2223 926 2282 animi
940 2223 1094 2300 cuiusque.
1117 2220 1284 2281 emendatio
1295 2231 1341 2281 est
1356 2225 1539 2283 rerurrectio

240 2347 390 2410 errorum,
414 2330 464 2408 qui
487 2332 742 2409 perscriptorem
766 2329 959 2389 dictionemve
984 2329 1066 2389 fiunt.
1109 2330 1256 2389 enarratio
1276 2338 1321 2389 est
1340 2327 1538 2391 obscurorum

239 2453 381 2497 sensuum
405 2438 670 2515 quaestionumque
702 2437 839 2495 narratio.
885 2434 1028 2496 iudicium
1056 2444 1102 2496 est
1129 2454 1188 2514 quo
1217 2444 1348 2515 poemata
1378 2444 1538 2515 ceteraque
1554 2452 1583 2491 ιο

328 2678 419 2734 Codex
437 2678 625 2750 Sauqollenaia
661 2685 675 2732 1
696 2677 831 2734 INCIPIT
850 2675 1094 2732 GRAMMATICI
1114 2677 1286 2732 DOSI'IHEI
1304 2676 1481 2733 MAGISTRI

241 2765 274 2813 10
292 2758 416 2815 narratio
434 2759 483 2813 DE
501 2758 639 2815 IUDICIO
658 2760 795 2814 Iudicium

327 2997 343 3045 3
361 2992 414 3046 Ara
433 2992 616 3061 grammatica
635 3023 667 3032 -
687 2997 766 3060 377,4
786 2989 930 3046 deseendit
948 2978 1038 3044 Βίωνι.
1050 3007 1080 3059 p.
1090 2993 1195 3056 426,12
1268 2995 1284 3042 9
1303 3006 1353 3059 per
1372 2990 1536 3060 scripturam

238 3069 423 3127 dictionemve
441 3072 584 3128 Dioneae

330 3305 435 3391 Τέχνη
467 3302 676 3392 γραμματική
710 3306 799 3371 ἐστιν
830 3306 953 3389 γνῶσις
985 3302 1226 3390 διωρθωμίνης
1259 3298 1391 3388 ὁμιλίας
1422 3303 1459 3368 ἐν
1489 3304 1535 3392 τῷ

238 3410 346 3496 λέγειν
376 3411 432 3478 καὶ
460 3413 497 3479 ἐν
524 3414 569 3503 τῷ
597 3409 739 3497 γράφειν
767 3408 962 3497 ποιημάτων
989 3433 1024 3476 τε
1052 3408 1107 3476 καὶ
1135 3405 1356 3494 ἀναγνώσεως
1384 3413 1538 3494 ἔμπειρος

238 3519 435 3585 διδασκαλία
472 3570 480 3586 .
516 3515 740 3604 γραμματικός
772 3518 862 3584 ἐστιν
895 3511 932 3594 ὃς
964 3512 1039 3594 ἑνὸς
1072 3513 1213 3583 ἑκάστου
1248 3514 1438 3602 πράγματος
1474 3512 1536 3600 τῆν

238 3622 384 3711 δύναμιν
406 3624 461 3690 καὶ
484 3621 545 3711 τῆν
567 3622 745 3712 κυριότητα
770 3620 909 3689 δύναται
933 3625 1115 3708 σαφηνίσαι
1138 3625 1178 3710 τῆ
1206 3626 1312 3712 λαλιᾷ.
1339 3624 1398 3707 τῆς
1419 3621 1538 3705 τέχνης

236 3734 294 3816 τῆς
325 3734 551 3818 γραμματικῆς
579 3728 599 3816 ῆ
627 3729 718 3810 τάξις
749 3729 950 3814 συνέστηκεν
980 3729 1115 3815 μέρεσιν
1147 3729 1315 3813 τέτρασιν,
1348 3726 1565 3814 ἀναγνώσεις

238 3833 420 3923 διορθώσει
444 3834 594 3923 ἐξηγήσει
617 3839 732 3923 κρίσει.
778 3831 967 3918 άνάγνωσίς
989 3835 1080 3901 ἐστιν
1098 3839 1231 3920 ποικίλη
1251 3833 1388 3920 ἑκάστης
1406 3837 1538 3920 γραφῆς

237 3941 424 4028 ἐκφάνησις
452 3940 662 4010 δουλεύουσα
693 3946 738 4034 τῷ
770 3939 932 4028 άξιάματι
957 3945 1025 4009 τῶν
1052 3938 1239 4027 προσώπων
1267 3942 1322 4008 καὶ
1350 3944 1536 4009 ἐκτυποῦσα

235 4047 273 4117 τὸ
302 4053 409 4136 σχῆμα
441 4053 499 4136 τῆς
532 4048 672 4118 ἑκάστου
699 4051 815 4136 ψυχῆς.
866 4046 1051 4135 διόρθωσίς
1080 4048 1171 4116 ἐστιν
1202 4047 1435 4135 ἐπανόρθωσις
1467 4052 1535 4115 τῶν

236 4160 373 4224 πλανῶν
392 4159 459 4224 τῶν
479 4153 535 4223 διά
553 4161 685 4244 γραφῆς
703 4151 723 4242 ῆ
743 4157 860 4236 λέξεως
878 4156 1078 4241 γενομένων.
1115 4153 1266 4241 ἐξήγησίς
1284 4156 1374 4223 ἐστιν
1394 4152 1535 4241 άσαφῶν

237 4266 399 4332 διανοιῶν
422 4264 477 4331 καὶ
506 4262 671 4350 ζητήσεων
700 4265 720 4328 δ
730 4260 922 4349 ιῆγησις.
967 4265 1073 4347 κρίσις
1101 4261 1227 4329 ἐστὶν
1256 4252 1282 4354 ᾦ
1305 4259 1345 4329 τὰ
1369 4260 1536 4348 ποιήματα
1550 4302 1578 4342 10

235 4370 290 4438 καὶ
312 4372 371 4450 τάς
393 4368 510 4450 λοιπάς
537 4367 668 4457 γραφὰς
696 4372 883 4455 διαρτῶμεν
910 4367 965 4435 καὶ
994 4365 1287 4455 διασταθμάμεθα.
1331 4371 1390 4454 τῆς
1420 4370 1537 4456 τέχνης

116 4512 119 4517 ·
235 4482 294 4564 τῆς
315 4481 542 4566 γραμματικῆς
565 4480 603 4544 αί
622 4474 721 4562 άρχαὶ
743 4473 808 4542 άπὸ
827 4479 896 4542 τῶν
914 4480 1087 4560 στοιχείων
1107 4475 1307 4562 ἐγείρονται,
1331 4472 1535 4562 τὰστοιχεῖα

325 4726 530 4788 ῠσυνειιτηκεν
615 4711 785 4787 ἀναγκάσει]
815 4731 973 4782 αναρνωσει
1058 4718 1152 4768 8των
1174 4718 1288 4769 πλάνων
1310 4733 1395 4769 τινων
1415 4716 1463 4768 δια

236 4805 416 4869 9γεναμενω
435 4800 578 4867 εξεγρησις
649 4817 771 4866 ακαφων
844 4801 877 4849 10
895 4791 1022 4864 διήγησις
1040 4811 1090 4849 om.
1163 4790 1239 4849 ἐστὶν
1257 4812 1307 4850 ona.
1419 4846 1422 4851 .
