3316 5474
189 367 231 431 86
667 362 772 416 CAPRI
792 361 838 415 ET
856 358 1030 415 ι11111011οΗ

284 551 431 629 Excerpta
455 551 612 627 utriusque
637 549 819 626 grammatici
843 548 984 627 leguntur
1006 549 1036 607 in
1059 547 1160 607 codice
1179 547 1501 627 Montepessulano

195 660 220 719 ll
248 656 320 720 160
347 658 461 718 decimo
491 655 609 716 saeculo
640 658 764 736 scripto,
793 657 845 734 qui
872 655 942 715 olim
973 653 1093 715 Boherii
1123 655 1191 734 luit,
1220 655 1238 715 l.
1265 653 1370 716 1—3*
1394 658 1503 731 incipit

193 768 266 826 libri
283 766 378 841 Capri
396 765 433 822 de
452 765 622 836 artoprafia
642 780 695 822 seu
714 769 743 822 et
763 765 800 822 de
818 763 918 822 uerbis
937 762 1037 821 dubiis
1051 762 1137 822 Haec
1155 765 1209 821 nia
1228 780 1287 837 quo
1311 765 1396 823 ducit
1418 765 1499 824 dice·

194 889 260 932 mas
287 890 346 931 non
370 872 424 931 ubi
449 871 522 929 Cata
551 871 708 930 descendit
731 871 864 929 dicemus
887 887 946 928 non
971 870 1122 928 discendit
1145 877 1173 928 et
1197 857 1419 944 interropenras
1442 888 1502 944 quo

194 998 255 1054 pira
292 980 370 1037 hora
406 980 480 1036 solet
515 975 562 1034 ire
593 973 682 1049 saras
712 983 741 1035 et
770 994 834 1035 esse
860 974 948 1050 soris.
996 976 1045 1034 Ad
1068 978 1272 1049 praenaticrun
1302 979 1384 1037 uado
1413 978 1504 1053 Apud

193 1089 341 1147 medicum
370 1086 453 1143 disca
478 1115 520 1123 —
550 1083 604 1143 Uir
631 1085 718 1142 ducit
744 1086 854 1142 mittier
876 1084 975 1142 nubet.
1012 1082 1049 1141 cl.
1074 1082 1196 1160 catalog.
1219 1083 1319 1161 ge'ner.
1343 1082 1395 1142 des
1425 1101 1501 1143 man.

196 1213 224 1272 p.
243 1188 316 1252 340.
349 1189 490 1268 pleraque
510 1206 544 1247 ex
566 1189 680 1247 minore
701 1186 788 1266 Capri
806 1186 881 1246 libro
905 1189 1006 1266 petita,
1030 1187 1082 1247 sed
1107 1188 1197 1248 inulta
1222 1190 1310 1248 etiam
1335 1207 1369 1247 ex
1390 1191 1502 1248 maiore

200 1306 229 1359 et
253 1316 289 1357 ex
312 1295 388 1355 libro
407 1295 543 1373 Agroecii
567 1293 673 1374 addita,
697 1296 794 1353 omnia
818 1301 916 1354 autem
940 1292 1045 1354 ordine
1068 1294 1234 1355 litterarum
1258 1295 1398 1374 disposita
1423 1303 1501 1355 sunt.

196 1406 267 1465 haec
291 1404 351 1464 dixi
371 1409 510 1479 excerpta
528 1399 784 1479 llontepessulana
804 1408 834 1460 et
857 1418 959 1480 pauca,
977 1418 1052 1478 quae
1076 1409 1194 1480 praeter
1218 1410 1386 1462 ceterorum
1411 1402 1499 1463 libro·

198 1530 264 1572 rum
289 1513 467 1589 scripturam
487 1506 663 1567 ridebantur
687 1509 827 1566 memoria
851 1506 939 1585 digna
963 1524 1037 1585 esse,
1061 1525 1096 1566 ex
1121 1509 1156 1567 iis
1180 1507 1333 1588 adscripsi.

285 1617 408 1678 Praeter
426 1615 480 1675 hos
502 1614 620 1675 codices
641 1622 757 1674 veteres
777 1612 940 1673 eorundem
959 1612 1103 1674 librorum
1123 1615 1241 1675 codices
1261 1634 1419 1695 superesse
1434 1619 1502 1677 nori

197 1727 259 1786 hos.
293 1724 428 1803 Agroecii
445 1720 653 1801 orthographia
668 1728 698 1781 et
716 1720 775 1780 duo
795 1718 863 1780 libri
878 1719 964 1798 Capri
985 1722 1015 1779 in
1034 1720 1136 1781 codice
1156 1720 1347 1802 Neapolitano
1369 1722 1406 1781 lV
1420 1724 1443 1782 A
1459 1721 1502 1784 34

199 1849 275 1891 saec.
290 1829 329 1889 Xl
344 1829 389 1888 vel
404 1828 456 1888 Xll
478 1828 581 1906 scripti
601 1835 671 1886 sunt
684 1834 761 1886 teste
776 1826 915 1886 lannellio
931 1826 1013 1886 catal.
1029 1825 1099 1886 bibl.
1114 1828 1161 1888 lat.
1177 1847 1250 1888 uuis.
1266 1828 1392 1889 borbon.
1407 1849 1435 1910 p.
1450 1827 1502 1890 27.

197 1940 280 2018 prior
303 1935 391 2014 Capri
414 1933 491 1994 liber
514 1952 582 1994 cum
606 1934 750 2010 Agroecio
773 1935 803 1992 13
828 1932 929 1992 codice
954 1931 1135 2012 Sangallensi
1160 1932 1223 1995 249
1248 1954 1323 1996 saec.
1343 1936 1392 2016 ix,
1415 1938 1502 1997 cuius

201 2047 232 2104 in
257 2043 369 2103 Scauro
392 2042 574 2100 mentionem
598 2041 668 2118 leci,
695 2047 763 2118 post
791 2037 1029 2119 orthographiam
1053 2039 1148 2101 bedae
1172 2041 1294 2123 legitur,
1318 2045 1424 2119 incipit
1451 2062 1506 2103 ars

202 2152 297 2226 Capri
315 2151 352 2208 de
375 2149 575 2222 ortographia
599 2164 685 2207 amen
710 2148 796 2207 Haec
820 2180 862 2188 —
885 2151 1040 2207 stellarum
1059 2152 1184 2224 explicit
1202 2168 1255 2209 ars
1277 2150 1372 2225 Capri
1393 2153 1502 2226 incipit

197 2260 342 2335 prolapus
361 2255 506 2328 Eproeeii
525 2254 651 2314 Domino
670 2288 712 2297 —
729 2256 881 2331 precibus.
915 2259 986 2329 finit
1004 2274 1057 2316 ars
1071 2258 1217 2330 Agroecii
1234 2259 1272 2316 de
1290 2259 1507 2333 ortographia:

200 2368 271 2425 item
294 2366 324 2423 13
349 2361 449 2421 codice
473 2360 633 2439 Reginensi
658 2357 745 2422 2078
769 2380 791 2421 s.
816 2361 868 2436 lll,
893 2365 1000 2439 incipit
1023 2382 1076 2423 ars
1103 2365 1198 2440 Capri
1224 2366 1262 2424 de
1285 2365 1506 2440 orthographia

199 2474 286 2533 Haec
315 2502 353 2511 -
385 2471 535 2528 stillarum
563 2471 641 2545 carpi,
672 2486 725 2527 ars
756 2469 851 2546 Capri
877 2471 915 2529 de
948 2474 1118 2545 ortoprafia
1153 2473 1260 2546 incipit
1287 2488 1341 2528 ars
1369 2470 1508 2544 Aproetii

201 2581 328 2639 Domino
352 2608 393 2618 —
417 2577 568 2651 supplicia
597 2578 634 2634 de
662 2579 818 2636 tormentis
846 2579 995 2636 dicemus:
1023 2585 1053 2637 et
1081 2595 1148 2636 cum
1172 2584 1255 2655 parte
1279 2575 1348 2636 libri
1370 2577 1507 2654 Agroecii

202 2687 232 2745 in
255 2683 390 2743 Parisino
419 2678 504 2740 7491
531 2699 605 2740 saec.
631 2681 656 2740 X
680 2682 701 2742 i.
725 2678 871 2764 85—88,
899 2686 1008 2759 incipit
1034 2701 1088 2743 are
1119 2684 1214 2759 Capri
1240 2686 1279 2743 de
1306 2685 1507 2766 ortapraphia

202 2793 288 2851 Haec
310 2822 347 2831 —-
369 2792 532 2849 stellarum.
571 2792 772 2865 explicitura
800 2791 895 2867 Capri
918 2793 1024 2866 incipit
1043 2794 1189 2866 prolapus
1213 2792 1358 2864 Aproeeii
1380 2791 1507 2850 Domino

208 2930 243 2940 —
263 2917 290 2977 p.
307 2891 392 2956 2267
410 2897 575 2971 positiuurn
594 2897 684 2956 habet
702 2899 789 2955 neulti
806 2899 1026 2973 superlationem
1046 2900 1179 2974 plurimi.
1209 2906 1347 2982 excerpta
1362 2897 1508 2974 Agroecii,

203 3021 278 3082 quae
303 3004 333 3062 in
358 2999 459 3062 codice
483 3000 628 3061 bernensi
652 2998 718 3063 330
742 3003 851 3081 scripta
875 3020 941 3061 esse
965 3002 1039 3084 dixi,
1062 3004 1141 3062 inter
1165 3002 1219 3062 alia
1244 3010 1382 3083 excerpta
1406 3002 1507 3063 ortho-

203 3109 342 3190 graphica
366 3108 506 3187 leguntur
529 3109 618 3168 etiam
642 3110 672 3167 13
702 3107 803 3168 codice
832 3107 1079 3186 Sangermaneusi
1106 3107 1191 3170 1180
1214 3128 1236 3169 s
1263 3108 1301 3168 lX
1325 3110 1343 3168 l.
1367 3105 1509 3189 35—36,

204 3219 280 3278 Item
303 3217 524 3291 orthographia
544 3217 687 3291 Apretins
712 3217 842 3277 libellum
861 3220 953 3292 capri
974 3219 1012 3277 de
1033 3218 1233 3292 ortopraphia
1252 3219 1360 3275 misisti
1376 3218 1452 3275 inihi
1469 3249 1506 3258 —-

206 3327 348 3386 delictum
368 3341 388 3382 a
403 3324 571 3398 peccando.
605 3339 640 3381 ex
658 3319 743 3381 libris
763 3321 1001 3400 quintodecimo
1021 3322 1138 3382 saeculo
1157 3324 1276 3401 scriptis
1296 3321 1383 3401 Capri
1400 3320 1511 3383 librum

207 3431 243 3490 de
272 3427 480 3507 orthographia
509 3429 608 3486 inveni
637 3430 666 3487 in
695 3427 797 3488 codice
825 3428 960 3487 Parisino
989 3429 1084 3509 suppl.
1113 3425 1192 3509 294,
1220 3447 1288 3489 cum
1312 3429 1455 3507 Agroecio
1477 3431 1510 3489 13

206 3536 307 3597 codice
334 3534 495 3612 Reginensi
526 3530 610 3593 1818
640 3543 669 3592 et
698 3535 727 3592 13
761 3534 914 3594 codicibus
943 3534 1089 3595 Vaticanis
1120 3533 1202 3596 1491
1233 3545 1263 3596 31
1293 3529 1390 3615 1492,
1415 3534 1511 3594 solum

206 3642 341 3720 Agroecii
365 3639 473 3699 librum
497 3641 527 3699 in
551 3639 653 3700 codice
677 3639 817 3700 Vrbinate
841 3637 905 3703 308
930 3649 960 3701 et
983 3640 1120 3702 Leidensi
1143 3641 1212 3703 bibl.
1236 3640 1316 3722 publ.
1343 3637 1414 3702 156.

294 3746 451 3806 Lectiones
479 3753 578 3806 autem
613 3745 749 3807 codicum
778 3765 853 3824 quos
880 3747 916 3806 ad
945 3746 1105 3808 editionem
1130 3747 1250 3809 adhibui
1274 3749 1319 3809 vel
1342 3753 1511 3810 accuratius

207 3853 369 3912 examinari
391 3854 431 3912 ita
455 3855 533 3912 inter
557 3870 588 3912 se
612 3852 801 3933 dissentiunt,
824 3862 857 3913 ut
875 3862 1006 3914 veterem
1025 3863 1055 3915 et
1073 3858 1276 3934 incorruptam
1295 3855 1402 3916 horum
1422 3855 1510 3915 libro·

207 3976 275 4019 rum
303 3958 348 4018 vel
377 3966 585 4037 excerptorum
614 3959 738 4019 iormam
762 3961 793 4020 in
816 3960 897 4020 nullo
922 3969 1081 4043 serratam,
1110 3960 1160 4021 sed
1185 3961 1282 4021 studio
1306 3964 1510 4040 grammatico·

209 4083 275 4126 rum
295 4073 324 4126 et
344 4084 400 4125 usu
420 4065 589 4125 scholarum
607 4067 639 4125 13
658 4065 795 4126 omnihus
814 4076 956 4128 mutatam
975 4086 1040 4128 esse
1065 4077 1212 4147 appareat.
1250 4068 1302 4128 sed
1321 4072 1462 4147 quoniam
1481 4072 1511 4129 in

208 4181 287 4233 13313
312 4174 477 4252 scripturae
501 4171 670 4233 diversitate
694 4176 783 4234 unius
806 4173 916 4234 codicis
940 4176 1075 4234 recensio
1095 4174 1244 4253 sequenda
1265 4182 1337 4254 erat,
1361 4193 1398 4234 ne
1416 4174 1511 4235 diver-

209 4299 310 4340 sorum
340 4279 482 4340 librorum
511 4279 654 4339 lectiones
682 4281 894 4361 miscerentur,
921 4280 1050 4341 dubitari
1079 4299 1138 4341 uon
1167 4284 1262 4360 potuit
1293 4283 1365 4359 qirin
1389 4280 1512 4359 reliquis

210 4389 412 4467 praeferretur
436 4387 721 4467 blantepessulanus.
759 4406 826 4447 nam
846 4406 1022 4467 quamquam
1047 4391 1076 4448 13
1101 4388 1156 4447 hoc
1175 4406 1294 4467 quiaque
1315 4387 1412 4467 multa,
1435 4405 1511 4466 quae

210 4495 321 4552 rectius
345 4495 455 4573 scripta
479 4496 618 4574 leguntur
641 4498 671 4555 13
691 4494 902 4574 bernensibus,
926 4502 1037 4554 mutata
1055 4494 1101 4554 rel
1119 4498 1237 4575 omissa,
1261 4495 1404 4574 quaedam
1423 4497 1510 4554 etiam

211 4616 286 4676 quae
314 4597 350 4657 ab
378 4599 572 4674 illisxabsunt
601 4609 703 4680 postea
730 4601 828 4662 addita
859 4608 941 4680 sunt,
971 4609 1068 4660 tamen
1096 4600 1238 4680 pleraque
1267 4604 1378 4662 rectius
1402 4603 1511 4682 scripta
1603 4676 1608 4685 ι

140 4779 152 4791 .
212 4704 332 4765 exhibet
364 4723 452 4783 33331
484 4707 533 4767 illi.
580 4710 679 4787 itaque
703 4708 791 4768 huius
824 4706 891 4768 libri
925 4709 1129 4767 recensionem
1163 4701 1241 4789 (M),
1273 4717 1416 4786 quantum
1447 4709 1512 4768 lieri

212 4819 342 4892 poterat,
376 4810 497 4872 exhibui
527 4832 667 4894 eamque,
698 4812 751 4873 ubi
780 4813 935 4873 manifesto
965 4820 1106 4892 corrupta
1136 4821 1215 4894 erat,
1244 4832 1281 4873 ex
1310 4813 1513 4875 Beroensibus
