3316 5474
227 360 293 425 356
763 359 921 415 AVDACIS

226 463 378 511 omum

660 576 719 642 DE
752 575 1096 643 INTERIEOTIONE

317 726 394 798 Quid
427 736 472 787 est
505 721 693 785 interiectio?
739 724 812 785 Pars
844 726 986 785 orationis
1018 724 1179 785 ostendeus
1209 726 1312 804 animi
1332 733 1443 785 motum
1477 743 1530 804 per

227 835 457 913 suspirationem
483 880 489 892 .
512 833 592 891 vario
616 839 714 892 autem
738 841 820 892 motu
849 831 997 892 adiectum
1024 833 1114 891 animi
1142 834 1236 892 nostri
1264 834 1465 911 expromimus
1494 850 1530 892 ex

227 942 432 1001 interiectione
457 987 464 1000 .
488 947 539 999 aut
563 940 641 999 enim
664 937 813 1020 dolemus,
835 947 870 999 ut
892 945 962 1018 puta
986 937 1045 998 heu
1068 937 1122 998 hae
1142 958 1158 994 s
1178 941 1220 998 sic
1240 947 1271 998 et
1288 938 1342 999 alia
1362 957 1437 1018 quae
1461 958 1531 998 cum

227 1048 424 1109 commotione
444 1047 532 1107 animi
557 1047 743 1124 suspiranter
765 1053 945 1126 promuntur
968 1044 1003 1106 ad
1027 1047 1264 1107 interiectionem
1288 1048 1438 1125 pertinere
1462 1065 1530 1125 pro·
1559 1059 1572 1098 ⁵

227 1155 402 1216 nuntiantur
426 1201 433 1214 .
457 1171 527 1213 sane
557 1159 627 1213 sunt
655 1155 879 1214 interiectiones
908 1171 982 1232 quae
1015 1161 1045 1214 et
1076 1153 1199 1213 aliarum
1231 1155 1359 1232 partium
1387 1155 1531 1214 orationis

226 1260 353 1322 habeant
378 1259 613 1341 similitudinem,
636 1267 670 1320 ut
692 1269 763 1340 puta
787 1260 860 1342 beu,
883 1263 908 1321 si
928 1279 995 1321 cum
1015 1262 1105 1322 animi
1123 1260 1240 1320 adiectu
1265 1261 1448 1341 proteratur,
1473 1259 1531 1320 hoc

226 1377 272 1429 est
300 1386 354 1446 per
377 1370 621 1450 suspirationem,
649 1370 707 1429 erit
734 1369 942 1430 interiectio*
966 1417 972 1430 .
997 1371 1022 1428 si
1050 1385 1120 1428 vero
1151 1367 1324 1448 simpliciter
1351 1368 1531 1448 proferatur,

227 1477 284 1536 erit
302 1473 474 1536 adverbium
495 1468 500 1556 Ι
520 1474 742 1555 respondentis,
765 1483 799 1536 ut
816 1475 892 1557 beu,
913 1474 958 1534 vel
978 1474 1138 1556 laudantis,
1161 1483 1194 1535 ut
1214 1470 1283 1535 ‘beu
1303 1474 1378 1535 bone
1399 1470 1530 1535 iecisti'.

226 1584 263 1662 ei,
287 1584 311 1643 si
331 1600 399 1642 curn
420 1583 509 1642 animi
532 1581 650 1642 adiectu
674 1582 857 1664 proferatur,
880 1581 936 1642 boc
955 1589 1001 1642 est
1024 1600 1078 1661 per
1097 1584 1339 1664 suspirationem,
1362 1584 1574 1643 estrimes-10

226 1691 328 1770 lectio,
358 1696 391 1750 ut
418 1698 488 1769 puta
518 1684 567 1749 ‘ci
600 1689 686 1750 mibi
719 1697 892 1768 quantum
926 1698 1082 1751 mutatus
1115 1689 1154 1750 ab
1184 1688 1248 1749 illo
1277 1686 1448 1750 Hectore'
1474 1738 1480 1750 .
1505 1693 1530 1751 si

228 1815 299 1856 vero
319 1798 348 1856 ei
366 1799 593 1876 provocatione
613 1795 709 1876 aliqua
728 1798 910 1879 proteratur,
933 1799 991 1858 crit
1005 1796 1176 1857 adverbium
1191 1796 1389 1877 exclamantis,
1412 1806 1531 1878 utputa

1109 1907 1141 1966 ei
1164 1904 1264 1986 mibi,

447 2018 550 2090 pater
573 2030 651 2072 esse
674 2009 775 2070 disce
799 2011 840 2070 ab
864 2010 939 2071 illis
963 2014 1025 2090 qui
1048 2030 1130 2071 vere
1155 2013 1307 2071 sciunt.

116 2154 127 2166 ·
226 2136 292 2197 vae,
320 2120 345 2177 si
373 2136 441 2177 cum
471 2120 560 2178 animi
590 2117 707 2176 adiectu
735 2117 918 2198 proteratur,
951 2117 1006 2178 boc
1035 2126 1081 2178 est
1112 2136 1165 2198 per
1198 2119 1440 2199 suspirationem,
1473 2120 1572 2179 crit1⁵

226 2226 409 2304 interiectio,
437 2232 469 2285 ut
498 2220 561 2285 ‘vae
589 2226 698 2284 misero
727 2218 811 2283 mibi'
835 2272 842 2284 .
866 2227 891 2284 si
920 2243 989 2284 vero
1018 2242 1069 2285 vae
1093 2242 1147 2304 pro
1171 2226 1323 2285 vocatione
1342 2224 1437 2303 aliqua
1462 2243 1529 2304 pro-

227 2334 353 2413 leratur,
376 2334 434 2393 erit
458 2331 629 2392 adverbium
653 2330 856 2406 exclamantis,
881 2340 914 2392 ut
937 2327 1000 2392 ‘vae
1024 2327 1118 2392 vobis'
1139 2380 1145 2392 .
1165 2334 1210 2392 sin
1234 2340 1333 2392 autem
1357 2332 1531 2412 simpliciter

228 2457 262 2498 ve
283 2438 441 2499 subiuncta
459 2440 641 2520 proieratur,
665 2441 723 2499 erit
745 2440 930 2520 coniunctio,
953 2447 986 2500 ut
1006 2434 1194 2500 ‘Pariusve
1218 2435 1325 2519 lapis'
1345 2487 1351 2500 .
1371 2459 1398 2522 o,
1417 2442 1442 2499 sl
1461 2458 1530 2499 curn

227 2548 316 2606 animi
334 2546 451 2607 adiectu
470 2547 655 2627 proseratur,
675 2545 730 2606 boc
745 2555 790 2606 cst
804 2565 858 2625 per
873 2521 1116 2628 suspirationem,
1136 2549 1193 2608 erit
1212 2549 1388 2627 interiectio,
1408 2554 1440 2606 ut
1458 2555 1529 2625 puta

439 2673 456 2713 o
481 2654 565 2714 mihi
589 2653 662 2713 sola
687 2655 755 2713 mei
778 2670 886 2732 super
910 2653 1142 2732 Astyanactis
1165 2655 1279 2732 imago
1304 2702 1310 2714 .
1544 2666 1571 2705 20

227 2763 345 2822 sivero
369 2780 386 2820 o
410 2761 445 2822 ad
470 2763 669 2822 accusativum
698 2779 797 2821 casum
826 2761 1008 2840 proteratur,
1040 2761 1097 2820 erit
1129 2760 1300 2820 adverbium
1331 2758 1530 2840 exclamantis,

228 2876 260 2928 ut
284 2863 312 2927 ‘o
336 2868 543 2928 condicionem
571 2863 721 2928 miseram'
754 2875 783 2927 ct
816 2863 845 2926 ‘o
873 2866 983 2928 bellum
1010 2885 1188 2947 magnopere
1216 2861 1498 2947 pertimescendum'
1524 2915 1529 2926 .

227 2994 293 3036 nans
327 2977 352 3034 si
385 2994 402 3035 ο
435 2974 608 3055 simpliciter
640 2975 823 3055 proferatur,
860 2976 917 3035 erit
948 2992 1112 3054 pronomen
1153 2974 1198 3035 vel
1231 2973 1373 3035 articulus
1406 2975 1530 3033 vocativi

227 3101 327 3164 casuS,
350 3089 419 3143 uto
441 3084 512 3166 iste,
536 3082 620 3143 cille
641 3130 647 3142 .
667 3082 719 3143 sod
739 3081 809 3161 quid
829 3083 948 3142 intersit
966 3084 1045 3142 inter
1063 3100 1228 3161 pronomen
1252 3089 1282 3142 ct
1305 3080 1475 3162 articulum,
1500 3084 1530 3142 in

234 3308 242 3324 '
317 3334 330 3381 1
350 3326 399 3380 ns
418 3324 703 3382 rurunrsorroua
723 3325 803 3380 nov.
823 3329 902 3392 non

230 3475 441 3482 -—-—-

319 3566 332 3613 1
354 3559 401 3613 DE
421 3557 709 3614 ΙΝΤΕΒΙΕΟΤΙΟΝΕ
729 3574 778 3611 om.
793 3556 831 3623 B,
849 3558 912 3612 odd.
929 3557 966 3611 Μ
1037 3564 1053 3611 2
1072 3557 1231 3614 Interieetio
1250 3559 1377 3626 estpars
1396 3555 1531 3611 orationis

230 3643 265 3692 M
334 3645 350 3692 3
370 3655 404 3693 ex
422 3639 616 3694 interiectione
635 3640 729 3693 autem
749 3640 875 3695 dolemus
898 3638 930 3691 ui
952 3638 1022 3706 putu
1043 3637 1098 3692 heu
1122 3638 1176 3693 hae
1196 3640 1233 3692 M
1250 3655 1284 3691 ex
1307 3637 1530 3692 interiectionem

227 3719 321 3772 autem
346 3717 472 3773 dolemus
491 3721 524 3771 ut
541 3719 611 3787 putu
629 3735 652 3774 e.
672 3736 698 3771 u.
718 3718 771 3773 hae
789 3719 825 3774 Β.
845 3720 987 3784 lacnnom,
1010 3735 1066 3787 quo
1083 3719 1205 3772 oliorum
1227 3719 1444 3773 intuioctionum
1468 3718 1531 3784 defi-

227 3799 357 3863 nitiones,
375 3814 445 3867 quoe
462 3803 527 3852 sunt
544 3799 621 3867 opud
642 3798 776 3866 Probum,
795 3799 968 3865 audeant,
995 3798 1119 3853 indicavi
1191 3801 1266 3855 tsic
1290 3802 1319 3856 et
1342 3801 1433 3852 cetera
1451 3797 1531 3865 talia,

166 3902 170 3911 ·
228 3894 300 3947 quse
324 3896 386 3932 cum
413 3878 535 3932 motione
563 3876 650 3932 animi
678 3877 849 3947 suspirantsr
875 3880 1053 3949 promuntur,
1082 3879 1118 3933 sd
1145 3879 1370 3936 interiectionem
1392 3877 1531 3947 pertinere

227 3957 380 4028 probantur
400 3958 508 4013 Probus
522 3976 553 4027 p.
572 3962 655 4026 alno
727 3973 790 4012 cum
809 3976 858 4014 om.
876 3961 919 4026 M,
936 3959 1000 4014 odd.
1014 3959 1042 4012 Β
1114 3959 1237 4014 tunimo
1251 3960 1390 4029 suspirare
1404 3960 1431 4012 Β
1445 3957 1532 4012 animi

228 4038 413 4108 suspiratione
434 4038 472 4092 M
551 4037 725 4093 rorationes
749 4038 853 4094 habeut
869 4039 897 4093 Β
977 4037 1143 4094 tellectum
1164 4040 1201 4093 M
1222 4040 1351 4096 effectum
1370 4039 1398 4092 B
1478 4038 1532 4092 hoo

227 4120 272 4173 osb
289 4118 344 4174 heu
362 4135 413 4188 per
431 4118 644 4188 suspirationem
659 4119 733 4171 ΒΜ
745 4161 751 4174 .
765 4120 906 4187 laesurum,
924 4137 979 4190 qno
998 4120 1146 4189 canapium
1165 4121 1220 4175 heu
1238 4120 1441 4185 interiectione,
1460 4118 1532 4186 quod

227 4204 265 4254 est
283 4200 360 4269 apud
380 4199 515 4264 Probum,
534 4199 648 4263 aridii,
672 4199 796 4255 indicavi
867 4209 883 4256 9
902 4203 934 4256 ut
956 4199 1049 4255 fecisti
1071 4201 1127 4255 heu
1150 4201 1221 4255 bene
1239 4200 1267 4254 Β
1341 4205 1373 4252 10
1396 4198 1421 4252 ei
1442 4197 1479 4251 M
1495 4197 1533 4251 Ε1

228 4282 254 4334 Β
272 4280 593 4349 heiRobrrsp.146,11
667 4281 754 4335 animi
768 4298 817 4334 om.
830 4281 873 4346 M,
888 4280 993 4335 noun
1066 4277 1532 4348 suspirationemBsusceptionem

229 4361 266 4413 M
340 4367 371 4413 11
392 4360 438 4414 hei
461 4360 531 4414 mihi
549 4361 621 4413 ΒΜ
626 4381 634 4412 .·
658 4359 737 4429 Vcrpr
756 4363 824 4415 Aen.
845 4361 887 4413 II
903 4365 960 4415 274
1034 4365 1066 4413 12
1086 4359 1193 4429 ulique]
1217 4359 1333 4429 aliquod
1355 4359 1427 4411 ΒΜ
1499 4364 1531 4411 13

229 4440 255 4495 ei
273 4440 355 4510 mihi]
378 4441 484 4495 Terent.
503 4442 621 4509 Adelph.
640 4443 660 4494 I
678 4447 743 4508 2,44
817 4447 850 4495 14
869 4457 929 4495 esse
948 4458 998 4496 om.
1016 4440 1089 4494 ΒΜ
1161 4447 1194 4494 15
1213 4440 1277 4511 vso]
1297 4440 1351 4494 heu
1370 4439 1406 4504 B,
1425 4455 1475 4492 om.
1497 4440 1534 4492 M

265 4528 297 4575 16
317 4523 349 4574 ut
368 4522 435 4592 vue]
454 4522 509 4575 heu
527 4521 596 4575 ΒΜ
667 4522 690 4575 si
709 4538 775 4577 uero
793 4538 828 4574 ue
846 4522 1075 4590 prouocationem
1093 4521 1121 4575 Β
1140 4521 1199 4576 siuo
1219 4537 1254 4574 ue
1276 4519 1476 4590 prouocatione
1498 4521 1535 4573 M

265 4609 297 4656 17
317 4602 360 4656 sin
379 4606 473 4657 autem
497 4602 525 4655 Β
553 4603 575 4656 si
590 4604 685 4656 sutem
701 4603 738 4655 M
810 4606 841 4655 18
861 4601 1006 4673 Pariusve]
1027 4602 1104 4671 Verp.
1120 4601 1188 4655 Aen.
1205 4602 1293 4655 1593
1365 4606 1399 4654 20
1419 4598 1532 4669 omihi]

234 4682 313 4751 Verp.
333 4684 402 4736 Aen.
423 4682 485 4735 ΙΙΙ
503 4686 558 4736 489
631 4689 664 4735 21
685 4683 720 4736 ud
739 4699 789 4736 om.
806 4682 850 4746 M,
869 4682 932 4735 odd.
951 4682 979 4735 B
1050 4689 1085 4738 23
1104 4700 1169 4736 nam
1187 4681 1211 4737 si
1229 4697 1245 4735 o
1266 4679 1430 4750 simpliciter
1448 4696 1533 4747 prop-

228 4764 307 4815 terea
325 4761 355 4813 in
374 4778 403 4815 re
422 4761 475 4815 erit
493 4779 646 4831 pronomen
663 4761 736 4814 ΒΜ
757 4778 830 4815 nunc
849 4761 873 4815 si
891 4778 908 4815 o
927 4761 1093 4833 simpliciter
1115 4761 1284 4832 proferatur,
1308 4760 1362 4815 erit
1380 4775 1533 4830 pronomen

232 4841 509 4909 Probusp.146,27
581 4846 616 4894 24
634 4840 677 4910 ut]
697 4842 763 4895 sunt
780 4839 852 4893 ΒΜ
922 4841 971 4896 sed
989 4841 1057 4912 quid
1076 4843 1113 4896 M
1128 4840 1166 4896 sit
1183 4840 1252 4910 quid
1269 4841 1297 4895 Β
