3316 5474
752 389 945 445 excuncta
1432 391 1498 455 325

192 500 215 536 p,
229 489 241 524 a
256 487 286 527 n.

193 592 246 631 vox
285 574 390 631 emissa
429 572 691 653 cornprehcnditur
728 623 735 635 .
774 575 831 647 Qui
869 577 957 654 primi
994 574 1160 636 litterarum
1198 578 1368 637 inventores
1406 578 1497 638 hrissc

193 677 372 740 traduntur?
405 680 583 762 Phoenices,
603 684 736 761 quamvis
755 682 803 743 alii
823 685 971 762 Assyrios,
990 681 1039 742 alii
1053 681 1233 744 Mercurium
1248 683 1325 763 apud
1341 684 1497 764 Aegyptios

192 795 331 846 asserunt
351 835 357 845 .
377 790 406 847 in
427 787 579 849 Graeciam
599 798 680 850 certe
696 788 838 850 Cadmum
858 808 874 849 e
893 777 1041 849 Phoenice
1062 787 1191 849 sedecim
1211 790 1352 851 adtulisse
1373 799 1497 852 constat.

191 890 293 961 Quas?
318 897 348 953 A
371 893 392 972 β
415 915 436 974 γ
460 892 480 955 d
503 915 519 956 ε
543 917 555 955 ι
577 916 597 956 κ
621 897 639 955 i
663 916 685 975 μ
708 917 729 956 n
754 916 771 957 ο
795 912 819 957 π
842 917 862 978 p
886 910 906 957 σ
928 915 946 955 τ
969 917 1005 977 v,
1033 894 1138 974 hisque
1163 896 1291 958 Troiano
1314 898 1391 959 bello
1415 897 1496 959 Pala·

164 1000 316 1060 smedem·
331 1000 478 1061 addidisse
503 1011 656 1080 quattuor,
681 1022 701 1081 η
726 1009 751 1076 ψ
774 1023 792 1083 χ
816 1022 855 1082 φ,
879 1011 946 1082 post
970 1020 1038 1062 euru
1058 1002 1239 1065 Simonidem
1265 1005 1402 1066 melicum
1426 1005 1497 1066 alias

191 1114 345 1187 quattuor,
375 1103 428 1182 ζξ
453 1129 479 1169 ω
502 1111 529 1169 θ
552 1099 562 1168 .’
581 1108 636 1169 hae
665 1119 801 1189 anctore,
832 1118 864 1169 ut
893 1108 1011 1188 qnidam
1041 1109 1155 1191 volunt,
1187 1110 1338 1190 Euandro,
1374 1121 1407 1173 nt
1438 1112 1496 1194 alii,

190 1211 317 1273 llevcule
349 1216 378 1273 in
407 1213 519 1274 Italiam
548 1234 563 1274 a
592 1215 722 1295 Pelasgis
755 1215 867 1276 adlatae
900 1263 906 1275 .
941 1214 1020 1285 Quot
1053 1234 1101 1275 res
1134 1217 1272 1279 accidunt
1304 1222 1356 1279 nni
1388 1221 1495 1298 cuique

190 1316 328 1380 litterae?
369 1320 444 1380 Tres
475 1369 481 1380 .
510 1317 615 1392 Quae?
654 1321 783 1402 Nomen,
816 1323 922 1402 ligura,
956 1330 1096 1401 potestas.
1140 1323 1252 1385 Nomen
1282 1325 1396 1386 litterae
1425 1326 1495 1406 qnid

190 1422 257 1486 est?
295 1426 360 1498 Quo
388 1427 565 1507 appellatur,
594 1435 626 1487 ut
654 1446 670 1487 a
694 1475 700 1488 .
725 1431 751 1488 Α
780 1446 838 1507 quo
866 1447 975 1508 genere
1004 1426 1158 1496 ecfertur?
1194 1430 1320 1513 Neutro,
1349 1432 1494 1511 siqnidem

151 1549 176 1588 ro
189 1542 220 1593 et
242 1551 345 1592 omnes
369 1533 498 1614 litterae,
521 1533 611 1595 veluti
635 1552 702 1596 cum
724 1535 851 1597 dicimus
870 1536 974 1598 deesse
993 1555 1086 1598 uuum
1107 1555 1122 1597 a
1143 1537 1187 1597 vel
1207 1556 1298 1599 rvnrnn
1323 1538 1350 1599 h.
1387 1540 1496 1618 Figura

155 1654 161 1665 ·
189 1640 305 1700 litterae
329 1658 404 1719 quae
428 1637 495 1701 est?
532 1640 595 1712 Qua
620 1651 739 1702 notatur
763 1691 769 1703 .
793 1642 929 1704 Potestas
953 1639 1051 1723 qnae?
1088 1643 1151 1715 Qua
1176 1647 1205 1704 in
1230 1648 1343 1707 ratione
1372 1649 1495 1707 metrica

190 1746 278 1827 valet,
306 1765 375 1808 cum
402 1756 453 1807 aut
476 1747 619 1826 producta
648 1757 694 1809 cst
715 1758 768 1809 aut
790 1759 929 1830 correpta
953 1799 959 1810 .
983 1761 1013 1812 et
1042 1770 1149 1812 nomeu
1179 1752 1298 1832 quidem
1327 1772 1398 1814 voce
1425 1771 1493 1833 pro-

190 1853 326 1935 terimus,
351 1855 474 1933 liguram
498 1853 592 1915 oculis
615 1854 879 1937 deprehendimus,
903 1866 1079 1936 potestatem
1103 1867 1202 1918 mente
1227 1861 1443 1938 cognoscimus.

278 1960 457 2022 Litterarum
473 1965 587 2041 species
606 1971 680 2041 quot
698 1959 789 2024 sunt?
827 1963 907 2024 Duae
928 1961 1059 2034 .-Quae?
1083 1964 1204 2025 Voeales
1223 1974 1253 2026 et
1271 1974 1492 2027 consonantes.
1515 1989 1571 2039 uqi

150 2076 259 2128 nsunt
282 2071 360 2129 enim
392 2069 506 2130 vocales
535 2088 609 2148 qnae
638 2089 692 2150 per
719 2089 751 2131 se
780 2073 974 2149 proteruntur
1006 2080 1036 2132 et
1064 2090 1118 2151 per
1145 2091 1177 2131 se
1206 2072 1345 2152 syllabam
1374 2075 1493 2134 iaciunt.
1536 2125 1538 2129 ,

189 2173 264 2245 Quid
290 2184 336 2236 est
358 2195 412 2255 per
436 2172 491 2236 sc?
528 2176 598 2237 Sine
617 2176 740 2238 alterius
758 2176 945 2239 adminiculo.
987 2176 1025 2238 Et
1044 2196 1120 2256 qnae
1143 2188 1214 2239 sunt
1236 2198 1312 2258 quae
1341 2181 1404 2240 sine
1429 2179 1494 2240 aliis

189 2299 247 2341 non
272 2280 486 2345 enuntiantur?
523 2283 545 2343 B
570 2302 695 2364 namque
720 2293 750 2344 et
773 2303 789 2345 c
813 2293 990 2363 ceteraeque
1016 2284 1105 2345 huius
1124 2285 1218 2365 modi,
1242 2288 1299 2346 nisi
1318 2296 1492 2367 consonent,

187 2389 316 2466 proferri
340 2399 500 2469 nequeunt
539 2389 660 2452 Vocales
684 2400 756 2468 quot
780 2387 871 2451 sunt?
908 2389 1073 2469 Quinque.
1095 2391 1176 2463 Quae
1196 2389 1291 2453 sunt?
1320 2394 1493 2454 helon.

188 2493 269 2564 Quae
298 2514 399 2557 earnm
430 2499 647 2577 corripiuntur,
675 2515 750 2576 qnae
778 2493 1008 2576 producuntur?
1050 2496 1111 2558 Hae
1139 2516 1243 2558 omues
1276 2501 1352 2579 apud
1380 2520 1435 2560 nos
1463 2510 1493 2561 et

146 2617 174 2655 so
188 2605 391 2682 corripiuntur
415 2612 445 2664 et
467 2602 682 2684 producuntur.
721 2604 797 2676 Quid
821 2603 898 2682 apud
923 2601 1074 2664 Graecos?
1110 2604 1175 2664 Non
1195 2607 1233 2664 ita
1253 2614 1299 2665 est
1317 2606 1394 2685 apud
1414 2625 1491 2667 eos.

186 2717 300 2788 septem
329 2713 409 2772 enim
437 2711 602 2772 litterarum
631 2709 775 2772 vocalium
805 2709 878 2771 haec
906 2719 952 2771 est
980 2710 1099 2772 divisio:
1129 2731 1150 2790 η
1174 2720 1204 2771 et
1228 2732 1253 2771 ω
1282 2711 1385 2791 longae
1413 2723 1492 2795 sunt,

186 2834 201 2877 e
225 2825 255 2876 et
278 2836 296 2877 ο
321 2816 426 2879 breves
450 2829 534 2900 sunt,
556 2839 577 2879 α
602 2840 614 2879 ι
637 2839 658 2880 υ
681 2818 842 2880 dichronae
861 2819 1053 2879 nominantur
1077 2866 1083 2878 .
1107 2827 1266 2898 propterca
1285 2828 1383 2880 autem
1401 2820 1491 2881 latina

186 2921 284 3002 lingua
313 2943 381 2986 suas
410 2929 541 3006 quinque
563 2924 567 3008 Ι
588 2935 619 2988 ct
646 2928 770 3007 corripit
793 2934 823 2988 et
846 2925 997 3005 producit,
1022 2933 1068 3006 ut,
1096 2928 1164 3004 quia
1194 2943 1318 2986 numero
1347 2925 1490 2986 vocalium

255 3101 289 3149 22
310 3098 468 3169 propterea]
490 3099 623 3153 Iulianus
646 3099 679 3153 de
701 3099 792 3152 littere
809 3115 837 3166 p.
857 3103 876 3152 8
894 3097 933 3151 ed.
953 3095 1031 3151 Rom.
1056 3096 1142 3163 uude,
1169 3097 1236 3165 quis
1259 3098 1289 3151 et
1310 3114 1361 3152 uos
1385 3096 1443 3152 illis
1460 3096 1490 3151 iu

184 3191 300 3230 numero
323 3175 482 3232 litterarum
506 3178 645 3233 vocalium
668 3195 723 3232 nou
747 3193 947 3247 coaequemur,
976 3175 1077 3230 saltem
1104 3177 1137 3230 ut
1160 3176 1189 3230 iu
1213 3177 1385 3246 temporibus
1410 3193 1489 3232 coae-

185 3273 314 3325 quemur‚
337 3258 415 3329 ipsae
434 3260 568 3328 quinque,
593 3275 663 3328 quas
686 3258 833 3324 hebemus,
857 3257 905 3311 ubi
928 3272 1039 3312 necesse
1063 3259 1118 3324 est,
1147 3258 1212 3309 sunt
1239 3256 1341 3326 longae
1370 3259 1412 3324 et,
1441 3257 1489 3311 ubi

184 3352 295 3392 necesse
313 3340 368 3408 eet,
387 3342 452 3394 suut
469 3339 566 3394 breves

186 3447 396 3458 ———..-—

257 3506 270 3552 1
291 3498 374 3568 primi
395 3499 557 3571 Vprimum
571 3499 642 3552 ΒΜ
695 3497 759 3552 tin
777 3514 826 3553 om.
844 3497 892 3564 M,
911 3496 976 3551 edd.
990 3496 1018 3548 B
1073 3498 1165 3551 certae
1185 3495 1314 3551 cadmum
1333 3498 1487 3567 epheuicee

186 3575 618 3649 McerteeduumepheniceB
662 3578 1102 3635 tABPAGtEMNZ
1122 3576 1488 3647 nnoursehisque

184 3657 295 3713 troiano
322 3660 397 3714 bello
424 3661 602 3730 palamedem
629 3658 772 3727 addidisq3
804 3660 938 3728 quattuor
967 3661 997 3710 H
1022 3659 1051 3711 Y
1072 3662 1100 3711 X
1120 3662 1143 3711 P
1168 3658 1234 3726 post
1260 3674 1324 3712 eum
1351 3659 1488 3715 simonide

183 3737 303 3792 militem
330 3739 400 3794 alias
424 3743 556 3810 quattuor
581 3741 732 3793 ΨΕΑΕ
755 3740 791 3793 he
815 3741 929 3793 auctore
952 3738 1144 3791 BABPA
1164 3738 1488 3794 ΟΙΞΗΝΖΠΒ

185 3819 252 3871 ΟΦ
273 3822 299 3871 Τ
314 3822 341 3872 it
359 3819 460 3889 hisque
485 3821 593 3875 troiano
616 3820 691 3874 bello
714 3819 889 3888 palamedem
913 3817 1024 3872 uddisse
1047 3820 1179 3886 quattuor
1207 3819 1238 3870 N
1260 3819 1288 3870 Υ
1304 3821 1331 3871 Χ
1348 3823 1371 3872 P
1391 3823 1488 3888 postea

183 3898 368 3952 suimouidem
383 3900 502 3954 militem
517 3900 587 3955 alias
601 3903 734 3969 quattuor
758 3899 786 3952 Y
798 3901 858 3952 EA
873 3900 898 3951 E
910 3898 981 3952 haec
995 3901 1109 3953 auctore
1125 3899 1162 3951 Μ
1176 3941 1182 3953 .
1197 3900 1308 3953 eandem
1321 3900 1488 3966 scripturam

182 3984 289 4032 secans
315 3996 388 4045 man,
416 3999 497 4049 pacem
524 3982 556 4034 in
588 3980 726 4034 Victorini
752 3981 822 4035 libro
846 3999 876 4050 p.
904 3984 1011 4046 19de
1039 3982 1161 4046 restitui,
1193 3997 1357 4049 quemquem
1384 3997 1488 4034 errores

183 4059 315 4114 tetrorum
341 4062 518 4129 prommutico
546 4061 686 4114 tribuendi
713 4075 767 4114 esee
788 4061 917 4114 ridentur
989 4064 1005 4112 8
1028 4060 1107 4130 quid]
1133 4061 1208 4128 quod
1230 4061 1302 4114 ΒΜ
1373 4064 1389 4112 9
1413 4060 1486 4127 quod

182 4141 340 4211 appellatur
360 4143 397 4195 Μ
466 4143 499 4194 ut
516 4157 534 4194 a
551 4142 576 4195 Α
595 4157 650 4210 quo
669 4156 770 4210 genere
790 4139 902 4194 effertur
926 4140 951 4192 V
967 4142 1000 4193 ut
1017 4155 1042 4194 a.
1057 4139 1109 4194 Int.
1127 4139 1187 4204 Quo
1205 4155 1307 4208 genere
1326 4137 1379 4192 hoc
1397 4136 1486 4191 fertur

184 4220 222 4274 Μ
237 4224 270 4276 ut
288 4239 312 4277 a.
333 4222 384 4277 lut.
405 4222 465 4287 Quo
484 4239 585 4292 genere
605 4221 659 4275 hoc
682 4219 800 4274 retertur
818 4219 845 4273 Β
918 4220 1038 4288 Neutro,
1062 4222 1094 4274 ut
1117 4220 1229 4289 quidem
1254 4235 1349 4274 omnes
1373 4217 1485 4272 litterae

183 4304 247 4355 sunt
268 4302 292 4353 V
304 4323 313 4354 .·
326 4303 442 4369 sortasse
455 4305 554 4357 neutro
572 4301 612 4355 sic
631 4299 758 4369 quidem,
777 4301 809 4353 ut
823 4316 919 4354 omnes
932 4301 1043 4357 litterae
1100 4307 1131 4355 12
1146 4317 1245 4355 uocem
1259 4299 1438 4368 proterrimus
1451 4298 1488 4351 Μ

184 4387 218 4434 14
237 4382 313 4446 Quae
333 4388 396 4450 poet
418 4383 495 4437 Duae
519 4400 569 4437 om.
590 4384 638 4449 Μ,
657 4383 720 4438 odd.
739 4382 767 4436 Β
842 4386 874 4434 15
898 4384 964 4436 sunt
987 4381 1062 4435 euim
1086 4381 1136 4449 qui
1158 4398 1208 4450 per
1230 4398 1260 4435 se
1285 4378 1431 4449 proferunt
1450 4378 1486 4431 Μ

183 4469 216 4517 rt
241 4466 406 4533 ceteraeque
434 4469 561 4531 acceptu
587 4463 737 4518 Bobiensiu
768 4461 916 4528 Victorini,
945 4464 1094 4531 ceteraque
1122 4462 1194 4514 ΒΜ
1268 4460 1322 4514 nisi
1351 4461 1485 4512 consonet

181 4542 299 4611 proferri
317 4543 345 4596 Β
364 4544 417 4599 uisi
436 4546 588 4599 consonent
610 4543 733 4613 proferre
755 4542 792 4594 Μ
864 4547 896 4595 ts
917 4541 993 4607 Quae
1017 4559 1112 4597 earum
1134 4541 1373 4611 corripiuntur-
1392 4545 1481 4607 326,1

181 4623 353 4692 temporibus
368 4627 537 4694 exaequetur
550 4627 582 4679 in
595 4626 666 4678 libro
685 4622 822 4677 Victorini
839 4623 947 4689 omissa,
966 4640 999 4678 ea
1017 4624 1107 4678 eodnn
1124 4624 1200 4690 fonte
1217 4623 1306 4677 relatu
1323 4628 1389 4676 sunt
1408 4624 1485 4692 upnd

183 4702 310 4756 Musicen
334 4703 505 4758 Victorinum
518 4721 548 4774 p.
568 4709 649 4770 31,17
723 4709 755 4757 19
774 4702 844 4756 haec
863 4718 959 4758 omnes
977 4704 1005 4756 Β
1077 4710 1112 4759 20
1130 4704 1246 4770 sortasse
1268 4720 1325 4758 non
1348 4703 1391 4758 ite
1413 4705 1482 4758 est.

181 4783 256 4852 apud
274 4799 321 4838 eos
339 4783 413 4838 euim
433 4788 539 4853 septem
558 4783 716 4838 litterarum
788 4788 822 4836 28
841 4785 871 4836 et
889 4782 1005 4852 corripit
1027 4783 1056 4836 et
1078 4782 1207 4852 producit
1231 4787 1260 4840 et
1282 4783 1350 4853 quia
1368 4798 1482 4847 numero

181 4862 354 4950 uocutvilibus
372 4865 400 4916 Β
419 4867 447 4917 et
465 4880 537 4933 quae
556 4863 634 4918 ducit
653 4867 682 4918 et
700 4880 771 4932 quae
791 4881 905 4919 numero
923 4862 1069 4918 uocalibus
1090 4863 1126 4916 M
