3316 5474
614 369 663 423 nu
682 363 973 443 onruoenxrum
1346 431 1353 446 ,
1399 356 1441 422 89

139 564 248 623 artium
278 565 441 642 scriptores
471 569 583 642 pateat,
618 580 677 621 non
708 580 744 622 ex
773 563 810 623 ils
840 557 911 622 solis
941 579 1015 641 quae
1045 556 1162 620 nomine
1194 553 1258 618 eius
1291 550 1440 635 adscripto

139 667 231 729 relata
255 677 325 730 sunt
348 667 576 729 existimandum
600 676 654 729 est.
692 687 788 747 neque
817 671 896 729 euim
924 668 1051 731 dubitari
1079 676 1177 747 potest
1199 667 1270 746 quio
1294 661 1441 744 permulta

138 777 169 836 in
193 773 303 853 quibus
328 793 434 835 nomen
453 773 632 854 appellatum
651 793 710 834 nou
730 783 775 835 est
794 793 829 835 ex
849 777 913 835 eius
932 773 1014 835 libris
1033 783 1150 855 recepta
1169 776 1237 834 sint.
1276 771 1440 832 certissima

139 884 205 942 eius
232 883 351 960 generis
378 881 485 941 iudicia
514 890 585 943 sunt
612 881 688 962 apud
717 882 910 944 Priscianum.
952 886 978 943 is
1005 886 1084 944 enim
1113 892 1143 944 et
1172 884 1202 942 iu
1231 881 1335 959 quinto
1364 876 1441 938 libro

139 989 176 1050 de
205 987 366 1069 generibus
395 990 548 1049 nominum
571 988 699 1068 Caprum
729 989 785 1049 sibi
808 999 960 1051 auctorem
984 990 1074 1051 fuisse
1098 989 1208 1050 iudicat
1230 985 1328 1047 verbis
1351 999 1441 1064 supra

138 1097 257 1177 positis,
286 1113 360 1174 quae
390 1097 416 1155 ei
440 1094 633 1175 disputationi
657 1095 824 1176 subscripta
848 1106 918 1159 suut
940 1117 968 1178 p.
994 1093 1069 1179 171,
1095 1095 1149 1177 14,
1171 1115 1267 1174 supra
1290 1094 1441 1156 dictorum

138 1211 238 1264 tomen
262 1206 414 1264 nominum
438 1222 509 1263 usus
533 1211 561 1263 et
590 1205 675 1279 apud
700 1205 831 1280 Cuprum
855 1212 884 1264 et
907 1207 992 1282 upard
1014 1207 1144 1267 Probum
1169 1207 1207 1268 tle
1229 1204 1330 1266 dubiis
1351 1218 1441 1281 pene-

137 1313 225 1372 ribus
249 1314 372 1386 incenis,
397 1320 427 1371 et
450 1313 479 1371 in
505 1319 608 1371 octavo
632 1309 708 1371 libro
732 1311 937 1373 adnotationes
960 1313 996 1373 de
1020 1316 1111 1375 activa
1136 1314 1180 1374 rel
1203 1314 1318 1394 passiva
1337 1310 1440 1371 verbo·

137 1437 206 1479 rum
229 1418 426 1479 declinatione
450 1438 486 1479 ex
509 1417 612 1479 eodem
638 1419 718 1480 iente
742 1419 846 1481 ductas
869 1438 935 1480 esse
959 1419 1094 1480 similiter
1112 1421 1257 1499 significat
1275 1439 1303 1499 p.
1318 1415 1393 1500 393,
1412 1415 1442 1497 8,

137 1528 194 1588 sed
215 1532 245 1586 et
267 1543 371 1587 eorum
395 1533 425 1587 et
445 1530 638 1603 superiorum
661 1531 792 1589 omnium
820 1549 891 1589 usus
920 1536 980 1589 tem
1003 1530 1088 1604 opud
1112 1529 1243 1605 Cuprum
1266 1544 1356 1602 quum
1381 1526 1441 1586 Pli-

138 1637 222 1696 nium
250 1641 279 1695 et
306 1634 439 1694 Probum
468 1637 609 1694 invenies.
647 1639 787 1711 passivos
815 1654 933 1711 quoque
957 1654 1015 1712 pro
1043 1638 1151 1697 activis
1178 1639 1225 1696 uel
1252 1629 1443 1695 neutralibus

138 1743 262 1803 vocibus
289 1759 329 1802 ex
355 1744 514 1801 contrario
543 1743 621 1801 idem
649 1746 852 1817 antiquissimi
873 1743 1085 1820 proferebant,
1117 1760 1229 1803 career
1257 1760 1316 1819 pro
1349 1759 1443 1802 coreo

137 1851 273 1910 timentes
296 1855 326 1909 et
343 1848 473 1909 obsonor
492 1867 552 1924 pro
571 1850 681 1910 obsone
700 1859 729 1912 et
748 1856 874 1928 copulor
893 1870 952 1929 pro
972 1855 1078 1929 copulo
1096 1858 1124 1911 et
1144 1853 1247 1910 coleor
1267 1868 1325 1926 pro
1347 1853 1440 1922 celeo,

137 1973 267 2032 quorum
286 1962 428 2017 unctores
447 1957 533 2032 opud
552 1958 684 2034 Cnprum
703 1962 806 2033 leqcnt
824 1961 878 2033 qui
894 1976 944 2019 eos
962 1961 1044 2019 scire
1062 1959 1245 2018 desiderunt.
1279 1974 1344 2016 nam
1363 1954 1443 2034 quod

137 2081 197 2123 una
220 2080 289 2123 cum
313 2061 408 2142 Capro
431 2060 562 2122 Probum
586 2070 616 2123 et
638 2062 767 2124 Plinium
791 2064 926 2146 appellat,
950 2067 1027 2126 sicut
1050 2085 1077 2144 p.
1101 2061 1176 2145 490,
1199 2061 1219 2124 9
1243 2072 1274 2124 et
1297 2060 1372 2144 534,
1400 2060 1442 2123 26

137 2168 268 2229 Probum
291 2176 321 2228 et
344 2187 371 2248 p.
391 2165 465 2249 513,
490 2166 508 2228 l
528 2167 659 2230 Probum
680 2178 709 2231 et
732 2170 895 2233 Pollionem
919 2181 949 2232 et
971 2172 1099 2233 Plinium
1124 2190 1191 2232 cum
1211 2171 1260 2232 illo
1281 2172 1444 2250 coniunxit,

136 2295 197 2337 non
221 2278 284 2355 ipse
308 2277 508 2354 antiquiorum
532 2279 792 2354 grammaticorum
811 2278 902 2340 libros
922 2280 1027 2358 legisse
1047 2278 1195 2359 putandus
1215 2285 1270 2359 est,
1294 2277 1345 2338 sed
1364 2278 1442 2357 apud

137 2383 266 2463 Caprum
298 2385 416 2444 nomina
445 2392 474 2444 et
502 2392 660 2463 praecepta
688 2403 792 2445 eorum
821 2387 981 2446 invenerat.
1022 2385 1153 2445 Probum
1181 2387 1300 2464 quidem
1328 2384 1364 2446 ab
1394 2386 1443 2445 illo

139 2492 322 2550 nominatum
350 2489 475 2569 legimus
502 2492 532 2550 iu
563 2493 713 2571 excerptis
741 2491 806 2553 lulii
829 2491 953 2552 Romani
983 2491 1059 2571 apud
1084 2492 1250 2553 Charisium
1274 2512 1301 2573 p.
1327 2489 1399 2574 118,
1425 2491 1440 2552 1

138 2599 182 2658 Fl.
206 2607 305 2659 tumen
337 2598 436 2675 Caper
463 2599 578 2660 Allecto
607 2607 798 2676 monoptoton
827 2619 891 2660 esse
922 2600 1074 2660 Valerium
1094 2601 1226 2660 Probum
1250 2607 1364 2676 pretore
1391 2604 1443 2660 nit.

137 2704 190 2765 sed
213 2704 291 2784 apud
314 2685 594 2765 Prisciauumillud
619 2707 706 2765 etiam
733 2705 850 2785 lougius
873 2710 1010 2786 pertinet.
1047 2725 1114 2767 uam
1138 2709 1279 2784 quoniam
1301 2709 1332 2766 in
1355 2725 1444 2786 expo·

138 2816 246 2874 sitione
274 2811 356 2871 verbi
385 2829 453 2871 eum
481 2830 568 2890 saepe
602 2830 670 2872 cum
698 2812 853 2887 Diomede,
882 2831 970 2891 quom
994 2811 1083 2873 Probi
1112 2815 1205 2892 copiis
1228 2815 1259 2872 in
1282 2812 1336 2872 hac
1359 2821 1443 2892 parte

138 2937 226 2981 usum
249 2935 315 2978 esse
339 2919 464 2997 scimus,
487 2920 724 2979 consentientem
747 2921 929 3000 invenimus,
952 2920 1008 2980 hoc
1032 2918 1159 2980 duorum
1182 2921 1441 2998 grammaticorum

138 3043 288 3087 consensu
316 3043 351 3084 eo
380 3023 531 3105 ducimur,
561 3034 593 3086 ut
622 3043 697 3103 quae
721 3025 878 3086 Diomedes
901 3024 998 3086 Probo
1029 3034 1149 3087 auctore
1177 3033 1318 3106 posuerat
1341 3025 1444 3086 eadem

139 3153 174 3193 ex
199 3132 286 3211 Capri
309 3131 393 3192 libris
416 3132 603 3193 Priscianum
632 3135 781 3213 recepisse
806 3133 953 3211 dicamus,
981 3135 1059 3194 sicut
1081 3133 1141 3193 dixi
1165 3150 1286 3211 gramm.
1309 3132 1357 3192 lat.
1381 3152 1406 3191 v.
1431 3132 1441 3192 l

138 3259 166 3320 p.
190 3237 240 3298 lli
265 3246 295 3299 et
318 3258 343 3298 v.
367 3238 403 3299 lV
431 3258 458 3318 p.
483 3238 582 3300 XVlll.
627 3243 657 3300 in
687 3240 857 3300 nominibus
885 3259 953 3300 vero
981 3246 1101 3319 praeter
1131 3257 1198 3298 eum
1226 3237 1324 3298 locum
1353 3257 1442 3318 quem

138 3365 227 3426 supm
250 3345 375 3406 iudicavi
399 3349 490 3407 certis
514 3349 637 3408 aliorum
662 3356 817 3407 auctorum
842 3349 1018 3407 testimoniis
1038 3346 1132 3425 Capro
1157 3345 1343 3406 vindicantur
1362 3345 1443 3419 haec,

138 3453 174 3514 de
194 3472 219 3513 v.
237 3453 337 3528 fumes
356 3454 373 3512 l.
394 3452 429 3514 Vl
449 3473 476 3533 p.
496 3451 571 3535 243,
593 3451 633 3514 12
652 3463 682 3514 et
700 3452 718 3513 l
738 3453 788 3513 Vll
808 3472 835 3533 p.
855 3450 929 3536 349,
951 3450 991 3514 13
1015 3452 1080 3513 coll.
1104 3452 1234 3531 Pompei.
1259 3472 1286 3530 p.
1305 3449 1376 3531 175,
1391 3450 1443 3532 30,

138 3559 251 3639 explan.
276 3562 305 3619 in
331 3559 402 3620 Don.
426 3580 454 3640 p.
478 3558 553 3643 496,
577 3560 606 3642 8,
629 3570 659 3621 et
682 3560 719 3621 de
743 3579 767 3620 v.
793 3561 896 3638 femur
921 3561 937 3620 l.
962 3560 999 3621 Vl
1022 3581 1049 3641 p.
1073 3557 1149 3642 238,
1173 3557 1193 3619 9
1218 3559 1282 3619 coll.
1307 3558 1388 3618 Serv.
1414 3562 1444 3620 in

138 3665 221 3744 Verg.
245 3666 316 3726 Aen.
340 3665 365 3725 X
389 3664 462 3728 344.
488 3666 561 3730 788.
598 3669 675 3748 apud
704 3669 869 3729 Charisium
897 3687 1016 3747 quoque
1046 3668 1201 3729 manifesta
1230 3669 1351 3745 vestigia
1374 3667 1442 3727 doc·

137 3773 232 3831 trinae
257 3789 292 3830 ex
317 3770 403 3851 Capri
426 3774 510 3834 libris
534 3775 640 3835 ductae
664 3785 814 3853 apparent.
851 3783 970 3854 praeter
994 3784 1133 3854 excerpta
1156 3775 1222 3835 lulii
1246 3774 1384 3854 Romarxi,
1412 3777 1442 3835 iu

137 3876 245 3956 quibus
275 3877 351 3937 haud
380 3878 468 3940 dubie
497 3880 588 3941 multa
616 3880 726 3959 quibus
753 3900 860 3941 nomen
890 3884 1074 3961 grammatici
1103 3881 1285 3961 adscriptum
1314 3890 1444 3943 nonest

137 3983 232 4045 abeo
256 3983 412 4065 desumpta
436 3996 514 4067 sunt,
537 3990 567 4047 in
592 3990 696 4066 primis
719 3987 777 4048 buc
801 3991 953 4067 pertinent
976 4007 1009 4048 ea
1033 4007 1108 4067 quae
1133 3988 1168 4049 de
1193 3989 1389 4050 declinatione
1413 3997 1444 4050 et

136 4090 173 4150 de
197 4088 357 4168 generibus
381 4095 532 4155 nominum
557 4095 666 4174 scripta
695 4102 765 4155 sunt
792 4096 822 4154 in
852 4095 938 4156 titulo
967 4094 1003 4155 de
1028 4096 1266 4157 extremitatibus
1289 4099 1443 4156 nominum

138 4205 167 4257 et
194 4195 231 4256 de
259 4196 385 4257 dirersis
413 4200 636 4277 quaestionibus
664 4220 691 4279 p.
716 4197 886 4262 50-112.
930 4219 1017 4279 quem
1048 4203 1166 4262 titulum
1195 4203 1264 4263 olim
1296 4201 1443 4262 Christius

137 4302 240 4362 Philol.
264 4303 400 4364 cxviii
424 4325 451 4383 p.
474 4303 535 4367 169
560 4326 594 4367 ex
618 4305 703 4366 libris
727 4306 763 4367 de
783 4306 926 4367 latinitate
946 4316 1121 4386 excerptum
1141 4317 1171 4368 et
1190 4309 1248 4369 buc
1268 4308 1442 4368 translatum

137 4427 202 4469 esse
232 4412 366 4471 coniecit.
410 4415 522 4472 rectius
550 4431 645 4491 nuper
670 4412 700 4472 C.
725 4413 760 4473 de
785 4413 941 4473 Morawslri
970 4422 1107 4474 accurata
1135 4414 1171 4475 de
1199 4415 1253 4476 bac
1277 4422 1360 4494 parte
1384 4412 1442 4474 dis-

137 4520 289 4597 putatione
318 4517 417 4578 Herm.
447 4538 472 4578 v.
501 4519 539 4578 Xl
568 4513 606 4600 (a.
637 4515 737 4602 1876)
765 4539 791 4599 p.
821 4516 886 4580 339
915 4538 978 4599 sqq.
1008 4521 1105 4582 iontes
1138 4531 1167 4582 et
1199 4523 1443 4603 compositionem

139 4642 243 4685 eorum
266 4626 398 4685 omnium
426 4643 501 4703 quae
525 4643 560 4684 eo
584 4624 648 4686 loco
673 4629 782 4705 scripta
806 4635 876 4687 suut
899 4627 1119 4689 demonstrarit.
1157 4629 1209 4689 sed
1232 4629 1304 4690 illud
1327 4638 1443 4691 certum

32 4717 37 4723 ⁵
139 4741 193 4812 est,
216 4734 247 4792 in
267 4731 490 4809 quaestionibus
511 4734 663 4793 nominum
683 4732 753 4793 huic
773 4737 850 4812 parti
870 4734 1002 4814 adiectis,
1021 4752 1147 4813 quarum
1166 4753 1235 4814 pars
1249 4737 1280 4796 in
1294 4738 1444 4816 excerptis

139 4836 205 4898 lulii
228 4837 352 4898 Romani
376 4841 501 4916 repetita
525 4848 585 4920 est,
609 4840 699 4901 multa
724 4840 818 4920 Capro
842 4841 952 4902 deberi.
990 4841 1116 4903 aliorum
1139 4842 1259 4921 quidem
1286 4851 1440 4904 auctomm
