3316 5474
227 355 291 419 122
334 376 339 386 ·
543 359 545 364 ’
788 352 963 442 acnoncu

225 467 248 505 p.
261 457 315 497 2112
329 458 354 497 P.

315 542 522 622 Temperantia
547 549 592 600 est
615 543 790 622 animorum,
813 543 988 621 temperatio
1012 559 1122 622 rerum,
1146 543 1306 621 temperies
1328 559 1476 602 aurarum.

314 647 427 708 Passim
451 645 559 724 aliquid
583 648 709 707 inveniri
732 647 769 707 de
793 666 825 707 re
849 646 994 727 corporali
1024 656 1105 709 recte
1129 648 1267 730 dicimus,
1296 648 1405 708 allatim
1429 647 1464 706 dc
1495 666 1527 707 re

226 754 413 835 incorporali.
450 752 522 814 illud
546 755 624 814 enim
648 753 684 813 dc
708 755 837 834 incessu,
859 753 915 813 boc
938 754 975 815 de
999 755 1106 816 allectu
1130 755 1320 815 dictumest.

314 862 412 942 Lepus
435 860 541 922 animal
565 868 619 940 est,
642 860 724 940 lepos
748 862 915 922 iucunditas
938 861 1106 943 voluptatis,
1129 860 1208 922 unde
1231 870 1262 923 et
1280 869 1397 941 gratum
1417 862 1527 941 aliquid

227 968 357 1049 lepidum
381 969 507 1029 dicimus
532 966 628 1047 [lepos
651 966 784 1047 eloquii].
1544 986 1556 1025 s

314 1076 484 1157 Recipimus
507 1074 616 1154 aliquid
640 1074 832 1134 deserendum
857 1077 961 1156 rogati,
983 1076 1162 1154 suscipimus
1186 1083 1287 1135 nostra
1311 1083 1424 1154 sponte.

314 1183 480 1262 Aspicimus
490 1200 619 1262 sursum,
634 1183 833 1260 conspicimus
841 1181 944 1262 palam,
959 1184 1136 1261 respicimus
1146 1189 1237 1262 retro,
1251 1183 1425 1261 inspicimus
1437 1183 1525 1243 intus.

313 1291 471 1350 Praeterea
490 1289 633 1368 temporis
650 1290 813 1369 praeteriti,
833 1287 990 1349 Sallustius
1004 1284 1210 1366 ‘numquam
1230 1288 1408 1368 Hispanos
1427 1307 1528 1367 prae-

119 1390 120 1394 ’
227 1405 327 1463 terea
351 1397 424 1458 tale
448 1397 590 1457 lacinus
613 1395 746 1455 lesisse
772 1389 927 1476 [audivi]’,
951 1397 1093 1475 temporis
1118 1397 1212 1457 luturi

383 1513 575 1584 praeterea
599 1510 659 1563 aut
682 1501 833 1581 supplex
857 1504 930 1563 aris
955 1506 1114 1581 imponet
1136 1505 1315 1563 bonorem.
1542 1523 1567 1560 ro

315 1613 357 1672 Eo
386 1611 509 1673 verbum
538 1612 650 1689 primae
678 1626 822 1687 personae
850 1609 978 1670 laciteo
1002 1612 1082 1670 isit.
1126 1609 1182 1670 ebo
1206 1609 1378 1679 adverbium
1401 1612 1528 1676 iuterro-

228 1722 324 1800 gantis
353 1726 412 1798 est,
439 1725 473 1777 ut
500 1712 581 1777 ‘eho
609 1714 782 1775 Parmeno
811 1709 933 1775 nosti’.
979 1733 1014 1775 eo
1045 1717 1117 1776 item
1145 1715 1315 1776 adverbium
1344 1715 1414 1797 loci,
1443 1726 1476 1777 ut
1504 1720 1529 1777 si

225 1826 306 1886 dicas
329 1821 376 1884 ‘oo
401 1823 538 1884 redactus
561 1817 648 1882 sum'.
685 1820 744 1882 heu
766 1823 935 1882 interiectio
954 1821 1081 1882 dolentis
1100 1831 1154 1903 est,
1178 1843 1215 1884 eu
1234 1822 1394 1885 laudantis:
1417 1823 1528 1884 Teren-

226 1937 286 1995 tius
315 1929 375 1992 ‘eu
402 1925 594 1991 Phormio’.
640 1928 715 1988 heus
743 1927 914 1988 adverbium
943 1931 1089 2011 vocantis,
1118 1930 1177 1990 beu
1210 1931 1426 2009 respondentis,
1472 1931 1528 1990 eho

225 2049 272 2102 est
299 2038 467 2100 interiectio
494 2035 624 2097 iubentis
653 2035 697 2095 rel
726 2034 885 2097 hortantis:
917 2036 1076 2098 Terentius
1104 2032 1188 2096 ‘eho
1218 2056 1320 2118 puer,
1351 2055 1457 2098 curre
1488 2038 1568 2101 adn

224 2138 462 2206 Raccbidem'.

315 2252 419 2312 Limen
442 2249 558 2310 aedium
583 2259 642 2333 est,
666 2250 750 2311 limes
774 2252 936 2330 regionum.

315 2358 436 2419 hrundo
451 2375 543 2417 canna
559 2365 605 2418 est
618 2356 654 2417 ab
669 2357 804 2418 ariditate
825 2358 912 2439 dicta,
935 2358 1070 2419 harundo
1094 2361 1155 2420 avis
1178 2377 1253 2438 quae
1272 2361 1362 2438 tignis
1381 2359 1528 2420 adhaeret.

315 2466 434 2545 Spirare
458 2466 555 2524 virere
580 2472 634 2546 est,
657 2466 808 2543 exspirare
831 2456 915 2525 mori.

314 2572 481 2634 Pertinacia
505 2571 595 2631 malae
619 2574 663 2632 rei
686 2574 905 2651 perseverantia
929 2574 1052 2656 dieitur,
1076 2575 1242 2635 constantia
1264 2573 1367 2634 bonae.
1541 2601 1568 2638 ao

315 2680 533 2758 Consequimur
560 2675 700 2758 pedibus,
723 2677 914 2758 adsequimur
938 2681 1049 2761 studio,
1077 2680 1270 2760 obsequimur
1293 2680 1399 2753 cilicio,
1422 2698 1522 2758 persc-

227 2790 346 2866 quimur
369 2788 485 2866 iniuria,
509 2784 719 2864 subsequimur
743 2785 855 2866 ordine,
878 2785 1088 2866 prosequimur
1111 2795 1187 2847 roto.

313 2893 391 2954 Nihil
424 2891 594 2953 adverbium
627 2900 685 2973 est,
723 2892 807 2952 nihili
839 2911 955 2954 nomen.
1005 2894 1093 2954 homo
1130 2895 1209 2954 enim
1242 2892 1354 2953 nullius
1388 2896 1528 2953 momenti

225 3001 310 3062 nihili
333 3001 449 3061 dicitur.

314 3106 415 3168 Genus
438 3105 573 3180 familiae,
596 3114 714 3185 gentem
738 3107 869 3184 regionis
892 3113 974 3166 recte
997 3106 1132 3168 dicimus.
1385 3148 1388 3154 -
1543 3136 1569 3173 as

317 3315 330 3361 1
352 3305 561 3376 Temperantia]
586 3306 618 3358 in
640 3306 753 3374 reliquia
776 3306 900 3360 lectiones
923 3305 1023 3359 codicis
1042 3305 1077 3373 0,
1100 3307 1179 3361 caino
1200 3307 1338 3376 scripturn
1361 3308 1393 3360 in
1410 3311 1530 3361 entrernn

222 3389 333 3459 popina
349 3388 454 3457 partim
468 3388 555 3441 demo
568 3391 619 3451 eat,
632 3403 689 3440 non
703 3387 857 3454 adscriptae
870 3391 935 3439 snrrt
1007 3385 1162 3441 animorum
1177 3387 1259 3442 111Β
1331 3385 1487 3461 tinuepiri
1501 3387 1529 3439 Β

224 3468 350 3525 inuenire
369 3468 408 3521 M
476 3467 670 3534 repostoriam
688 3467 745 3519 loeo
763 3481 813 3519 om.
833 3465 860 3517 Β
931 3471 947 3518 3
967 3465 1020 3519 boc
1038 3465 1073 3520 de
1091 3467 1195 3522 affectu
1214 3468 1320 3522 dietum
1340 3469 1401 3535 (ont.
1421 3467 1473 3534 eat)
1494 3467 1531 3518 M

224 3551 277 3605 hoe
295 3550 330 3604 de
349 3547 452 3601 affectu
470 3544 575 3598 dictum
595 3547 639 3598 est
656 3544 702 3598 uel
720 3544 754 3598 de
772 3544 833 3598 fatu
851 3544 879 3597 Β
898 3545 951 3598 boc
969 3544 1004 3597 de
1022 3544 1111 3599 affatu
1129 3547 1235 3601 dicim
1254 3563 1271 3604 ς
1343 3552 1359 3600 5
1378 3547 1457 3615 lepos
1470 3546 1528 3600 elo-

225 3630 285 3699 quii
303 3646 353 3683 ont.
372 3628 409 3692 Β,
428 3626 492 3680 aad.
512 3624 549 3676 M
620 3631 636 3678 6
659 3624 832 3694 suscepimus
850 3625 878 3678 Β
951 3625 1106 3696 leuraam]
1132 3626 1298 3695 suspicimus
1316 3627 1343 3680 Β
1416 3633 1529 3680 8num·

226 3709 295 3779 qnid
314 3707 447 3777 hispanos
456 3706 499 3760 'M
511 3723 663 3773 numquam
677 3705 785 3775 hispan*
799 3708 839 3760 B=
859 3706 972 3762 Sallust.
989 3706 1069 3761 Catil.
1084 3713 1129 3773 19,
1144 3713 1161 3762 5
1233 3713 1249 3760 9
1268 3706 1367 3762 fecisse
1382 3705 1478 3760 audiui
1494 3707 1530 3759 M

223 3789 323 3844 facisse
343 3784 461 3856 cognoui
480 3785 508 3837 B
581 3792 613 3839 10
631 3786 787 3856 praeterea]
814 3786 891 3856 Verp.
910 3787 979 3841 Aen.
1000 3788 1073 3841 Iro
1145 3787 1212 3858 aris]
1231 3786 1285 3842 eris
1304 3787 1332 3841 Β
1403 3786 1530 3856 imponet

224 3870 358 3923 honorem
376 3882 426 3920 orn.
447 3864 529 3931 ΜΒ,
549 3865 651 3918 lacuna
669 3866 700 3919 in
720 3868 757 3920 M
774 3867 876 3921 relicta.
904 3869 1033 3922 videnter
1046 3872 1136 3921 1111111
1150 3872 1294 3936 praetereo
1311 3868 1443 3922 1111111111
1461 3885 1530 3935 quoe

224 3952 301 4020 apud
320 3946 469 4016 Verpilium
488 3945 649 3998 antecedunt
668 3949 697 4000 11
715 3947 865 4015 quisquam
883 3963 985 4002 numen
1004 3947 1117 4001 lunonis
1135 3948 1234 4002 adorat
1306 3953 1338 4000 11
1360 3947 1412 4001 eho
1430 3947 1528 4000 aduer-

224 4031 302 4086 binm
324 4058 360 4068 -
383 4023 457 4080 nosti
475 4029 539 4093 poet
555 4030 586 4077 13
606 4025 734 4080 redactus
760 4045 820 4080 sum
844 4034 868 4081 et
891 4029 946 4082 heu
968 4025 1127 4081 interiectio
1146 4057 1181 4067 —
1204 4025 1397 4098 respondentis
1416 4032 1479 4093 post
1497 4033 1528 4079 lu

224 4107 392 4164 Bacchidem
411 4103 582 4173 transposuit
600 4105 746 4159 Petschr'na
828 4113 861 4160 12
881 4109 913 4160 ut
930 4112 994 4160 ante
1012 4107 1064 4160 ebo
1083 4122 1133 4160 orn.
1152 4106 1193 4159 B.-
1215 4106 1320 4160 Terent.
1339 4105 1468 4159 Ennueh.
1488 4105 1530 4155 ΙΙ

224 4198 250 4259 3,
270 4197 308 4246 60
379 4185 508 4257 permina
526 4184 554 4237 Β
617 4187 649 4239 ut
668 4192 731 4240 ante
749 4186 773 4240 si
792 4203 842 4240 om.
861 4187 889 4240 Β
963 4192 995 4241 13
1014 4185 1167 4257 laudantis]
1186 4186 1331 4242 labiduutia
1349 4185 1377 4238 Β
1443 4190 1475 4236 11
1494 4200 1528 4237 eu

224 4271 323 4326 formio
343 4283 359 4327 ς
382 4285 417 4322 eu
440 4282 572 4336 parmeno
594 4266 631 4318 M
652 4282 687 4320 eu
705 4265 824 4322 termino
843 4268 870 4321 Β
894 4285 928 4322 eu
947 4267 1088 4322 Phormio.
1116 4267 1205 4321 idam:
1226 4284 1260 4320 eu
1278 4267 1372 4321 noster
1392 4264 1477 4318 laudo
1494 4281 1525 4331 p:

227 4353 332 4407 Terent.
354 4350 463 4402 Phorm.
483 4346 546 4399 ΙΙΙ
563 4352 588 4411 1,
607 4351 642 4400 14
720 4365 754 4402 en
772 4348 966 4417 respondentis
983 4347 1012 4400 B
1091 4363 1124 4401 eo
1143 4349 1186 4401 111
1203 4344 1360 4401 interiectio
1382 4345 1417 4397 M
1434 4361 1467 4397 eo
1487 4348 1529 4397 111

224 4434 254 4486 11
271 4427 428 4485 interiectio
446 4429 474 4480 Β
556 4433 588 4482 11
608 4444 642 4483 eo
660 4446 729 4498 puer
749 4429 787 4482 M
790 4429 831 4482 B:
853 4429 958 4483 Terent.
977 4428 1077 4498 Heopr.
1098 4428 1182 4481 IIII
1198 4431 1225 4492 4,
1242 4431 1280 4481 97
1364 4431 1395 4479 18
1416 4424 1528 4477 Arunda

224 4528 314 4566 canna
333 4511 376 4564 est
398 4508 434 4562 ab
452 4507 586 4563 ariditate
604 4509 680 4563 dieta
703 4507 841 4578 (harundo
865 4507 951 4562 telum
972 4525 987 4562 a
1006 4524 1096 4562 canna
1114 4508 1177 4562 odd.
1197 4510 1240 4576 p).
1264 4505 1384 4559 hirundo
1408 4502 1468 4556 auis
1487 4507 1529 4556 est

225 4606 297 4659 quae
315 4588 402 4658 tignis
421 4588 563 4642 adhaeret.
591 4586 690 4643 hirudo
710 4587 882 4656 sanguisuga
900 4586 1003 4641 dicitur
1023 4603 1062 4656 sp
1169 4584 1294 4640 harundo
1317 4583 1378 4638 auis
1402 4600 1472 4651 quae
1494 4585 1530 4635 M

224 4668 343 4722 hirundo
366 4666 428 4721 auia
451 4671 495 4721 est
517 4682 589 4736 quaa
612 4667 640 4720 Β
729 4673 760 4722 19
785 4667 912 4737 expirare
935 4666 1006 4720 mori
1029 4681 1046 4724 ς
1068 4664 1209 4735 exspirare
1232 4663 1319 4718 emori
1343 4664 1381 4717 M
1402 4663 1528 4731 expirare

223 4747 312 4804 emori
330 4748 357 4800 Β
420 4750 455 4799 20
472 4745 632 4800 Pertinacia
650 4745 783 4801 malerei
801 4745 876 4802 actio
890 4744 1102 4800 Persenarantia
1120 4743 1222 4798 dicitur
1236 4743 1396 4799 constantia
1413 4743 1488 4797 bona
1501 4743 1528 4796 Β

226 4836 258 4884 21
280 4826 460 4896 obsequimur
479 4855 512 4864 -
530 4825 597 4880 voto
616 4841 666 4883 orn.
684 4824 713 4879 B
785 4832 818 4880 21
837 4824 1044 4898 prosequimur]
1063 4823 1242 4894 adsequimur
1261 4825 1298 4878 M
