3316 5474
691 360 740 416 on
759 361 1044 419 unruocnmmn
1454 369 1518 434 281

215 470 237 508 p.
251 459 311 500 ΞΜ.
325 460 352 499 9³
366 459 391 498 Ρ.

215 544 293 625 quod
322 552 368 605 est
396 547 501 626 nimis,
523 544 571 605 hic
595 555 694 607 autem
717 556 773 623 est
787 541 936 630 σφόδρα,
963 549 1042 628 quod
1070 561 1115 611 est
1139 551 1229 613 valde.
1275 554 1327 613 sed
1355 553 1521 636 aliquando,

214 659 249 713 ut
274 650 350 729 dixi,
377 669 432 732 pro
462 669 497 712 eo
526 653 605 731 quod
633 662 679 714 est
706 654 788 715 valde
817 665 848 717 et
876 655 989 716 dictum
1017 658 1183 717 invenimus
1212 667 1242 719 et
1269 659 1403 720 dicimus.
1441 660 1520 722 unde

215 760 304 819 etiam
332 777 391 820 nou
421 758 494 820 nulli
522 759 604 820 latini
632 760 750 821 codices
780 760 866 839 [non]
896 761 1005 822 habeut
1029 757 1072 822 ‘tu
1101 767 1280 844 praecepisti
1311 765 1446 827 mandata
1471 776 1520 827 tua

157 897 164 908 ·
216 866 367 928 custodire
392 865 507 944 [nimis]
515 862 534 927 '.

176 980 190 1023 ⁶
304 972 404 1034 Noceo
422 972 529 1035 obsum
547 974 735 1035 incommodo
754 976 906 1038 malefacio
925 978 1022 1038 officio
1041 980 1072 1038 in
1092 996 1150 1039 una
1169 981 1383 1059 significatione
1405 998 1519 1059 ponun-

216 1088 274 1162 tur,
297 1080 376 1160 quod
399 1084 505 1160 graece
530 1082 639 1143 dicitur
662 1076 811 1165 diducto,
835 1092 865 1145 et
887 1092 994 1145 cuncta
1018 1085 1147 1147 dativum
1171 1105 1273 1147 casum
1296 1087 1425 1147 trahunt

256 1191 262 1201 '
286 1164 409 1248 'Nullus
432 1197 479 1249 est
502 1197 560 1249 tam
584 1192 614 1249 iu
638 1208 670 1250 re
695 1208 783 1269 quam
805 1193 835 1250 in
859 1209 1000 1274 persona,
1023 1210 1109 1253 nemo
1132 1195 1163 1253 iu
1187 1212 1313 1273 persona
1338 1193 1465 1275 dicitur,
1488 1202 1522 1255 ut

217 1312 254 1355 ne
277 1293 374 1355 bomo.

303 1400 436 1483 Natales,
463 1402 493 1463 id
521 1415 568 1464 est
591 1404 772 1480 nobilitates,
801 1408 935 1488 nuptiae,
962 1425 1070 1488 nonae,
1099 1426 1201 1489 nares,
1229 1407 1393 1488 nundinae,
1417 1425 1521 1488 nugae,

177 1509 321 1569 ¹⁰neuiae
343 1508 468 1588 pluralia
493 1520 623 1572 tantum:
653 1519 684 1571 et
706 1529 760 1571 nar
782 1515 957 1574 invenimus.
995 1517 1098 1575 nenias
1118 1524 1217 1576 autem
1236 1515 1339 1576 dicunt
1362 1514 1519 1596 epitaphia,

216 1614 246 1676 id
269 1624 316 1676 est
338 1618 468 1677 carmina
492 1636 567 1697 qvvae
591 1621 621 1679 in
646 1621 818 1679 memoriam
841 1628 1028 1695 mortuorum
1051 1624 1082 1682 in
1107 1621 1218 1683 tumbis
1241 1621 1422 1683 scribuntur.

304 1722 437 1802 Nequam
462 1733 491 1785 et
515 1744 608 1804 nugas
631 1728 727 1786 omnis
749 1728 869 1807 generis
892 1736 922 1788 et
945 1730 1062 1788 numeri
1085 1736 1155 1789 sunt
1178 1736 1209 1789 et
1232 1747 1286 1808 per
1309 1748 1414 1790 omnes
1432 1748 1519 1790 casus

216 1838 343 1892 currunt
362 1826 367 1911 Ι
387 1849 506 1912 semper
529 1833 691 1911 aequaliter
715 1832 807 1915 dicta,
836 1836 968 1912 quamvis
992 1834 1175 1915 Augustinus
1199 1835 1277 1897 dicat
1303 1856 1399 1917 nugae
1430 1856 1520 1916 nuga·

217 1954 283 1996 rum
306 1939 401 2017 nugis.
439 1938 540 1998 ierunt
563 1947 663 1999 autem
686 1939 764 2018 quod
789 1958 881 2020 nugas
909 1939 1056 2002 hebraeus
1083 1960 1182 2002 sermo
1212 1945 1250 2004 sit
1283 1953 1313 2004 et
1340 1943 1419 2005 idem
1443 1944 1520 2024 apud

177 2052 204 2093 1⁶
217 2060 268 2102 eos
291 2042 370 2122 quod
395 2045 472 2125 apud
496 2064 550 2105 nos
574 2047 733 2128 signiticet,
756 2047 785 2108 id
810 2057 855 2108 est
878 2047 950 2109 levis
974 2044 1004 2109 e't
1026 2066 1132 2129 pravae
1156 2053 1264 2112 mentis
1287 2051 1431 2113 homines.

305 2150 380 2211 Novi
404 2153 482 2212 nosti
505 2154 586 2213 novit
609 2156 745 2215 novimus
768 2157 863 2215 nostis
886 2165 1034 2217 noverunt
1063 2157 1106 2216 sic
1129 2155 1295 2219 declinatur
1319 2167 1349 2219 et
1370 2160 1521 2238 praesenti

216 2267 247 2318 et
269 2260 430 2338 praeterito
454 2260 599 2341 perlecto,
624 2263 672 2321 cui
689 2243 801 2322 'similia
825 2270 895 2323 sunt
918 2259 967 2322 odi
990 2270 1020 2322 et
1043 2264 1173 2323 memini.

304 2364 421 2426 Noccor
448 2369 566 2427 noceris
594 2376 676 2428 recte
705 2367 829 2451 dicitur,
864 2371 998 2448 quamvis
1025 2368 1115 2448 aliqui
1142 2373 1324 2448 grammatici
1352 2381 1522 2432 asseverent

217 2490 277 2567 non
300 2471 409 2533 debere
430 2472 488 2533 dici
508 2492 627 2555 noceor,
651 2474 703 2535 sed
727 2482 853 2535 nocetur
873 2475 952 2535 mihi.
990 2493 1087 2555 neque
1106 2478 1185 2538 enim
1204 2476 1402 2557 Hieronymus
1425 2494 1521 2557 gram·

177 2581 393 2641 ”maticorum
416 2581 548 2660 regulam
571 2580 737 2663 ignorabat,
761 2585 812 2660 qui
835 2584 866 2642 in
888 2580 1032 2662 propheta
1051 2582 1169 2644 Abacuc
1189 2577 1230 2665 (c.
1249 2585 1281 2658 1,
1301 2577 1338 2664 2)
1362 2586 1402 2645 ita
1426 2593 1520 2645 trans·

217 2689 296 2750 lerre
319 2706 379 2749 non
402 2690 516 2770 timuit,
540 2684 591 2749 ‘et
613 2708 681 2749 non
705 2688 880 2770 salvabis,
903 2687 983 2748 dum
1006 2683 1166 2749 noceor'.

304 2795 398 2856 Necto
422 2798 490 2857 nexi
512 2798 683 2876 praeterito.

305 2903 402 2964 Noctu
426 2906 568 2983 temporis
592 2913 638 2965 est
660 2902 846 2989 adverbium,
869 2911 956 2964 nocte
979 2920 1087 2963 nomen
1112 2910 1164 2963 est.

305 3008 428 3071 Nubunt
453 3010 597 3072 feminae:
629 3013 672 3071 vir
696 3013 774 3071 enim
802 3009 898 3090 ducit,
927 3009 1033 3070 mulier
1062 3009 1161 3091 nubit,
1189 3013 1256 3089 quia
1285 3011 1372 3090 pallio
1395 3011 1522 3076 obnubit

179 3125 308 3196 neapol
330 3135 489 3196 genasque.

306 3224 492 3307 Nongentos,
516 3244 575 3285 non
600 3234 768 3304 nungentos
791 3222 827 3283 ab
852 3242 965 3285 novem.

306 3331 438 3410 Nequam
462 3350 522 3392 non
547 3331 656 3392 malum
680 3332 839 3410 significat,
862 3329 914 3391 sed
938 3331 1081 3392 inutilem.

305 3437 390 3499 Nubo
414 3441 516 3519 nupsi,
540 3441 674 3519 nuptiae:
701 3457 769 3499 cum
794 3437 902 3498 vocalis
925 3438 1074 3518 seqnitur,
1098 3436 1115 3497 b
1139 3437 1229 3499 debet
1251 3457 1330 3520 esse3
1354 3458 1422 3501 eum
1446 3460 1515 3502 con·

217 3562 340 3627 sonans,
363 3564 390 3624 p.

178 3666 206 3706 ao
306 3651 444 3712 Nascitur
459 3653 537 3731 qvvod
554 3662 639 3714 utero
654 3654 772 3734 decidit,
783 3629 933 3714 enascitur
947 3643 1027 3731 q'uod
1042 3652 1078 3714 de
1094 3661 1172 3713 terra
1183 3661 1234 3713 aut
1248 3652 1284 3713 de
1295 3670 1370 3731 aqua
1380 3659 1522 3734 exsurgit.

305 3757 385 3818 Nihil
403 3757 574 3820 adverbium
593 3771 653 3844 est,
676 3760 760 3822 nihili
780 3779 896 3822 nomeu.
933 3759 1021 3820 bomo
1041 3762 1119 3821 enim
1144 3759 1254 3821 nullius
1274 3763 1415 3822 momenti
1439 3763 1538 3824 nibili-

217 3863 335 3926 dicitur.

305 3971 393 4034 Navis
408 3976 496 4034 unius
512 3977 583 4035 ratis
598 3994 705 4036 nomen
725 3984 783 4058 est,
803 3976 950 4050 navigium
965 3977 1062 4035 omnis
1076 3974 1197 4035 classica
1217 3974 1372 4053 profectio.
1406 3977 1522 4037 naucle-

212 4228 216 4237 ·
307 4203 322 4251 1
342 4201 477 4266 quaeest
495 4199 579 4254 nimis
599 4201 636 4253 Μ
706 4198 754 4267 qui
772 4197 856 4253 ualde
875 4198 903 4252 P
971 4198 1071 4252 sed-
1092 4197 1166 4266 quod
1186 4197 1329 4251 eslvalde
1349 4214 1398 4252 om.
1418 4198 1456 4251 Μ

216 4277 302 4347 2qui
319 4280 362 4334 est
380 4279 464 4333 uelde
484 4278 512 4331 P
582 4279 703 4335 :tetiam
722 4296 772 4335 orn.
793 4279 821 4332 P
890 4277 1009 4332 tuimis
1027 4294 1077 4334 om.
1097 4277 1146 4335 512
1217 4282 1233 4330 b
1259 4275 1396 4331 maleficio
1416 4278 1454 4330 Μ

217 4364 234 4412 9
252 4358 355 4413 ostelia
373 4357 402 4412 id
421 4361 465 4413 est
482 4359 613 4414 nobilitas
634 4361 671 4413 M
736 4358 850 4429 nuptiae
864 4387 900 4398 -
913 4356 1086 4427 scribuntur]
1107 4372 1205 4411 nemas
1224 4354 1347 4425 pluralia
1366 4358 1476 4410 lentum
1494 4361 1523 4412 et

218 4454 268 4492 nar
285 4438 443 4493 inuenimus
462 4441 577 4509 nuptiae
597 4457 677 4495 nereo
696 4439 792 4494 nenias
812 4470 845 4478 —
869 4438 1028 4493 scribuntur
1045 4451 1134 4491 nonne
1153 4435 1294 4511 nundinae
1318 4452 1408 4505 nugae
1427 4436 1455 4490 P

220 4522 252 4571 10
275 4517 368 4590 nenio]
392 4518 555 4591 neomeniae
580 4519 617 4572 Μ
688 4525 720 4571 11
747 4517 830 4588 quae]
855 4517 903 4585 qui
923 4517 952 4570 P
1021 4524 1055 4571 13
1074 4515 1151 4573 dieat
1168 4516 1216 4574 eL
1234 4516 1267 4570 dt
1287 4514 1432 4570 Pdixerit
1450 4518 1488 4571 Μ

219 4603 252 4650 14
270 4597 320 4667 qui
337 4614 426 4668 ηυςεε
446 4597 474 4650 Ρ
489 4615 542 4670 que
562 4614 652 4667 nugas
672 4597 710 4651 Μ
727 4597 794 4665 quia
811 4614 900 4666 nugas
919 4597 969 4655 511
1032 4604 1063 4652 17
1084 4596 1131 4652 odi
1149 4593 1264 4650 memini
1284 4593 1313 4646 P
1370 4600 1403 4649 21
1423 4595 1522 4667 Neque

180 4700 189 4710 .
216 4693 272 4731 non
289 4677 327 4732 nd
345 4677 450 4732 mulum
470 4676 609 4746 significat
627 4677 656 4729 P
705 4682 740 4731 28
758 4693 822 4730 cum
836 4678 986 4745 posteriorc
1004 4677 1061 4734 loco
1079 4693 1129 4731 om.
1150 4676 1179 4729 P
1234 4680 1268 4728 30
1287 4675 1362 4744 quod
1381 4674 1429 4747 de]
1449 4695 1522 4745 quae

217 4754 253 4810 de
273 4757 310 4811 Μ
326 4774 345 4827 q
363 4757 397 4812 de
417 4758 446 4810 P
503 4758 564 4827 eut]
583 4775 617 4812 ac
635 4757 683 4815 sL
747 4758 864 4827 exurget
881 4756 910 4810 P
977 4762 1009 4811 31
1029 4755 1112 4811 nihili
1127 4754 1275 4826 posteriore
1293 4754 1350 4807 loco
1368 4770 1418 4810 om.
1438 4756 1487 4813 sla

217 4842 251 4892 33
270 4836 359 4892 Nauis
376 4837 458 4892 unius
477 4837 557 4891 nauis
575 4837 643 4892 ralis
661 4838 689 4890 P
756 4835 913 4907 navigium]
932 4852 1036 4891 nanum
1057 4835 1086 4889 P
1154 4833 1313 4890 nnuiclerus
1332 4834 1360 4888 P
