3316 5474
260 371 325 439 538
683 374 912 432 renumerare
938 375 1134 432 somnusue

259 476 436 529 pmmn

259 562 470 625 historicorum
493 572 523 625 et
546 572 710 644 poetarum.
756 564 792 625 de
816 563 924 643 quibus
947 564 1041 626 titulis
1060 565 1115 625 hac
1133 565 1347 626 moderatione
1368 560 1534 646 tractabo,
1555 572 1586 625 ut

259 671 410 751 superdua
433 671 614 752 despiciens,
638 672 803 731 necessaria
827 670 958 733 breviter
981 690 1146 753 exponens,
1174 688 1231 732 nec
1254 671 1409 733 fraudem
1440 672 1585 734 studiosis

259 777 363 839 faciam
386 795 442 839 nec
467 776 618 838 fastidium
641 776 782 838 delicatis.

765 1021 825 1087 Du
849 1020 1038 1088 LITTERA

346 1184 457 1249 Littera
480 1186 558 1247 dicta
582 1186 667 1266 quasi
689 1184 826 1267 legitera,
850 1205 885 1247 eo
908 1187 987 1266 quod
1010 1186 1177 1266 legentibus
1200 1188 1258 1248 iter
1275 1197 1431 1267 praestet
1476 1208 1514 1251 ea
1533 1197 1600 1250 ests

257 1296 339 1356 vocis
361 1292 532 1355 articulatae
560 1310 629 1373 pars
657 1293 784 1353 minima.
830 1312 887 1354 vox
914 1302 1013 1356 autem
1041 1293 1150 1355 dicitur
1177 1293 1333 1355 articulata
1366 1314 1453 1375 quae
1482 1294 1575 1357 scribi

257 1409 368 1481 potest,
390 1402 512 1463 rnniusa
536 1419 612 1480 quae
635 1400 725 1462 scribi
744 1420 804 1462 non
823 1409 929 1483 potest.
969 1400 1084 1464 litterae
1102 1401 1241 1463 accidunt
1259 1401 1314 1483 lll,
1339 1421 1457 1466 nomen
1477 1404 1573 1485 ligura

255 1515 396 1589 potestas.
437 1527 545 1570 nomen
564 1516 611 1569 est
633 1527 692 1588 quo
710 1497 851 1585 ematur,
874 1512 968 1589 figura
991 1528 1049 1588 qua
1072 1508 1227 1591 scribitur,
1249 1517 1387 1589 potestas
1412 1529 1475 1590 qua
1501 1509 1572 1591 quid

256 1618 351 1697 possit
377 1625 506 1697 apparet
551 1614 718 1676 litterarum
747 1619 865 1677 nomina
892 1616 1138 1678 declinationibus
1167 1623 1269 1677 carent
1297 1619 1469 1697 neutrique
1500 1626 1571 1680 suut

256 1725 387 1803 generis,
410 1723 489 1783 unde
508 1721 613 1783 Cicero
631 1724 662 1782 in
682 1721 813 1784 Verrinis
837 1718 967 1804 ‘usque
990 1723 1031 1784 ad
1055 1722 1208 1784 alterum
1230 1718 1272 1784 r'.
1317 1723 1440 1785 litterae
1461 1740 1601 1785 omnesn

256 1841 307 1891 aut
328 1830 444 1891 vocales
467 1829 608 1891 dicuntur
631 1839 682 1890 aut
705 1838 910 1890 consonantes.
957 1829 1072 1891 vocales
1099 1837 1170 1890 sunt
1193 1848 1267 1910 quae
1292 1838 1323 1890 et
1351 1834 1439 1892 sonis
1464 1834 1565 1913 singu·

256 1937 368 1999 laribus
392 1944 529 1999 constant
552 1947 582 1998 et
605 1935 683 1997 solae
708 1936 832 2015 syllabas
861 1938 987 2018 iaciunt,
1014 1937 1077 1996 sine
1106 1934 1215 2014 quibus
1242 1936 1321 1997 nialla
1351 1937 1467 2016 syllaba
1496 1955 1563 2018 pro·

255 2053 382 2107 creatur.
429 2053 499 2106 sunt
522 2049 621 2104 autem
644 2060 768 2103 numero
791 2042 824 2125 V,
847 2062 862 2104 a
887 2063 903 2104 a
926 2046 937 2103 i
960 2062 977 2104 o
1000 2061 1028 2103 ιι.
1074 2061 1150 2122 quae
1174 2042 1243 2104 licet
1266 2062 1371 2105 omnes
1396 2044 1561 2105 dichronae

255 2155 329 2235 sint,
350 2152 380 2213 id
403 2160 450 2213 est
472 2159 503 2211 et
524 2149 648 2230 produci
669 2159 699 2209 et
718 2152 827 2231 corripi
847 2152 974 2232 possint,
999 2158 1096 2210 tamen
1116 2169 1132 2211 a
1152 2153 1162 2210 i
1181 2170 1201 2210 u
1219 2152 1249 2210 in
1268 2159 1401 2230 utroque
1421 2160 1559 2233 tempore

255 2258 381 2320 similem
404 2256 557 2339 possident
580 2274 699 2337 sonum,
727 2265 760 2317 ut
783 2274 851 2317 acer
870 2275 952 2317 amor
975 2259 1036 2317 itur
1060 2258 1117 2317 iter
1140 2275 1218 2317 unus
1245 2255 1305 2317 ubi.
1352 2275 1368 2317 e
1395 2276 1469 2319 vero
1493 2267 1525 2320 et
1541 2278 1558 2319 o
1572 2273 1595 2314 ιι

254 2364 414 2447 dupliciter
436 2365 644 2445 proferuntur:
667 2380 733 2423 nam
757 2382 825 2424 oum
849 2366 1010 2444 corripitur
1034 2382 1063 2445 e,
1091 2382 1146 2444 pro
1169 2383 1185 2424 e
1207 2381 1313 2443 graeco
1343 2371 1403 2446 est,
1431 2373 1466 2426 ut
1490 2384 1559 2447 ego;

255 2491 324 2534 cum
347 2471 538 2553 producitur,
560 2489 615 2552 pro
633 2491 668 2553 ry,
691 2481 724 2531 nt
747 2469 839 2531 Leda:
862 2472 993 2549 itemque
1013 2478 1031 2530 o
1050 2488 1118 2530 eum
1138 2471 1311 2550 corripitur,
1335 2488 1391 2550 pro
1411 2490 1430 2531 o
1449 2490 1559 2550 graeco

256 2586 314 2663 est,
337 2588 372 2640 ut
393 2577 493 2659 polus;
521 2597 588 2640 cum
611 2578 800 2659 producitur,
823 2596 877 2657 pro
902 2598 942 2658 ω,
967 2585 999 2638 ut
1021 2577 1122 2637 lloma.
1168 2585 1320 2657 praeterea
1344 2578 1355 2636 i
1378 2587 1410 2639 et
1433 2597 1454 2639 u
1479 2587 1558 2640 tram

255 2695 344 2748 seunt
361 2688 392 2747 in
411 2689 637 2747 consonantium
656 2692 847 2768 potestatem,
871 2703 938 2745 cum
957 2687 1070 2763 primae
1089 2686 1120 2744 in
1139 2682 1257 2764 syllabis
1275 2685 1389 2764 positae
1409 2685 1456 2746 vel
1475 2688 1558 2767 ipsae

255 2796 333 2856 inter
356 2813 388 2856 se
412 2793 585 2875 cohaerent,
609 2802 641 2853 ut
664 2791 737 2852 luno
761 2794 833 2873 rita,
860 2790 906 2852 vel
930 2791 994 2853 aliis
1018 2791 1168 2853 vocalibus
1192 2789 1381 2872 copulantur,
1410 2802 1445 2855 ut
1469 2792 1596 2855 lanusao

255 2901 362 2962 Venus.
408 2901 593 2961 seducam
621 2909 667 2960 est
694 2918 873 2980 consonans,
901 2899 1078 2982 digammae,
1106 2899 1233 2960 aeolicae
1260 2897 1391 2980 litterae,
1419 2900 1558 2981 iungitur

255 3027 342 3089 sono,
374 3015 409 3068 ut
442 3007 548 3068 Venus.
569 3008 574 3082 Ι
595 3005 646 3066 sed
679 3025 698 3066 u
732 3024 800 3067 oum
832 3007 911 3067 inter
943 3025 962 3084 q
994 3017 1024 3068 et
1056 3023 1272 3086 quamcumque
1305 3003 1391 3065 aliam
1423 3007 1558 3069 vocalem

254 3117 389 3195 ponitur,
412 3133 466 3195 pro
490 3112 580 3174 nihilo
604 3121 662 3194 est,
685 3122 719 3174 ut
737 3114 891 3192 quoniam:
915 3131 982 3173 nam
1002 3132 1060 3173 non
1080 3120 1179 3192 potest
1198 3129 1263 3171 esse
1282 3129 1463 3187 consonans,
1488 3116 1557 3194 quia

255 3240 315 3282 non
339 3231 386 3282 ost
408 3222 503 3301 prior,
526 3229 555 3281 et
577 3218 753 3299 prohibetur
776 3237 842 3281 esse
866 3217 975 3278 vocalis
998 3236 1014 3277 a
1038 3225 1181 3297 sequente
1205 3216 1305 3277 vocali.
1347 3237 1418 3279 sane
1442 3222 1452 3280 i
1477 3222 1558 3282 inter

255 3328 329 3389 duas
351 3327 466 3389 vocales
488 3329 582 3407 posita
605 3328 636 3386 in
660 3345 718 3387 una
742 3336 825 3407 parte
845 3327 1001 3407 orationis,
1024 3326 1049 3385 si
1068 3343 1234 3385 consonans
1252 3326 1318 3405 fiet,
1341 3324 1471 3405 duplicis
1491 3326 1558 3388 loco
1571 3344 1597 3384 ss

255 3436 401 3515 iungitur,
424 3443 458 3496 ut
480 3434 575 3494 Troia.

345 3542 497 3603 Consonae
521 3550 590 3602 sunt
617 3560 692 3621 quae
716 3560 789 3602 sono
813 3551 935 3603 naturae
960 3559 1029 3602 suae
1059 3538 1208 3600 vocalibus
1231 3540 1408 3600 miscentur:
1437 3558 1500 3602 uon
1525 3552 1560 3605 ut

254 3648 364 3710 liberae
393 3657 512 3730 sonant,
543 3648 594 3709 sed
628 3658 661 3710 ut
694 3648 817 3709 obnixae
846 3658 1023 3730 consonant,
1055 3667 1110 3708 nec
1142 3664 1283 3726 umquam
1316 3644 1393 3706 solae
1427 3646 1560 3727 syllabas

255 3758 380 3837 iaciunt,
417 3757 550 3835 quamvis
586 3756 666 3816 velut
702 3753 828 3834 syllabae
861 3756 1059 3834 proterantur.
1123 3754 1177 3814 hae
1210 3770 1281 3812 vero
1313 3750 1448 3813 bifariam
1482 3755 1559 3818 disi·

255 3863 380 3924 duntur:
403 3870 454 3923 aut
476 3863 554 3921 euim
578 3861 766 3921 semivocales
790 3861 929 3922 dicuntur
953 3869 1004 3920 aut
1027 3869 1133 3920 mutae.
1170 3857 1360 3919 semivocales
1383 3868 1455 3920 sunt
1479 3881 1599 3942 quaeso

255 3969 386 4031 detracta
410 3968 502 4028 vocali
525 3987 541 4028 a
564 3985 622 4047 qua
645 3968 784 4030 inchoant
807 3968 959 4029 dimidium
983 3975 1098 4029 sonant.
1139 3974 1209 4026 sunt
1231 3973 1330 4025 autem
1348 3983 1477 4029 numero
1497 3970 1561 4055 Vll,

256 4077 298 4139 il
323 4095 351 4137 m
374 4095 394 4137 n
418 4094 433 4135 r
456 4094 470 4135 s
493 4094 520 4136 ιι.
561 4073 613 4135 sed
637 4094 654 4134 ιι
678 4073 803 4135 duarum
823 4076 1048 4136 consonantium
1067 4074 1200 4152 iungitur
1219 4072 1297 4153 loco,
1319 4079 1354 4131 ut
1372 4073 1433 4135 nix.
1470 4095 1487 4137 s
1507 4078 1560 4140 ali·

255 4183 372 4265 quando
396 4182 511 4263 sibilus,
540 4200 599 4242 non
623 4181 720 4242 littera
748 4182 909 4263 iudicatur,
936 4190 968 4242 ut
996 4176 1137 4260 ‘ponite
1165 4198 1246 4257 spes
1274 4178 1343 4240 sibi
1371 4180 1561 4263 quisque'.

255 4292 317 4353 lm
344 4309 364 4351 n
391 4309 407 4351 r
434 4290 560 4369 liquidae
589 4299 744 4370 vocantur,
777 4291 845 4368 quia
873 4290 903 4348 in
930 4297 1025 4348 metro
1054 4304 1141 4366 saepe
1165 4285 1319 4347 deliciunt:
1343 4285 1365 4367 l,
1389 4296 1425 4347 ut
1449 4284 1562 4353 ‘neve

343 4533 531 4605 idespicieus
549 4550 565 4587 v
584 4532 734 4603 dispiciens
752 4531 780 4584 Β
852 4528 1001 4585 timinilae
1019 4545 1088 4584 corr.
1107 4528 1224 4583 minima
1240 4529 1269 4583 Β
1340 4531 1562 4591 'lacceduntB

293 4620 325 4668 10
344 4614 440 4669 Cicero
459 4614 487 4667 iu
506 4614 643 4686 Verrinia]
662 4614 696 4679 cf.
719 4612 839 4679 Pompei.
854 4628 884 4679 p.
903 4616 998 4678 mar
1073 4616 1104 4664 12
1125 4611 1260 4679 syllabam
1279 4626 1348 4666 corr.
1368 4643 1403 4651 —
1425 4613 1476 4670 bas
1493 4617 1525 4671 B

255 4700 288 4749 21
308 4694 473 4764 degammae
491 4695 518 4747 Β
537 4693 713 4763 digammae
786 4697 820 4745 22
840 4693 900 4746 loco
919 4708 989 4746 corr.
1007 4708 1074 4745 sono
1094 4692 1121 4744 B
1193 4698 1226 4746 28
1245 4694 1361 4760 sortasse
1379 4691 1510 4752 adnexae

255 4780 289 4827 29
307 4773 377 4828 haec
395 4789 462 4827 uero
480 4774 507 4827 B
591 4780 623 4827 31
650 4770 801 4827 dimedium
825 4771 852 4823 R
936 4772 1096 4843 seponite]
1126 4773 1291 4841 Vendere.
1312 4771 1440 4828 xlaoo
1526 4787 1563 4836 aa

255 4854 337 4925 neve]
362 4852 440 4922 Very.
458 4869 544 4922 yeory.
565 4853 607 4906 II
623 4859 681 4908 299
