3316 5474
216 345 286 426 ’194
762 365 990 420 cnssrooonu

208 466 241 508 Ἰ).
256 461 311 501 2³08
325 461 349 500 P.

219 553 368 626 tempore,
392 546 620 627 significatione,
644 547 690 606 rel
720 550 743 606 si
775 567 809 608 ex
834 549 889 609 alia
916 558 999 628 parte
1028 549 1169 608 orationis
1197 547 1418 628 descenderint,
1449 567 1525 628 quae
1565 553 1567 561 '

217 651 408 713 observantes
427 655 540 725 minus,
564 662 598 713 ut
616 672 697 735 reor,
721 654 895 715 errabimus.
928 663 1021 715 restat
1039 673 1094 714 nos
1112 653 1187 714 deb
1211 653 1321 735 littera,
1346 673 1421 733 quae
1445 658 1524 715 simi-

217 759 285 820 liter
304 762 333 820 in
353 760 451 820 verbis
471 762 559 820 etiam
578 762 740 840 invenitur,
765 770 892 821 tractare
916 760 1033 840 plenam
1054 763 1255 842 imponentes,
1279 769 1312 821 ut
1335 770 1421 842 puto,
1445 761 1524 821 labo-

217 868 259 926 ris
289 869 442 928 rationem.
489 884 556 926 nam
587 869 612 925 si
642 885 678 927 ex
708 869 827 927 nomine
858 866 1008 945 verboque
1038 869 1132 927 oratio
1165 868 1296 946 perlecta
1327 870 1526 949 componitur,

216 973 292 1033 banc
316 992 434 1053 quoque
458 983 573 1053 partem
596 981 626 1033 et
650 974 861 1034 immeditatam
885 973 1054 1052 relinquere
1074 991 1132 1033 non
1155 976 1357 1036 necessarium
1381 983 1412 1035 et
1434 993 1552 1054 supras

217 1099 280 1141 eam
305 1080 438 1140 laborare
463 1098 680 1160 supervacuum
704 1080 811 1141 iudico.
855 1081 891 1140 de
920 1080 975 1141 hac
998 1083 1089 1159 igitur
1112 1090 1195 1160 parte
1220 1082 1352 1162 regulas,
1380 1084 1523 1160 quantum

216 1205 389 1268 possumus,
412 1187 542 1248 breviter
567 1187 758 1269 meditemur,
781 1189 930 1249 indicativi
955 1188 1032 1247 modi
1056 1190 1182 1267 primam
1206 1191 1399 1268 inspicientes
1422 1208 1522 1268 perso·

216 1312 298 1375 nam,
318 1294 399 1355 verbi
419 1295 532 1355 scilicet
551 1297 637 1356 activi
658 1296 702 1355 vel
722 1298 810 1356 etiam
829 1298 937 1356 neutri.
969 1297 1046 1355 sicut
1065 1298 1143 1356 enim
1162 1299 1301 1378 activum,
1321 1299 1364 1357 sic
1383 1306 1414 1356 et
1431 1297 1523 1374 pessi·

217 1419 284 1460 rum
304 1401 464 1462 scribetur:
489 1404 604 1464 namin
624 1402 833 1463 communibus
857 1411 887 1463 et
910 1402 1127 1481 deponentibus
1151 1403 1261 1465 nullam
1284 1390 1416 1463 invenire
1440 1404 1523 1482 potui

216 1511 427 1585 quaestionem.
461 1528 496 1568 ex
517 1510 592 1570 datis
612 1514 690 1571 enim
709 1513 739 1570 in
760 1512 878 1570 nomine
899 1510 1009 1589 regulis
1028 1512 1270 1590 exponendisque
1289 1513 1318 1570 in
1336 1509 1427 1570 verbo
1446 1527 1521 1587 quae
1537 1529 1563 1567 ro

216 1616 407 1675 inveniuntur
431 1616 642 1679 iudicabuntur
666 1617 788 1678 facilius.
826 1619 938 1696 primae
958 1626 1056 1678 autem
1079 1636 1224 1697 personae
1248 1616 1374 1677 similem
1398 1618 1522 1675 formam

216 1731 376 1798 sequentes
405 1725 534 1784 retinere
564 1744 622 1784 non
651 1724 774 1785 dubium
803 1732 856 1784 est.
900 1732 930 1784 et
958 1725 1026 1804 quia
1049 1726 1145 1784 omnis
1168 1727 1263 1804 prima
1287 1723 1394 1803 syllaba
1419 1723 1521 1783 verbo-

216 1846 299 1908 rum,
322 1831 351 1889 in
376 1831 584 1891 communibus
608 1841 659 1892 aut
682 1830 899 1910 deponentibus
922 1830 1018 1890 media
1041 1850 1160 1910 qunque
1184 1850 1238 1911 per
1261 1851 1278 1889 v
1301 1830 1431 1890 vocalem
1457 1829 1522 1889 loco

213 1937 339 2013 positam
364 1940 554 1998 consonantis
579 1937 733 2017 scribitur,
757 1945 881 2015 excepto
906 1935 1017 2010 baiulo,
1047 1936 1138 1998 bullio
1162 1940 1251 1998 etiam
1275 1938 1354 1996 iuxta
1379 1954 1468 2016 quam
1491 1937 1520 1994 in

217 2056 429 2065 0—--——

284 2107 472 2161 terranimus
487 2107 577 2161 ABG
628 2109 718 2162 restat
732 2108 764 2160 ut
777 2124 828 2161 nos
845 2139 878 2147 —
897 2110 1049 2162 tractemus
1066 2108 1166 2163 Carmo
1220 2109 1337 2178 apoto]
1356 2109 1422 2177 pote
1441 2107 1468 2160 Β

214 2184 356 2239 laboribus
372 2186 470 2241 Carrio
524 2195 540 2241 5
555 2190 585 2242 et
598 2187 795 2242 inmeditatam
808 2188 966 2258 relinquere
982 2189 1168 2244 necessarium
1181 2191 1210 2243 et
1224 2205 1308 2257 supra
1318 2205 1380 2243 eum
1395 2188 1522 2242 laborare

212 2283 267 2320 non
282 2284 484 2335 superuacuum
498 2268 525 2321 Β
540 2270 569 2322 et
581 2268 776 2324 inmeditatem
791 2268 947 2337 relinquere
960 2285 1017 2322 non
1031 2269 1217 2323 necesserium
1230 2270 1259 2322 et
1273 2285 1357 2337 supra
1367 2285 1430 2322 eam
1445 2267 1521 2321 lebo-

214 2362 275 2400 rare
291 2363 346 2400 non
361 2363 562 2416 superuacuum
577 2350 605 2401 A
621 2351 650 2403 et
663 2348 860 2403 inmeditatem
874 2348 1032 2418 relinquere
1041 2367 1097 2404 non
1107 2346 1295 2402 necessarium
1310 2350 1353 2402 est
1366 2363 1449 2417 super
1459 2362 1520 2400 eam

212 2426 340 2482 laborare
367 2444 569 2495 superuacuum
596 2428 620 2481 Ο
646 2431 676 2484 et
701 2428 906 2484 immeditatem
932 2428 1088 2498 relinquere
1113 2447 1169 2484 non
1194 2427 1382 2483 necessarium
1408 2430 1463 2493 est,
1492 2429 1522 2478 et

213 2523 296 2575 super
314 2523 348 2561 en
366 2507 448 2560 valde
468 2507 595 2562 laborare
615 2527 819 2580 superuacuum
839 2507 937 2564 Carrio
1001 2515 1017 2564 6
1038 2510 1162 2579 regulas]
1182 2510 1271 2562 restat
1287 2511 1320 2560 ut
1339 2507 1369 2573 0,
1388 2522 1437 2560 cm.
1457 2507 1485 2558 A

214 2592 248 2640 10
263 2586 486 2656 exponendisque
501 2587 530 2640 in
544 2589 630 2643 uerbo
645 2607 716 2657 qnae
731 2591 760 2645 in
771 2591 857 2645 uerbo
871 2589 1054 2645 inueniuntur
1067 2590 1094 2643 Β
1108 2589 1278 2659 exponendis
1292 2603 1363 2657 quse
1378 2585 1408 2639 in
1422 2585 1520 2639 uerbo·

215 2683 269 2734 que
287 2667 467 2721 inueniuntur
484 2669 512 2720 A
531 2670 758 2740 exponendisque
775 2672 805 2725 in
823 2671 917 2725 uerbis
935 2669 1116 2724 inueniuntur
1136 2668 1159 2721 0
1230 2674 1262 2721 12
1283 2669 1312 2722 et
1330 2667 1398 2735 quin
1416 2665 1519 2736 omnis]

212 2751 242 2800 et
260 2764 331 2816 qnae
351 2747 444 2801 omnin
463 2747 523 2800 AB
529 2747 552 2800 0
622 2753 651 2803 et
674 2750 741 2817 quis
759 2751 853 2805 omnia
877 2751 970 2820 prims
989 2751 1097 2819 syllubu
1114 2750 1262 2803 uerborum
1280 2747 1310 2800 in
1328 2745 1521 2801 communibus

212 2838 263 2889 aut
281 2836 483 2905 deponentibus
502 2836 631 2906 ueniunt,
650 2839 745 2893 media
762 2857 872 2909 quoque
892 2840 991 2894 Carrio
1059 2845 1092 2892 13
1112 2838 1172 2908 sut]
1192 2825 1227 2892 nt
1241 2838 1267 2890 A
1286 2853 1320 2891 ac
1339 2835 1363 2889 0

1288 3020 1519 3027 *-

665 3143 849 3198 MARTYRII
867 3144 916 3198 DE
934 3144 957 3197 B
975 3143 1023 3198 ET
1041 3141 1067 3196 V

215 3328 290 3390 quae
314 3309 450 3370 similiter
473 3312 504 3369 in
528 3309 626 3369 verbis
650 3312 736 3370 etiam
766 3313 929 3392 iuvenitur,
958 3319 1084 3372 tractare
1112 3309 1228 3390 plenam
1257 3311 1458 3389 imponentes,
1486 3318 1519 3368 ut
1592 3330 1600 3339 ·

212 3426 297 3498 puto,
326 3416 419 3476 labori
448 3419 602 3478 rationem.
639 3436 706 3478 nam
735 3421 760 3478 si
784 3438 820 3478 ex
844 3420 961 3478 nomine
986 3417 1135 3498 verboque
1160 3419 1255 3478 oratio
1283 3417 1416 3496 perlecta
1439 3433 1517 3475 conr-

211 3527 346 3605 ponitur,
369 3524 445 3584 hanc
469 3543 588 3603 quoque
612 3535 726 3604 partem
751 3535 781 3585 et
803 3525 1014 3586 immeditatam
1038 3523 1208 3602 relinquere
1231 3543 1292 3584 non
1315 3508 1516 3584 necessarium

213 3639 242 3691 et
265 3650 354 3711 supra
375 3650 438 3692 eam
462 3630 595 3692 laborare
617 3649 868 3711 supervacaneum
892 3630 999 3690 iudico.
1036 3629 1073 3689 de
1096 3628 1151 3690 hac
1174 3632 1265 3708 igitur
1288 3639 1372 3710 parte
1391 3629 1517 3708 regulas,

213 3747 355 3817 quantum
374 3757 542 3819 possumus,
560 3736 690 3798 breviter
709 3737 896 3818 meditemur,
915 3737 1065 3797 indicativi
1083 3736 1162 3797 modi
1181 3740 1305 3816 primam
1325 3719 1543 3816 inspicientess

212 3864 382 3926 personam,
410 3844 491 3904 verbi
520 3844 632 3904 scilicet
659 3847 745 3904 activi
774 3843 819 3903 vel
847 3846 935 3903 etiam
961 3844 1067 3904 neutri.
1104 3822 1285 3904 sicutenim
1309 3845 1451 3923 activum,
1474 3845 1516 3902 sic

212 3960 242 4012 ct
264 3954 412 4031 passivum
436 3950 599 4011 scribetur:
631 3968 697 4009 narn
721 3953 750 4011 in
776 3949 982 4011 communibus
1007 3958 1037 4010 ct
1063 3950 1281 4029 deponentibus
1305 3951 1414 4011 nullam
1437 3954 1516 4010 inre·

212 4061 277 4119 nire
306 4061 390 4138 potui
419 4061 623 4138 quaestionem
653 4057 838 4138 [recipiens].
875 4077 911 4118 ex
935 4058 1010 4118 datis
1034 4059 1112 4118 enim
1137 4059 1309 4117 innomine
1334 4057 1444 4136 regulis
1468 4078 1516 4118 ex-

213 4167 417 4245 ponendisque
437 4168 467 4226 in
487 4165 577 4226 verbo
597 4186 672 4244 quae
691 4167 882 4225 inveniuntur
901 4164 1111 4225 iudicabuntur
1131 4163 1253 4223 facilius.
1285 4165 1397 4242 primae
1417 4173 1516 4225 autem

211 4292 356 4353 personae
375 4274 500 4334 similem
520 4275 643 4333 sormam
663 4280 822 4351 sequentes
845 4290 988 4352 personas
1008 4273 1095 4332 etiam
1120 4268 1278 4350 [reliquas]
1302 4273 1431 4331 retinere
1457 4291 1514 4331 non
1532 4288 1557 4324 10

211 4381 335 4442 dubium
354 4390 408 4442 est.
445 4390 475 4442 ct
498 4384 565 4460 quia
590 4383 685 4441 omrris
709 4382 802 4460 prima
822 4379 930 4459 syllaba
950 4378 1122 4459 verborum,
1140 4380 1171 4437 in
1190 4375 1396 4440 communibus
1415 4386 1514 4438 autem

212 4498 241 4549 et
269 4487 486 4568 deponentibus
514 4488 609 4548 media
639 4507 757 4568 quoque
788 4506 842 4566 per
869 4507 886 4545 v
917 4487 1045 4547 vocalem
1075 4487 1139 4546 loco
1170 4485 1295 4564 positam
1324 4489 1514 4546 consonantis

299 4687 315 4733 3
335 4682 443 4748 purtem
461 4678 667 4734 immeditatem
686 4677 842 4746 relinquere
861 4694 917 4731 non
935 4676 1122 4733 necessarium
1142 4677 1185 4731 est
1203 4691 1286 4745 super
1304 4691 1366 4729 eum
1387 4674 1515 4730 laborare

211 4775 413 4830 superuacuum
426 4760 520 4814 iudico
540 4759 569 4812 P
638 4757 855 4827 8recipiens1'
871 4755 1021 4826 Recipidn
1039 4757 1072 4811 N
1147 4755 1380 4811 9indicubuntur
1398 4756 1463 4809 NP

212 4848 245 4896 10
263 4842 411 4908 sequentes
430 4839 516 4894 etiem
534 4837 654 4892 retinere
674 4837 702 4890 P
771 4844 802 4893 11
823 4839 918 4891 nutem
931 4850 987 4894 'orn
1007 4839 1035 4892 P
