3316 5474
230 367 293 432 148
767 368 994 426 cassiouoau

227 479 250 519 p.
263 469 371 510 rasi-ss
384 469 409 508 r.

229 570 395 613 consonans
418 551 615 632 perscribitur
634 552 767 635 quidem,
791 561 925 615 ceterum
943 555 975 615 in
994 553 1174 614 enuntiando
1194 553 1301 615 durum
1322 563 1352 614 et
1375 552 1533 614 barbarum

229 668 322 720 sonat
359 666 390 720 at
412 660 438 719 si
461 661 611 740 posterius
630 658 752 720 verbum
771 659 933 739 quamlibet
952 669 1164 721 consonantem
1184 658 1321 720 babuerit
1339 658 1384 719 vel
1404 658 1533 744 rocalem

228 764 293 827 loco
316 768 442 846 positam
465 766 668 847 consonantis,
696 774 794 827 servat
815 786 846 827 m
873 766 989 828 litterae
1013 785 1128 827 sonum.
1166 784 1218 845 par
1241 767 1320 826 enim
1343 775 1431 844 atque
1455 766 1534 825 idem

228 881 275 933 est
298 875 401 934 vitium
424 874 464 933 ita
488 891 555 933 cum
580 871 672 933 vocali
692 873 696 948 Ι
717 875 795 934 sicut
818 891 885 934 cum
909 882 1138 934 consonantem
1162 873 1290 934 litteram
1314 875 1488 953 exprimere.

316 995 371 1057 Est
404 996 546 1077 quaedam
576 996 675 1057 littera
702 999 733 1058 in
760 999 776 1060 f
804 997 920 1060 litterae
947 1000 1078 1080 speciem
1110 999 1249 1078 figurata,
1281 1017 1357 1077 qnae
1390 998 1561 1077 digammae

229 1106 410 1186 nominatur,
433 1106 502 1183 quia
525 1104 600 1165 duos
622 1107 721 1183 apices
743 1125 779 1185 ex
802 1124 915 1186 gamma
942 1105 1040 1167 littera
1068 1104 1178 1166 babere
1207 1105 1349 1166 rideatur.
1387 1106 1422 1165 ad
1446 1105 1534 1165 buius

228 1210 452 1273 similitudinem
476 1214 540 1273 soni
565 1214 660 1273 nostri
684 1215 857 1274 coniunctas
878 1212 992 1273 vocales
1016 1212 1183 1292 digammon
1202 1212 1348 1293 appellare
1369 1211 1535 1291 voluerunt,

229 1325 263 1377 ut
285 1326 331 1378 est
355 1327 454 1380 votum
478 1321 568 1397 virgo.
605 1320 706 1397 itaque
730 1320 761 1378 in
784 1320 878 1397 prima
902 1316 1012 1398 syllaba
1035 1318 1179 1396 digamma
1201 1326 1231 1379 et
1254 1317 1384 1378 vocalem
1403 1321 1535 1398 oportuit

228 1426 312 1505 poni,
335 1426 435 1487 fotum
458 1427 555 1506 firgo,
578 1424 656 1504 quod
681 1432 711 1484 et
734 1425 839 1486 Aeoles
861 1425 998 1487 lecerunt
1022 1433 1052 1486 et
1074 1427 1187 1503 antiqui
1211 1427 1322 1505 nostri,
1345 1427 1423 1485 sicut
1442 1427 1533 1503 scrip·

229 1538 295 1590 tura
325 1533 355 1591 in
384 1531 559 1611 quibusdam
587 1531 694 1593 libellis
722 1531 858 1593 declarat.
902 1531 978 1591 banc
1006 1531 1136 1592 litteram
1159 1530 1319 1592 Terentius
1341 1530 1433 1591 Varro
1451 1530 1532 1591 ,dum
1550 1543 1575 1582 1⁰

228 1637 289 1697 vult
312 1637 530 1721 demonstrare,
554 1641 592 1700 ita
616 1636 789 1718 perscribit,
813 1651 892 1699 vav.
930 1638 982 1716 qui
1005 1656 1076 1716 ergo
1099 1639 1130 1698 in
1152 1636 1208 1697 bac
1231 1635 1340 1717 syllaba
1365 1656 1456 1697 sonus
1480 1646 1534 1716 est,

229 1742 305 1805 idem
329 1744 447 1807 litterae
471 1749 536 1807 erit.
579 1764 633 1806 nos
657 1745 744 1805 bodie
769 1760 791 1805 v
814 1744 943 1806 litteram
966 1745 996 1804 iu
1019 1744 1144 1805 duarum
1167 1744 1333 1805 litterarum
1357 1753 1533 1823 potestatem

229 1854 396 1931 coegimus:
420 1871 486 1913 narn
506 1851 593 1912 modo
616 1870 670 1930 pro
690 1851 835 1930 digamma
853 1849 1008 1933 scribitur,
1031 1852 1118 1912 modo
1141 1870 1195 1931 pro
1217 1851 1316 1911 vocali.
1353 1850 1460 1910 vocalis
1480 1860 1534 1929 est,

229 1976 297 2018 cum
321 1961 386 2039 ipsa
410 1976 519 2038 perse
543 1965 603 2018 est:
627 1956 683 2017 hoc
707 1959 786 2017 enim
810 1974 878 2017 eum
903 1959 1012 2017 ceteris
1035 1976 1153 2037 quoque
1181 1956 1329 2017 rooabbus
1352 1960 1471 2036 patitur.
1509 1959 1533 2016 si

229 2082 297 2124 cnm
316 2065 371 2125 alia
392 2064 483 2124 vocali
503 2073 562 2143 est,
585 2062 730 2142 digamma
749 2070 807 2142 est,
831 2080 906 2141 quae
926 2071 972 2123 est
989 2080 1164 2124 consonans.
1197 2073 1259 2124 tres
1278 2064 1392 2124 vocales
1411 2062 1532 2142 quibus·
1550 2073 1575 2111 26

228 2169 296 2230 dam
320 2170 459 2231 ridentur
477 2188 543 2257 esse
567 2169 622 2231 sub
647 2189 705 2231 uua
728 2170 837 2250 syllaba
856 2188 916 2230 rae.
962 2178 1076 2251 errant,
1100 2171 1209 2245 silita
1233 2179 1353 2250 putant:
1377 2189 1443 2231 narn
1463 2189 1532 2230 nus·

229 2294 317 2354 quam
337 2277 413 2356 apud
433 2276 561 2337 Graecos
580 2275 676 2356 neque
696 2276 773 2357 apud
791 2275 912 2336 Latinos
931 2293 967 2336 ex
986 2273 1083 2335 tribus
1105 2273 1255 2336 vocalibus
1279 2275 1387 2355 syllaba
1410 2285 1534 2336 constat.

229 2400 320 2461 quare
344 2383 393 2443 bic
419 2401 537 2463 quoque
562 2383 706 2462 digamma
730 2384 788 2443 erit
812 2388 841 2441 et
864 2380 939 2465 duae
964 2381 1087 2443 vocales.

320 2505 462 2567 Similiter
481 2501 556 2567 ‘sed'
581 2507 658 2568 cadit
679 2509 711 2568 in
735 2507 952 2585 quaestionem,
976 2514 1006 2567 et
1028 2505 1093 2566 aliis
1115 2525 1170 2586 per
1189 2514 1214 2586 t,
1237 2507 1302 2567 aliis
1324 2507 1415 2586 perd
1440 2507 1535 2587 placet

229 2611 328 2673 scribi.
365 2613 441 2691 apud
464 2617 601 2692 antiquos
625 2615 704 2673 enirn
728 2614 789 2672 seio
809 2630 868 2688 pro
891 2612 943 2672 sed
973 2611 1076 2672 sedum
1106 2612 1211 2672 luisse:
1239 2611 1317 2672 unde
1341 2631 1395 2672 nos
1418 2612 1575 2672 ortatuso

228 2718 335 2779 litteris
359 2721 526 2780 novissimis
550 2718 653 2779 ablatis
675 2717 805 2796 reliquas
832 2717 948 2778 litteras
971 2717 1090 2779 salrad
1118 2720 1149 2777 iu
1173 2736 1230 2779 usu
1257 2717 1415 2780 babemus:
1443 2738 1531 2799 quem
1565 2745 1572 2758 ·

229 2823 403 2885 admodum
423 2827 448 2885 si
472 2843 597 2905 quaeras
621 2820 678 2884 ‘sat
700 2840 758 2904 qua
778 2822 876 2885 littera
896 2823 987 2885 scribi
1005 2819 1169 2904 oporteti',
1193 2824 1327 2886 dicemus
1349 2835 1442 2907 pert,
1467 2827 1534 2904 quia

230 2932 379 3010 integrum
403 2933 468 2992 eius
491 2934 530 2992 sit
553 2926 657 2993 ‘satis'.

319 3149 386 3202 tat
403 3148 427 3203 si
446 3147 492 3206 ec
509 3162 541 3201 ae
560 3144 583 3201 ei
601 3145 661 3199 AB
729 3145 885 3213 quamlibet
901 3146 930 3200 Β
948 3145 1094 3215 quodlibet
1112 3145 1170 3199 AO
1230 3150 1359 3203 asemat
1377 3167 1405 3202 m
1423 3149 1535 3205 litterae

230 3243 328 3281 sonum
348 3244 398 3282 orn.
420 3229 447 3282 A
533 3234 550 3280 4
568 3226 610 3280 ita
628 3242 691 3279 cum
710 3225 801 3279 vocali
820 3225 986 3295 exprimere,
1005 3225 1079 3280 sicut
1097 3243 1159 3280 eum
1179 3229 1347 3303 consonante
1365 3246 1393 3281 m
1412 3228 1534 3285 litteram

230 3307 402 3377 supprimere
422 3309 536 3363 content
554 3307 735 3361 Schneiderns
752 3321 865 3376 gramma.
886 3305 934 3360 lat.
949 3305 970 3358 1
982 3321 1013 3373 p.
1028 3309 1083 3358 305
1155 3311 1171 3359 t
1189 3305 1303 3371 sortasse
1321 3308 1402 3384 Apud
1418 3308 1538 3365 Graecos

233 3389 279 3442 est
296 3388 435 3456 quaedam
535 3386 648 3457 aquia]
664 3403 735 3453 quae
750 3385 840 3441 ABG
933 3401 966 3438 ex
983 3400 1097 3453 gamma
1114 3385 1197 3441 litera
1214 3385 1318 3441 babere
1335 3387 1489 3444 uideturO

231 3473 246 3520 't
267 3466 430 3522 coniunctus
449 3467 571 3537 vocales]
590 3469 691 3521 reatina
710 3485 727 3521 v
746 3466 923 3520 coniunctam
941 3463 1033 3518 vocali
1109 3471 1125 3518 9
1145 3482 1228 3533 quam
1249 3468 1278 3520 et
1295 3466 1369 3521 aeoli
1387 3469 1414 3521 A
1433 3477 1489 3537 qua
1509 3475 1538 3524 et

230 3545 330 3601 eoli'G
350 3563 422 3615 quae
446 3550 475 3601 et
498 3547 570 3601 aeoli
588 3548 639 3604 Βς
662 3547 737 3616 quod
764 3550 793 3600 et
810 3544 893 3599 Aeoli
912 3542 1011 3598 Oarrio
1082 3545 1171 3599 nostri
1189 3547 1247 3602 AO
1265 3564 1320 3602 non
1338 3547 1379 3614 Β,
1398 3564 1446 3602 om.
1468 3566 1483 3606 ς

233 3633 266 3680 10
285 3627 432 3682 Terentius
447 3627 536 3681 Varro
555 3643 571 3684 ς
590 3629 725 3683 terentius
744 3645 794 3682 usu
813 3631 876 3679 rard
894 3622 989 3677 ABG.
1016 3624 1149 3678 Varronis
1164 3632 1340 3698 praeceptum
1358 3643 1391 3682 ea
1408 3628 1487 3682 libris
1505 3631 1537 3683 de

115 3757 118 3761 .
230 3707 336 3774 origine
364 3707 476 3775 linquae
502 3709 606 3762 latinae
633 3710 749 3777 petitam
772 3721 825 3760 esse
848 3703 962 3757 rennuit
983 3701 1148 3758 Rr’teebelr‘na
1170 3711 1271 3774 quaest.
1297 3705 1414 3761 Varron.
1436 3725 1466 3776 p.
1490 3715 1537 3773 27,

231 3786 309 3840 libris
332 3787 365 3840 de
387 3803 507 3841 sermone
529 3789 616 3841 latino
640 3788 738 3841 tribuit
762 3780 965 3839 Wr'lnrannar'as
983 3781 1016 3834 de
1040 3782 1121 3837 Varr.
1141 3785 1202 3839 libr.
1220 3802 1333 3854 granam.
1353 3792 1537 3856 p.92.17d:

231 3866 266 3933 es.
285 3865 422 3921 Priscian.
442 3869 459 3922 l.
479 3868 498 3919 Ι
513 3885 544 3936 p.
563 3873 598 3921 15
672 3872 704 3919 11
724 3862 872 3934 perscribit
888 3864 965 3918 VAV
984 3863 1162 3930 Ritscbelr'as,
1180 3864 1331 3934 perscribit
1348 3883 1386 3920 ua
1403 3867 1461 3921 AO
1476 3885 1537 3936 per-

232 3946 316 4000 eribit
333 3963 371 4001 ua
388 3947 415 4001 B
490 3955 521 4001 12
541 3945 717 4015 Vlitteram]
737 3962 755 3997 u
773 3943 795 3998 l’
812 3943 853 3997 ita
871 3944 898 3997 A
972 3949 1005 3997 14
1024 3944 1077 3999 boc
1096 3949 1111 3998 e
1131 3944 1248 3999 euimG
1320 3952 1351 3999 lb
1370 3946 1463 4002 vocali
1482 3949 1536 4017 est]

232 4024 331 4079 uocale
354 4042 422 4081 carr.
443 4025 519 4081 -liC
608 4033 640 4081 16
664 4025 727 4095 vae]
753 4039 851 4077 uerum
869 4024 905 4079 A.
934 4025 1052 4090 sortasse
1076 4039 1147 4092 qnae
1170 4025 1317 4092 arripuerat
1337 4026 1488 4093 Cornutus,
1507 4035 1537 4082 ut

231 4106 280 4160 boe
298 4107 417 4175 exemplo
431 4107 595 4176 probaretq
614 4107 705 4159 littera
719 4104 896 4172 praecedente
909 4121 928 4156 u
946 4104 1065 4158 litteram
1079 4121 1136 4158 nan
1149 4104 1267 4159 obtinere
1280 4106 1382 4159 voeatis
1400 4108 1487 4161 locam

231 4205 368 4256 nusquam
387 4204 476 4257 neque
495 4187 571 4256 apud
590 4185 711 4240 Graecos
731 4182 829 4238 Carrio
904 4189 935 4236 17
955 4185 1067 4238 constat
1081 4183 1216 4238 Similiter
1230 4199 1315 4253 quare
1332 4186 1430 4252 (quare
1445 4203 1494 4239 ani.
1510 4190 1537 4254 ς)

231 4267 251 4320 h
274 4285 384 4336 quoquc
403 4267 546 4338 digamma
571 4265 624 4320 erit
646 4268 675 4320 et
696 4264 769 4318 duae
793 4262 905 4317 uocales
928 4263 1059 4318 similiter
1082 4262 1132 4318 sed
1150 4263 1232 4321 ΑΒς
1256 4268 1281 4317 rt
1298 4264 1386 4317 certic
1408 4265 1538 4319 similiter

232 4364 319 4416 quara
341 4379 376 4388 -
400 4347 529 4401 similiter
552 4348 582 4400 in
605 4347 730 4416 margine
753 4345 857 4422 additis
881 4342 915 4410 0,
939 4346 1064 4411 constat,
1090 4360 1175 4412 quare
1201 4340 1330 4396 similiter
1354 4343 1400 4397 hie
1425 4360 1536 4413 quoque

233 4428 376 4498 digamma
395 4427 448 4482 erit
466 4430 496 4483 et
513 4429 585 4482 duae
605 4429 716 4483 uocales
735 4424 872 4481 similiter.
901 4421 956 4477 Sed
976 4422 1075 4478 Carrio
1167 4429 1199 4477 19
1223 4422 1251 4476 in
1274 4422 1438 4491 quaestione
1457 4425 1482 4476 A

233 4513 267 4561 20
286 4508 342 4562 ecio
362 4509 457 4562 sedum
476 4507 562 4562 inissa
581 4524 606 4566 ς.
634 4509 668 4575 cs.
689 4506 795 4562 Olearia.
813 4521 840 4572 p.
859 4509 924 4567 112,
942 4508 960 4558 5
979 4503 1076 4558 sedum
1096 4502 1170 4556 enim
1188 4499 1296 4570 antiqui
1315 4518 1365 4571 pro
1385 4504 1433 4557 red
1451 4521 1536 4572 pone-

232 4586 302 4641 bant
385 4605 435 4658 pro
455 4605 503 4643 cnr.
524 4588 583 4641 AB
590 4588 613 4642 0
696 4592 728 4639 21
749 4585 778 4639 in
797 4603 877 4639 usum
896 4584 924 4636 Β
1009 4589 1043 4637 22
1068 4581 1092 4636 si
1111 4597 1228 4650 quaeras
1248 4582 1292 4634 sat
1310 4582 1430 4648 qualiter
1454 4582 1537 4637 scribi

233 4670 345 4736 oportet
362 4669 486 4723 dicemus
504 4668 553 4725 Βς
573 4668 596 4721 si
615 4668 766 4735 quaeratur
784 4666 832 4719 sla
850 4664 972 4733 qualiter
986 4662 1070 4718 scribi
1088 4665 1199 4732 oportet
1217 4661 1370 4717 diceremus
1384 4664 1410 4715 A
1430 4663 1452 4717 si
1471 4680 1537 4730 qne-

233 4750 279 4801 rat
301 4750 345 4802 sat
368 4747 474 4816 qualite
492 4748 572 4815 (corr.
592 4748 755 4817 qualitate)
774 4744 857 4799 scribi
876 4746 989 4813 oportet
1007 4742 1161 4797 diceremus
1181 4741 1215 4810 0,
1239 4742 1263 4796 si
1281 4744 1473 4810 quaereretur,
1493 4745 1537 4795 sat

234 4843 291 4896 qua
309 4826 407 4881 littera
425 4824 509 4879 scribi
529 4828 670 4895 oporteat,
689 4826 844 4882 diceremus
865 4823 963 4878 Oarrr'o
1034 4820 1113 4891 quia]
1133 4822 1208 4889 quod
1227 4821 1285 4877 AG
