3316 5474
224 365 287 430 164
782 366 1012 426 CASSIODORII

220 478 242 515 p.
256 469 316 508 asoa.
330 469 357 510 as
371 468 396 507 a.

309 553 367 613 Pro
401 552 581 632 praepositio
609 552 759 613 interdum
787 555 817 613 in
846 555 1058 633 compositione
1091 554 1293 632 corrumpitur
1325 554 1432 631 partim
1461 570 1528 612 cor-

221 663 369 740 raptione,
393 677 461 720 cum
481 660 519 719 sit
538 658 711 719 naturaliter
729 658 828 740 longa,
848 668 881 719 ut
899 678 1040 739 proavus,
1058 661 1165 739 partim
1185 659 1390 739 adsumptione
1409 658 1527 720 litterae

219 766 252 846 d,
280 776 313 827 ut
340 766 462 846 prodest
490 765 589 845 prodit
616 765 771 844 prodigus:
798 766 948 827 interdum
977 768 1091 846 integra
1114 775 1161 827 est
1184 775 1214 827 et
1244 768 1307 845 ipsa
1332 773 1362 826 et
1384 784 1453 845 pars
1476 767 1527 826 cui

118 866 122 873 ’
220 874 424 954 coniungitur,
448 881 480 933 ut
503 890 646 951 procuro:
674 872 868 951 sequentibus
891 875 900 932 i
924 882 954 934 et
978 892 1007 954 v,
1030 892 1098 934 cum
1121 892 1176 954 pro
1195 871 1427 933 consonantibus
1445 881 1525 952 sunt,

220 998 457 1059 nonnumquam
477 998 494 1040 o
519 980 647 1040 litteram
670 978 768 1057 perdit
791 988 841 1039 aut
864 989 971 1060 mutat,
995 990 1029 1040 ut
1052 980 1211 1058 providens
1234 979 1380 1061 prudens,
1403 987 1454 1040 aut
1476 979 1554 1039 ad·⁵

221 1089 312 1146 sumit
334 1088 344 1145 i
368 1095 398 1147 et
421 1088 636 1165 corrumpitur,
659 1094 693 1145 ut
716 1088 886 1165 proiiectus.

309 1194 427 1255 Circum
455 1195 635 1273 praepositio
658 1191 852 1273 sequentibus
875 1192 1025 1254 vocalibus
1048 1211 1076 1252 m
1104 1192 1233 1254 litteram
1261 1195 1292 1254 ia
1320 1195 1525 1254 enuntiatione

220 1304 341 1382 amittit,
368 1304 398 1361 in
426 1303 573 1380 scriptura
601 1309 711 1381 servat3
745 1300 795 1360 sed
825 1318 892 1361 carm
960 1310 990 1362 et
1017 1320 1036 1361 u
1065 1301 1179 1361 vocales
1206 1300 1271 1361 loco
1298 1302 1526 1361 consonantium

220 1411 331 1488 positae
352 1417 509 1487 secuntur,
533 1416 563 1467 et
586 1405 728 1467 scribitur
746 1414 776 1466 et
795 1408 981 1486 enuntiatur,
1005 1415 1038 1467 ut
1061 1409 1256 1468 circumvenit
1278 1409 1478 1468 circumiacet.

308 1517 382 1576 Ante
402 1516 581 1595 praepositio
600 1515 751 1575 interdum
770 1515 884 1591 integra
905 1521 1011 1593 manet,
1030 1522 1063 1573 ut
1084 1521 1251 1575 anteactum
1275 1517 1425 1575 antevenit
1442 1520 1524 1574 ante·
1540 1529 1568 1568 ao

220 1623 313 1703 cedit,
335 1623 485 1683 interdum
508 1624 671 1682 mutatione
695 1623 725 1681 in
748 1623 758 1680 i
782 1619 909 1681 litteram
934 1621 1149 1700 corrumpitur,
1176 1628 1208 1680 ut
1231 1621 1351 1681 antistat
1374 1621 1524 1699 anticipat.

308 1730 389 1790 luter
417 1732 597 1809 praepositio
625 1731 655 1788 in
678 1746 736 1789 una
760 1746 831 1787 voce
856 1736 999 1805 sequente
1023 1725 1032 1785 l
1055 1726 1153 1786 littera
1176 1744 1191 1785 r
1214 1728 1244 1786 in
1269 1725 1392 1785 eandem
1420 1734 1526 1807 mutat,

218 1846 251 1897 ut
280 1837 432 1916 intellego:
460 1839 568 1897 ceteris
596 1835 704 1896 litteris
733 1832 928 1913 sequentihus
956 1835 1190 1893 consonantibus
1218 1837 1266 1894 aret
1292 1830 1441 1892 vocalibus
1469 1849 1525 1911 per

219 1961 320 2003 ornnes
343 1962 430 2003 voces
453 1946 568 2022 integra
591 1950 703 2021 manet,
727 1950 760 2002 ut
782 1942 929 2001 interitus.
950 1939 955 2014 Ι
1232 1930 1235 1935 ⁴

307 2049 399 2110 Cuius
423 2061 453 2110 et
476 2052 524 2109 cui
546 2051 721 2129 pronomina
745 2067 799 2128 per
823 2066 841 2126 q
865 2046 1084 2108 scribebantur:
1114 2065 1168 2107 nos
1191 2056 1290 2108 autem
1314 2046 1402 2107 etad
1426 2044 1521 2106 brevi·
1538 2063 1564 2102 rs

219 2164 308 2216 tatem
332 2157 535 2217 festinavimus
559 2156 708 2217 scribendi
732 2164 762 2216 et
784 2154 863 2214 illam
886 2153 1096 2233 pinguedinem
1119 2153 1221 2213 limare
1245 2153 1410 2213 maluimus.

306 2263 434 2323 Accerso
457 2283 511 2344 per
530 2283 546 2324 c
565 2271 596 2323 et
614 2281 732 2323 arcesso
753 2280 807 2341 per
826 2280 855 2342 r3
878 2260 929 2320 sed
953 2278 1073 2320 accerso
1093 2260 1239 2337 signiticat
1256 2259 1380 2335 advoco,
1402 2279 1522 2322 arcesso

191 2373 195 2380 '
219 2369 329 2448 repello
352 2370 504 2450 prohibeo.

306 2476 399 2556 Coqui
422 2476 572 2558 †Gratns
595 2476 782 2556 artigraphus
805 2457 894 2555 perc
917 2476 1041 2555 primam
1065 2473 1218 2554 syllabam,
1242 2475 1401 2535 secundam
1424 2493 1478 2554 per
1501 2495 1521 2555 q

216 2581 403 2643 scribendam
425 2587 547 2664 putavit.
585 2604 643 2644 non
667 2585 745 2644 enim
769 2581 894 2642 dicimus
918 2599 1037 2662 cocere,
1065 2580 1117 2641 sed
1147 2600 1290 2662 coquere,
1320 2590 1351 2641 ut
1375 2580 1563 2660 Vergiliusa

217 2684 368 2769 ‘apricis
392 2667 561 2771 coquitur
586 2690 762 2752 vindemia
785 2682 907 2748 saxis'.

305 2795 328 2853 V
355 2797 452 2858 littera
480 2800 511 2857 in
540 2797 713 2876 quibusdam
742 2793 877 2874 partibus
900 2796 1042 2855 orationis
1066 2797 1168 2855 vitiose
1192 2796 1350 2875 inseritur,
1373 2804 1406 2855 ut
1429 2797 1459 2855 in
1483 2815 1520 2857 eo

289 2981 321 3030 lb
341 2975 425 3032 Citius
449 2977 504 3032 Vel.
524 2978 611 3047 Lonq.
631 2982 676 3041 70,
695 2982 731 3029 18
819 2981 850 3028 17
870 2975 989 3030 Accerso
1014 2975 1068 3030 Vel.
1088 2974 1173 3044 Loop.
1195 2980 1239 3040 71,
1258 2979 1294 3028 16
1381 2981 1412 3028 19
1433 2973 1521 3044 Coqui

222 3056 277 3111 Vct.
296 3057 383 3127 Lena.
404 3064 449 3125 79,
468 3065 485 3113 7
557 3065 591 3111 22
611 3058 635 3111 V
654 3057 750 3111 littera
775 3055 829 3110 Vel.
849 3056 935 3124 Lony.
955 3060 1000 3122 59,
1019 3063 1038 3110 8

289 3225 300 3270 1
318 3220 371 3273 Pro
386 3219 557 3288 praepositio
568 3216 679 3288 (positio
689 3217 726 3283 B)
740 3233 801 3268 cum
813 3214 850 3267 sit
859 3216 1025 3270 naturaliter
1033 3216 1119 3286 longa
1129 3216 1268 3270 interdum
1279 3215 1520 3284 incompositione

216 3298 401 3368 corrumpitur
423 3299 525 3369 partim
545 3296 719 3366 correptione
737 3298 769 3348 ut
786 3311 908 3364 proauus
927 3295 1036 3352 Altos
1108 3303 1124 3349 3
1147 3296 1253 3366 prodit]
1272 3294 1399 3364 proditus
1416 3294 1467 3352 Βς
1563 3346 1568 3352 .

216 3383 232 3430 ὁ
252 3394 459 3446 nonnumquam
479 3378 603 3431 litteram
617 3376 710 3445 perdit·
723 3378 773 3428 aut
786 3377 877 3430 mutat
889 3379 921 3429 ut
940 3375 1087 3445 prouidens
1102 3378 1152 3430 aut
1164 3374 1287 3430 adsumit
1304 3378 1354 3430 aut
1372 3375 1521 3445 corripitur

217 3479 249 3529 ut
272 3476 413 3545 profectus
438 3475 588 3545 (proiectus
612 3490 641 3541 ς,
664 3472 804 3542 profertur
823 3471 932 3541 Carrio)
955 3473 1004 3529 Βς
1027 3474 1187 3542 Numquam
1213 3473 1337 3527 litteram
1360 3473 1453 3543 perdit
1470 3475 1521 3527 aut

216 3557 309 3609 mutat
326 3559 358 3609 ut
376 3555 526 3625 prouidens
541 3558 590 3609 aut
607 3551 726 3607 assumit
739 3553 789 3603 aut
803 3552 960 3621 conspicer
973 3554 1006 3605 ut
1023 3553 1161 3622 profertus
1176 3553 1200 3606 G
1215 3570 1422 3626 nonnumquam
1442 3554 1519 3610 litte-

214 3651 274 3688 ram
293 3634 386 3703 perdit
398 3637 448 3688 aut
461 3636 553 3687 mutat
571 3635 621 3687 aut
638 3629 787 3701 prouidens
805 3631 926 3699 prudens
945 3633 1012 3698 (rell.
1027 3634 1089 3701 om.)
1108 3633 1144 3687 A.
1172 3649 1381 3704 nonnumquam
1394 3635 1519 3690 litteram

215 3715 309 3782 perdit
323 3717 353 3768 et
366 3716 469 3779 mutat,
488 3716 520 3767 ut
533 3712 682 3783 providens
701 3710 836 3780 prudens,
854 3713 904 3763 aut
917 3710 1034 3765 assumit
1052 3714 1082 3765 et
1099 3716 1298 3784 corrumpitur,
1317 3718 1350 3768 ut
1368 3714 1519 3785 proiieetus

215 3795 328 3847 coniecit
342 3792 522 3846 Schneider-as
539 3810 651 3862 promor.
667 3793 714 3846 lut.
731 3792 752 3843 Ι
759 3808 790 3859 p.
806 3794 860 3843 647
879 3790 938 3842 coll.
952 3791 984 3843 dc
998 3791 1114 3860 orthopr.
1134 3798 1263 3860 112242.
1291 3794 1421 3864 proiiccit
1439 3795 1519 3863 periri·

215 3879 283 3927 noto
302 3872 313 3926 i
331 3874 422 3926 littero
441 3873 540 3940 lepitor
558 3874 634 3941 apud
654 3873 782 3927 Marium
802 3871 972 3925 Victorinum
982 3888 1011 3939 p.
1028 3875 1073 3935 35,
1087 3877 1125 3927 25
1197 3880 1213 3927 9
1233 3875 1262 3928 et
1278 3875 1480 3944 pronunciatur
1498 3872 1522 3925 0

270 3961 302 4007 13
323 3952 421 4008 ceteris
440 3952 548 4021 (ceteris
567 3969 616 4007 orn.
631 3954 669 4020 A)
688 3952 790 4007 litteris
808 3950 987 4020 sequentibus
1005 3951 1151 4007 noualibus
1168 3970 1219 4023 per
1232 3969 1315 4008 uoces
1334 3956 1395 4023 (pro
1409 3969 1477 4007 uoce
1492 3953 1520 4018 ς)

215 4034 326 4104 integra
343 4036 438 4088 manet
456 4031 578 4100 Ande,
592 4033 621 4087 in
640 4033 702 4087 aliis
720 4032 832 4103 integra
851 4034 946 4085 manet
964 4032 996 4086 dc
1014 4034 1131 4101 orthopr.
1149 4051 1177 4101 p.
1196 4038 1280 4089 2337.
1309 4050 1348 4086 aa
1369 4032 1399 4086 in
1419 4031 1519 4086 ceteris

215 4113 317 4168 litteris
335 4111 516 4182 sequentibus
535 4113 678 4167 vocalibus
696 4112 741 4166 vel
760 4111 976 4166 consonantibus
995 4111 1105 4182 integra
1123 4114 1235 4166 manet?
1326 4118 1360 4166 14
1378 4110 1518 4181 interitus]

214 4193 311 4248 interit
325 4212 393 4248 corr.
409 4198 440 4246 ut
453 4193 561 4246 videtur
574 4192 668 4247 interii
683 4191 712 4258 0,
726 4190 824 4245 interit
839 4190 937 4244 Carrio
1015 4198 1047 4245 15
1066 4191 1225 4247 scribebant
1239 4191 1272 4246 0:
1287 4192 1403 4258 fortusse
1415 4190 1519 4245 scribe

216 4275 283 4328 bant
301 4273 407 4345 antiqui
464 4279 497 4328 16
515 4273 708 4344 pingnidinem
728 4270 794 4339 AO,
812 4270 1037 4340 pinguitudinem
1057 4272 1149 4326 Velius
1163 4272 1276 4341 Loaym
1331 4276 1364 4325 tt
1383 4271 1412 4324 et
1430 4269 1521 4323 om.0

267 4372 377 4410 areerso
399 4372 450 4425 per
473 4375 487 4410 r
510 4357 536 4408 A
609 4368 718 4409 arcerso
743 4351 848 4421 repello
873 4350 896 4404 0
968 4357 1000 4405 18
1022 4351 1157 4422 prohibeo
1176 4368 1226 4407 om.
1246 4351 1273 4404 A
1346 4356 1379 4404 19
1403 4348 1516 4417 Gratus]

215 4434 335 4490 ‘Gnatus
357 4440 432 4489 oetas
457 4437 532 4504 libor,
556 4437 671 4502 fortasse
693 4431 829 4487 Donatus’
853 4430 956 4486 Gar-rio.
985 4432 1070 4485 scribi
1088 4438 1198 4500 poterat
1220 4433 1327 4488 Probus
1349 4430 1408 4485 coll.
1434 4428 1517 4484 Proh.

213 4519 276 4570 inei.
296 4522 348 4570 ort.
370 4533 399 4584 p.
418 4520 485 4580 126,
504 4521 551 4570 29.
575 4520 642 4581 182,
661 4520 714 4580 21,
737 4516 794 4568 nisi
813 4514 907 4582 potius
926 4511 1051 4579 Lonyam
1074 4518 1169 4567 contra
1187 4514 1289 4568 Nisam
1310 4510 1518 4581 qrammaticum

213 4597 397 4662 disputantem
407 4613 438 4663 p.
451 4601 496 4660 79,
507 4601 524 4649 7
537 4597 586 4649 hoc
599 4610 703 4663 qaoque
717 4596 773 4649 loco
787 4594 960 4662 Papirianas
973 4597 1079 4646 secatus
1093 4597 1152 4645 erut
1205 4610 1255 4662 per
1269 4609 1285 4646 c
1299 4591 1418 4661 primam
1433 4589 1518 4658 sylla·

215 4676 278 4727 barn
294 4674 443 4728 secundum
454 4678 533 4742 (corr.
544 4675 621 4729 -dam
636 4676 663 4742 b)
677 4690 755 4743 perq
770 4673 943 4728 scribendam
953 4674 980 4727 B
994 4691 1068 4744 pero
1082 4673 1202 4743 primam
1212 4672 1351 4742 syllabam
1365 4670 1517 4726 secundam

214 4771 263 4824 per
282 4774 300 4824 q
319 4755 494 4809 scribendum
516 4755 538 4808 G
554 4772 604 4824 per
623 4771 638 4808 c
656 4753 748 4824 prima
766 4753 876 4823 syllaba
894 4753 1015 4808 secunda
1031 4771 1082 4821 per
1100 4771 1119 4822 q
1138 4752 1314 4807 scribendam
1328 4751 1356 4804 A
1416 4757 1450 4805 20
1469 4751 1518 4806 sed

214 4853 332 4905 coquere
348 4834 396 4892 §A
415 4835 461 4888 sed
482 4851 624 4903 quoquere
638 4834 695 4887 Ro
746 4840 778 4887 21
799 4832 913 4904 apricis]
934 4834 1011 4902 Verq.
1025 4849 1113 4902 pemq.
1130 4833 1170 4884 ΙΙ
1189 4837 1248 4887 522
1303 4838 1336 4886 22
1355 4831 1477 4886 insertur
1490 4831 1518 4884 A
