3316 5474
618 371 688 426 ARS
716 371 960 428 unnfflaurca
1372 371 1438 436 375

141 577 250 619 annum
283 558 519 619 ducentesimum
552 561 710 640 septimum
744 562 849 621 vixisse
883 559 951 620 olim
980 558 1126 620 oehlerus
1158 559 1215 620 sibi
1243 569 1438 641 persuaserat,

141 675 278 728 auctores
302 686 360 728 non
384 665 529 749 adhibuit,
558 669 635 729 sicut
664 685 753 748 supra
780 668 855 750 dixi,
884 676 982 728 tamen
1011 670 1085 728 ratio
1114 666 1296 749 disputandi,
1324 687 1381 748 qua
1408 671 1438 729 in

98 839 103 847 ,
142 785 204 835 arte
234 774 382 834 tractanda
412 794 483 836 ursus
511 784 570 857 est,
602 775 639 836 ab
671 775 725 837 bac
758 784 853 836 aetate
881 775 974 835 aliena
1002 784 1049 836 est
1072 823 1079 835 .
1103 774 1161 835 buc
1189 775 1302 836 accedit
1331 793 1438 835 nomen

143 881 310 942 Sacerdotis
339 892 384 943 ter
412 884 442 943 iu
471 881 605 962 exemplo
633 885 763 963 positum
791 878 832 966 (is
860 885 939 943 enim
966 884 1003 943 iis
1031 884 1230 961 grammaticis
1254 900 1329 961 quos
1352 882 1439 942 modo

142 988 215 1070 diri,
248 989 303 1049 boc
336 999 381 1050 est
413 998 518 1069 quarto
550 989 682 1072 saeculo,
719 1009 776 1051 non
811 988 903 1050 multo
936 990 1084 1068 andquior
1117 989 1207 1049 luisse
1240 988 1370 1070 videtur,
1402 989 1440 1049 cl.

142 1113 263 1174 gramm.
287 1096 334 1156 lat
359 1115 383 1156 r.
408 1095 443 1156 Vl
467 1116 494 1177 p.
518 1089 600 1180 424)
624 1107 654 1157 et
678 1114 784 1157 nomen
808 1095 912 1158 Donati
936 1098 966 1156 in
990 1104 1122 1155 extremo
1146 1094 1221 1156 libro
1241 1095 1440 1175 appellatum.

143 1221 319 1282 quamquam
349 1203 385 1262 de
414 1202 526 1264 Donato
554 1197 674 1282 quidem
702 1205 763 1264 scio
791 1202 921 1265 dubitari
948 1222 1049 1284 posse,
1082 1213 1182 1263 utrum
1215 1221 1248 1262 ea
1277 1221 1351 1281 quae
1384 1202 1440 1262 boe

144 1311 261 1369 nomine
284 1312 418 1389 apposito
442 1313 551 1391 scripta
575 1309 704 1371 suntab
727 1313 792 1391 ipso
816 1309 956 1371 Dositheo
979 1329 1016 1370 an
1035 1307 1071 1370 ab
1090 1309 1146 1369 alio
1165 1310 1355 1388 grammatico
1373 1315 1441 1387 post

143 1435 211 1478 eum
234 1417 330 1478 addita
354 1420 420 1478 sint

231 1523 309 1604 Ergo
333 1525 368 1585 ad
393 1535 486 1586 artem
509 1529 728 1607 grammaticam
752 1526 885 1588 Dosithei
908 1526 1039 1586 delinitio
1063 1526 1218 1606 temporis,
1241 1542 1315 1602 quae
1335 1541 1440 1602 genea-

37 1657 40 1663 ·
143 1630 235 1711 legiae
264 1631 370 1713 Hygini
400 1633 497 1694 addita
524 1645 583 1717 est,
615 1635 695 1696 nullo
728 1634 814 1696 modo
846 1635 976 1714 pertinet
1006 1679 1013 1693 .
1040 1632 1075 1692 ad
1109 1635 1442 1711 interpretamentorum

143 1750 242 1799 autem
265 1739 357 1801 libros
380 1759 487 1801 nomen
510 1743 706 1820 grammatici,
734 1741 812 1821 quod
840 1749 922 1801 certe
950 1741 978 1800 ei
1001 1740 1052 1818 qui
1080 1756 1112 1799 se
1135 1756 1212 1798 anno
1237 1737 1441 1799 ducentesimo

143 1847 270 1925 septimo
285 1849 439 1926 scripsisse
455 1848 581 1909 fateatur
595 1848 685 1911 tribui
700 1852 812 1931 nequit,
826 1850 866 1909 ita
880 1855 994 1907 tantum
1009 1844 1115 1905 relerri
1130 1847 1248 1927 poterit,
1262 1854 1296 1906 ut
1310 1847 1335 1904 is
1346 1844 1442 1903 varios

144 1949 235 2012 libros
258 1953 328 2014 olim
352 1956 381 2014 in
404 1974 543 2034 graecum
566 1974 733 2018 sermonem
758 1955 914 2017 translatos
937 1951 1091 2030 collegisse
1114 1961 1145 2012 et
1167 1969 1313 2013 unacum
1336 1950 1443 2030 glossis

146 2058 303 2120 verborum
340 2071 370 2121 et
406 2065 571 2145 nominum,
607 2082 666 2143 quo
703 2062 872 2124 uberiorem
909 2059 1067 2121 exercendi
1103 2061 1257 2120 materiem
1290 2055 1443 2137 discipulis

145 2165 314 2248 praeberet,
337 2171 543 2247 grammaticae
565 2173 622 2230 arti
645 2187 661 2230 a
685 2178 780 2230 semet
806 2171 871 2249 ipso
900 2168 1079 2247 compositae
1107 2165 1250 2226 adiecisse
1273 2164 1412 2225 credatur
1435 2211 1443 2224 .

146 2289 242 2351 neque
271 2282 369 2333 tamen
398 2274 470 2335 sides
497 2293 586 2337 manu
614 2277 793 2357 scriptorum
822 2275 957 2336 codicum
985 2273 1060 2334 hanc
1088 2275 1233 2335 rationem
1257 2269 1444 2333 commendat

146 2378 191 2439 rel
214 2389 327 2440 certam
350 2399 468 2444 causam
491 2381 626 2464 praebet,
649 2401 703 2444 cur
726 2401 741 2443 a
761 2381 901 2444 Dositheo
924 2383 1111 2462 potissimum
1132 2380 1204 2441 baec
1223 2382 1321 2441 omnia
1340 2378 1443 2439 collata

146 2494 176 2546 et
199 2490 361 2567 composita
384 2507 449 2548 esse
473 2489 620 2570 dicamus,
642 2491 817 2569 praesertim
840 2506 909 2549 cum
932 2487 1024 2548 multa
1042 2488 1108 2546 eius
1130 2488 1248 2565 generis
1265 2488 1442 2565 interpreta-

147 2603 244 2654 menta
278 2613 336 2654 non
369 2594 476 2655 additis
507 2595 676 2657 nominibus
706 2606 861 2657 auctorum
897 2597 927 2655 in
965 2592 1118 2654 codicibus
1154 2594 1263 2672 scripta
1301 2592 1442 2651 serantur.

146 2718 242 2762 annus
265 2711 361 2763 tamen
386 2704 438 2763 uni
461 2701 567 2782 llygini
590 2702 665 2765 libro
693 2703 809 2765 additus
836 2703 872 2763 de
901 2701 1025 2781 reliquis
1051 2718 1170 2778 quoque
1197 2700 1443 2778 interpretamen-

148 2814 245 2867 torum
270 2808 353 2869 libris
376 2808 496 2890 valebit,
519 2812 544 2869 si
568 2827 669 2870 verum
693 2819 740 2870 est
762 2809 817 2868 hos
840 2827 944 2869 omnes
971 2806 1007 2868 ab
1035 2805 1138 2866 eodem
1167 2813 1288 2865 auctore
1315 2805 1443 2884 scriptos

147 2925 177 2974 et
201 2933 259 2976 uno
283 2935 374 2995 opere
397 2916 566 2998 duodecim,
591 2925 623 2976 ut
646 2915 776 2997 ridetur,
798 2913 942 2974 librorum
965 2911 1195 2993 comprehensos
1218 2930 1293 2971 esse.
1363 2903 1367 2911 ’
