3316 5474
653 384 702 438 DE
721 380 1011 440 onrfloenneffln
1421 382 1484 447 193

179 499 200 534 p.
215 485 275 524 asoa.
289 485 302 523 a
316 483 341 521 P.

268 567 327 627 Vax
356 574 386 626 et
417 584 470 625 vex
498 574 529 625 et
556 567 617 627 vix:
644 586 737 628 vanum
767 567 969 629 tantummodo
998 585 1104 627 nomen
1139 585 1193 646 per
1221 584 1309 626 unam
1339 583 1486 644 quamque

181 673 320 754 syllabam
344 675 463 752 repperi
487 675 690 755 terminatum,
714 685 747 737 ut
765 679 848 737 vivax
868 676 952 736 vibex
973 674 1080 735 verbex
1103 677 1216 754 cervix,
1239 692 1366 752 quorum
1391 671 1486 732 media

181 797 235 860 per
258 780 277 840 b
301 789 422 860 mutam,
453 797 528 858 quae
556 799 626 841 vero
651 785 801 863 utrimque
825 782 870 844 vel
887 785 1084 844 extrInsecus
1108 790 1177 842 sunt
1206 799 1299 860 perv
1328 779 1487 859 significari

180 889 380 966 cognovaus.
418 885 547 965 reliquas
572 886 608 947 ab
631 888 679 948 bis
701 889 934 950 consonantibus
957 891 1084 949 insertas
1103 888 1218 948 vocales
1241 886 1365 947 latInum
1383 876 1488 947 'minus

152 992 302 1055 sadscivit
331 995 489 1073 cloquium.
531 1014 565 1055 ea
594 1014 664 1056 vero
693 1014 820 1076 quorum
850 996 958 1057 solutio
982 997 1121 1074 superius
1145 995 1355 1074 compromissa
1384 1003 1430 1053 est
1457 994 1486 1052 in

179 1109 307 1162 tractatu
331 1103 468 1180 sequenti
491 1100 510 1160 b
535 1102 649 1163 litterae
675 1104 817 1164 trifariam
840 1105 871 1164 ln
896 1105 1014 1163 nomine
1037 1105 1216 1164 constitutae
1239 1120 1370 1181 congrua
1393 1100 1488 1160 derla-

180 1210 294 1268 ratione
318 1210 466 1288 patefient.

245 1362 326 1427 VIII
355 1363 551 1430 EIVSDEM
575 1366 829 1431 ADAMANTII
852 1366 1072 1434 MARTYEII
1095 1366 1154 1430 DE
1179 1365 1206 1429 B
1230 1364 1421 1430 LITTEEA

488 1472 735 1537 TEIFARIAM
758 1472 806 1538 IN
829 1472 1003 1556 NOMINE
1027 1472 1180 1538 POSITA

142 1621 167 1659 ro
271 1599 311 1659 lle
342 1600 361 1660 b
390 1601 486 1662 littera
518 1602 659 1662 trifariam
688 1604 718 1661 iu
747 1605 865 1663 nomine
893 1605 1004 1684 posita,
1030 1612 1174 1681 quantum
1196 1601 1400 1681 possibilitatis
1424 1603 1489 1680 luit,

182 1706 373 1788 sufficienter,
394 1701 399 1787 l
420 1716 453 1768 nt
476 1717 563 1789 puto,
586 1710 785 1769 tractavifflus.
823 1707 859 1768 ab
879 1711 1020 1788 expositis
1040 1710 1119 1768 enIm
1139 1718 1219 1769 recte
1239 1711 1297 1768 iam
1316 1708 1489 1788 intellegere

181 1830 354 1894 possumus,
383 1814 480 1893 siquid
509 1819 625 1875 eveniet
652 1815 800 1875 dictorum
829 1818 1020 1877 contrarium.
1064 1815 1105 1875 ibi
1139 1833 1266 1894 namque
1299 1814 1489 1876 considerare

181 1918 368 2000 debebimus,
397 1940 434 1982 ne
458 1921 566 2000 aliquid
595 1920 737 1982 dissimile
767 1922 857 1982 luerit
880 1922 924 1981 vel
953 1941 1063 2001 genere
1087 1922 1132 1983 vel
1156 1940 1280 1983 numero
1304 1921 1490 2002 syllabarum,

273 2099 288 2144 2
308 2093 392 2147 uiuax
411 2093 493 2148 uibex
513 2094 616 2148 uerbex
633 2093 661 2147 B
680 2092 765 2147 uiuax
783 2095 867 2148 uiuex
881 2095 984 2149 uerbex
1003 2095 1127 2149 Cuiuax
1143 2095 1226 2149 uiuex
1239 2111 1342 2149 uemex
1360 2096 1389 2148 A
1407 2094 1491 2148 uiuax

183 2173 265 2226 uibex
284 2190 387 2228 ueruex
408 2173 506 2228 Garra'o
577 2171 700 2226 mediam
718 2172 810 2227 ABG
825 2174 949 2230 medium
969 2174 1068 2230 Uarvs'o
1144 2182 1159 2228 3
1179 2173 1320 2244 utrimque
1339 2175 1365 2227 A
1385 2176 1491 2228 utrum·

183 2269 238 2320 que
255 2251 314 2305 ΒΟ
401 2260 417 2307 5
441 2253 573 2325 adscivit]
594 2252 728 2307 adscribit
745 2253 773 2307 B
796 2254 917 2309 abscidit
935 2256 993 2310 AO
1079 2256 1109 2310 in
1132 2256 1254 2310 tractatu
1273 2254 1401 2323 sequenti
1419 2254 1454 2308 de
1471 2255 1491 2308 b

182 2332 278 2386 littera
296 2331 433 2386 trifariam
452 2333 482 2388 in
500 2334 612 2388 nomine
630 2333 724 2402 posita
742 2349 866 2402 congrua
883 2334 1070 2390 declinatione
1094 2334 1229 2404 patefient
1247 2351 1264 2392 ς
1336 2340 1352 2388 6
1376 2350 1491 2402 aequen-

182 2412 219 2465 tis
238 2410 327 2465 ABG
397 2413 588 2469 declaratione
606 2413 633 2466 B
653 2413 841 2468 declinatione
859 2414 917 2468 Ac
986 2413 1238 2469 8ADAMANTII
1256 2413 1445 2468 MARTYRIS
1464 2415 1491 2468 A

184 2491 369 2547 ADAMATII
387 2494 602 2549 MARTIRIIC
663 2494 820 2563 apositam
838 2501 952 2564 utroque
970 2496 1027 2550 loco
1045 2495 1136 2549 ABG
1198 2503 1231 2549 10
1250 2498 1386 2563 quantum
1405 2493 1492 2562 possi·

184 2587 303 2671 bilitatis
323 2577 409 2673 luerIt
425 2619 453 2672 B
472 2620 607 2688 quantum
627 2617 799 2688 possibilitas
817 2619 903 2674 fuerit
920 2619 979 2673 AO
1041 2626 1073 2674 13
1092 2620 1225 2674 debemus
1245 2618 1269 2671 0
1321 2618 1490 2687 syllabarum

183 2702 201 2751 iv
220 2700 346 2767 tempore
366 2699 392 2751 A
412 2699 581 2767 syllabarum
596 2700 642 2754 uel
660 2704 818 2769 temporum
837 2716 853 2765 ς

636 2984 817 3039 MARTYEII
837 2985 884 3039 DE
904 2984 925 3037 B
945 2985 991 3039 ET
1012 2985 1035 3039 V

273 3149 333 3209 Vax
357 3168 410 3210 vex
434 3154 494 3211 vix:
518 3169 612 3211 unum
635 3151 838 3213 tantummodo
863 3169 970 3211 nomen
994 3169 1048 3230 per
1068 3169 1156 3210 unam
1180 3169 1328 3230 quamque
1351 3149 1491 3230 syllabam
1540 3199 1541 3202 ,

184 3258 303 3334 repperi
332 3259 535 3339 terminatum,
569 3266 602 3317 ut
632 3260 728 3339 vivax,
757 3257 842 3317 vibex
873 3248 891 3318 ὁ
923 3249 1064 3336 peniteant,
1101 3255 1209 3315 verbex
1240 3250 1277 3317 τὸ
1309 3247 1491 3335 πρόβατον,

184 3364 298 3444 cervix,
322 3381 448 3442 quorum
473 3365 568 3425 media
591 3383 645 3443 per
668 3362 687 3423 b
710 3372 837 3446 mutam,
868 3382 942 3443 qnae
967 3365 1117 3441 utrimque
1141 3363 1185 3422 vel
1207 3344 1398 3423 ¹extriusecus
1421 3371 1492 3422 sunt

185 3487 238 3547 per
258 3489 275 3528 v
293 3469 459 3549 digammon
479 3473 589 3550 signari
609 3473 808 3549 cognovimus.
846 3469 976 3550 reIIquas
995 3467 1059 3547 [ab]
1079 3469 1126 3529 bis
1145 3467 1378 3529 consonantibus
1397 3470 1490 3528 inser·

159 3585 230 3635 atas
255 3575 368 3636 vocales
392 3576 515 3637 latinum
539 3579 638 3638 miuus
662 3576 785 3637 adscivit
808 3576 967 3656 eloquium.

186 3730 439 3797 ADAMANTII
459 3731 557 3796 SIVE
576 3731 796 3797 MARTYRII
820 3733 879 3797 DE
899 3732 1068 3797 VLTIMA
1086 3732 1271 3798 NOMINIS
1290 3730 1490 3796 SYLLABA
1582 3799 1585 3809 ,

610 3839 812 3905 EXPLICIT
835 3839 1068 3905 FELICITER

276 3966 316 4026 lle
340 3965 359 4026 b
382 3968 481 4029 littera
504 3968 647 4029 trifariam
670 3970 700 4028 in
724 3970 844 4029 nomme
868 3971 976 4049 posita,
999 3977 1142 4048 quantum
1164 3976 1268 4028 natura
1293 3966 1382 4027 valuit
1405 3968 1490 4025 mini-

186 4081 294 4153 strare,
318 4074 511 4155 sufficienter,
535 4084 568 4134 ut
591 4080 679 4153 puto,
703 4077 901 4135 tractavimus.
939 4073 975 4134 ab
998 4077 1140 4155 expositis
1159 4077 1238 4135 enim
1262 4083 1342 4134 recte
1367 4076 1423 4134 iam
1448 4075 1490 4132 in-

148 4179 326 4258 10tellcgere
350 4199 523 4262 possumus,
547 4178 644 4259 siquid
669 4182 785 4241 eveniet
808 4179 955 4241 dictorum
974 4183 1165 4241 contrarium.
1207 4180 1248 4240 ibi
1272 4196 1398 4256 iramque
1422 4196 1491 4238 con·

187 4285 317 4346 siderare
351 4285 525 4348 debebimus
558 4307 596 4349 ne
628 4288 737 4368 aliquid
770 4288 911 4348 dissImile
945 4289 1035 4348 luerit
1067 4287 1111 4346 vel
1143 4304 1253 4364 genero
1286 4284 1331 4343 vel
1368 4302 1492 4344 numero

187 4391 374 4471 syllabarum,
393 4402 536 4474 tempore,
557 4396 781 4475 sIgnibcatione,
795 4393 841 4454 vel
860 4396 884 4454 si
904 4413 938 4453 cx
958 4393 1012 4454 alia
1031 4402 1114 4473 parte
1133 4393 1276 4453 orationis
1295 4389 1493 4450 descenderit.

189 4516 262 4576 quae
294 4499 485 4561 observantes
513 4504 624 4582 minus,
651 4509 685 4562 ut
712 4519 794 4581 reor,
823 4499 997 4561 errabimus.
1038 4508 1132 4560 restat
1158 4498 1245 4559 nobis
1271 4496 1308 4557 de
1337 4496 1355 4556 b
1387 4496 1493 4578 littera,

188 4628 400 4637 ——..-.——

277 4696 293 4742 2
312 4692 345 4742 ut
362 4689 445 4744 vivax
464 4690 546 4744 virex
564 4706 666 4744 vervex
685 4688 778 4743 cervix
797 4690 825 4742 P
896 4690 978 4745 vivex
997 4694 1110 4759 ομωλοψ
1129 4704 1231 4742 vervex
1249 4686 1282 4739 N
1354 4692 1372 4739 4
1390 4685 1492 4756 signiti-

189 4768 246 4821 cari
268 4768 331 4822 NP
400 4776 415 4822 d
441 4769 606 4823 adamantis
629 4767 688 4822 sive
707 4767 836 4836 Martyrii
854 4768 888 4823 N
957 4777 972 4825 't
995 4767 1189 4832 FELICITER
1206 4783 1257 4820 orn.
1276 4765 1314 4832 N,
1333 4766 1397 4819 cdd.
1417 4765 1445 4816 P

190 4853 221 4900 11
242 4849 374 4902 debemus
396 4848 424 4900 P
477 4855 510 4902 13
528 4847 620 4902 minus
639 4846 750 4917 longius
769 4851 802 4903 ut
819 4865 882 4904 reor
900 4865 1024 4905 erramus
1041 4852 1117 4904 recte
1135 4865 1187 4904 nos
1205 4847 1240 4902 de
1258 4847 1278 4901 b
1295 4845 1391 4899 lIttem
1409 4843 1438 4896 P

242 4956 397 4987 annuunrrcr
412 4957 499 4986 narrar
512 4955 558 4986 v11.
1248 4941 1280 4989 18
