3316 5474
214 1295 449 1357 Commentarius
472 1295 508 1356 de
533 1297 611 1356 uotis
633 1314 650 1357 a
673 1299 787 1375 graecis
807 1306 837 1357 et
855 1296 953 1357 latinis
977 1297 1177 1374 grammaticis
1197 1297 1226 1355 iu
1246 1294 1426 1356 editionibus

125 1405 303 1481 scriptorum
332 1405 482 1482 usurpatis
510 1404 540 1462 iu
569 1400 670 1463 codice
700 1402 834 1463 Parisino
863 1398 951 1462 7530
975 1403 993 1462 l.
1017 1400 1060 1464 28
1084 1412 1114 1463 et
1138 1400 1179 1462 29
1209 1404 1339 1483 scriptus
1368 1410 1426 1463 est:

125 1510 162 1569 cl.
186 1526 305 1587 gramm.
329 1510 377 1572 lat.
400 1529 425 1570 v.
450 1509 486 1569 tv
509 1529 536 1590 p.
561 1508 633 1572 xtt.
670 1508 750 1569 bunc
770 1527 827 1570 uua
847 1528 914 1569 cum
934 1507 1040 1569 Isidori
1060 1511 1271 1570 commentario
1291 1508 1327 1569 de
1347 1512 1426 1569 notis

125 1634 161 1675 ex
189 1618 261 1695 orig.
290 1617 302 1676 l
330 1614 374 1679 20
401 1609 555 1697 excerpto',
588 1619 638 1696 qui
671 1618 702 1677 in
734 1616 838 1677 eodem
872 1615 973 1676 codice
1007 1618 1025 1676 l.
1056 1613 1119 1677 154
1151 1625 1181 1675 et
1215 1612 1278 1677 155
1310 1616 1426 1696 legitur,

125 1721 335 1783 Mommseuius
367 1722 526 1802 descripsit
557 1732 587 1782 et
619 1743 653 1783 ex
687 1726 752 1784 eius
788 1722 956 1803 apographo
988 1722 1133 1802 licrglrius
1173 1726 1302 1803 primum
1335 1723 1426 1784 edidit

125 1827 267 1889 Zeitsclrr.
291 1831 312 1890 l.
334 1830 553 1890 uttertuumsw.
578 1849 602 1891 a.
629 1826 715 1891 1845
737 1850 765 1911 p.
790 1828 828 1891 81
855 1848 920 1908 sqq.
948 1829 1055 1890 deiude
1079 1827 1216 1899 Osaunus
1244 1839 1312 1910 post
1340 1849 1425 1890 auec·

125 1934 216 1996 dotou
245 1936 408 1998 Romanum
433 1937 534 1998 Gissae
558 1956 582 1998 a.
609 1935 691 1999 1851
722 1938 833 1998 editum
862 1957 889 2017 p.
919 1933 982 1997 321
1012 1955 1076 2016 sqq.
1105 1945 1265 2016 utrumque
1294 1936 1424 1998 libellum

125 2044 182 2123 sic,
205 2052 238 2103 ut
261 2061 277 2103 a
299 2042 426 2123 lierglrio
450 2045 485 2105 ad
509 2045 597 2106 fidem
621 2044 732 2106 codicis
755 2043 852 2105 editus
876 2054 952 2125 erat,
976 2044 1114 2124 repetivit
1137 2051 1168 2103 et
1186 2046 1265 2104 uotis
1284 2043 1426 2105 subiectis

125 2149 268 2227 quaedam
292 2168 366 2229 quae
391 2152 420 2211 in
445 2149 547 2211 codice
575 2160 716 2232 corrupta
744 2157 829 2210 erant
856 2152 994 2211 correxit.
1040 2161 1141 2230 postea
1166 2150 1426 2211 lleillcrscbeidius

124 2257 292 2318 Parisiunm
315 2260 558 2319 commentarium
583 2257 719 2339 pluribus
741 2256 815 2318 locis
839 2259 1009 2318 coniectura
1033 2257 1221 2318 emendatum
1240 2259 1270 2316 iu
1290 2256 1425 2318 Suetonii

124 2363 264 2442 reliquias
287 2383 314 2444 p.
337 2362 398 2425 137
423 2382 487 2444 sqq.
507 2367 628 2446 recepit.
673 2382 741 2425 nam
765 2364 845 2425 bunc
867 2372 1019 2424 auctorem
1042 2373 1177 2424 secutum
1197 2383 1262 2424 esse
1281 2382 1424 2443 gramma-

125 2472 230 2550 ticum,
253 2473 304 2550 qui
327 2470 399 2530 baec
423 2474 605 2552 composuit,
628 2469 779 2552 probabile
803 2479 857 2532 est.
903 2470 1031 2549 denique
1050 2468 1200 2531 Nauckius
1223 2478 1291 2551 post
1310 2469 1424 2531 lexicon

125 2575 349 2637 vindobonense
365 2595 389 2636 a.
406 2576 489 2639 1867
509 2599 537 2658 p.
557 2576 620 2640 278
640 2597 703 2659 sqq.
723 2577 850 2640 cundem
869 2572 1114 2637 commentarium
1134 2577 1233 2637 edidit.
1271 2586 1424 2658 praeterea

125 2682 208 2743 multi
229 2684 257 2741 ln
277 2684 355 2742 vitiis
374 2687 556 2761 grammatici
577 2685 620 2745 rol
639 2685 752 2745 librarii
771 2684 955 2762 corrigendis
974 2701 1094 2763 operam
1114 2682 1341 2743 collocaverunt.
1379 2683 1424 2742 bis

125 2791 217 2868 copiis
237 2807 308 2849 usus
328 2788 472 2870 libellum,
491 2793 542 2868 qui
562 2793 591 2851 iu
611 2791 741 2852 editione
760 2799 894 2849 veterum
913 2790 1171 2867 grammaticorum
1192 2808 1250 2849 non
1272 2788 1425 2848 ridebatur

125 2894 305 2955 omittendus
320 2914 399 2975 esse,
413 2896 511 2957 denuo
526 2897 582 2958 boc
597 2897 662 2958 loco
676 2896 764 2957 edidi.
801 2895 933 2956 codicem
949 2913 1036 2956 manu
1052 2898 1195 2977 scriptum
1210 2895 1424 2955 Maximiliauus

124 3000 240 3061 bonnet
267 3020 312 3062 me
343 3012 464 3081 rogante
496 3005 604 3065 iterum
633 3020 700 3063 eum
733 3004 832 3091 priore
865 3001 1033 3082 apographo
1065 3002 1191 3063 contulit
1223 3021 1316 3081 eaque
1349 3021 1423 3083 quae

124 3108 314 3168 adnotaverat
337 3109 498 3171 liberaliter
520 3128 638 3171 mecum
662 3111 899 3171 communicavit.
941 3108 1030 3171 buius
1052 3111 1143 3189 igitur
1166 3110 1265 3171 studio
1289 3109 1424 3189 debetur,

125 3215 201 3293 quod
232 3218 334 3294 paucis
366 3214 438 3277 locis
469 3216 555 3296 paulo
584 3218 768 3296 accuratius,
800 3233 888 3295 quarn
916 3223 1001 3276 autea
1029 3217 1138 3277 lactum
1167 3225 1244 3297 erat,
1276 3218 1423 3295 scriptura

125 3322 235 3382 codicis
262 3322 387 3384 indicari
413 3326 523 3405 potuit,
552 3326 684 3403 quamvis
712 3331 742 3384 et
769 3322 926 3383 admodum
950 3341 1043 3403 pauca
1067 3324 1127 3383 siut
1150 3333 1181 3383 et
1203 3323 1285 3383 valde
1309 3325 1423 3401 exigua,

124 3448 200 3508 quae
224 3429 292 3489 iude
316 3438 515 3491 accesserunt.

234 4062 425 4161 Notat
457 4062 561 4159 XXI
592 4062 742 4161 QVAE
773 4061 1064 4161 VERSIBVS
1095 4062 1305 4161 APPONI

579 4203 965 4303 CONSVERVNT

122 4369 144 4405 p.
161 4359 198 4398 tat
213 4357 239 4397 R.

215 4476 251 4484 —
269 4443 380 4504 obelus.
403 4438 441 4514 ·,)'<·
457 4444 625 4503 asteriscus.
648 4442 734 4517 ·,>’<--
745 4442 906 4502 asteriscus
920 4459 989 4539 curn
1003 4440 1097 4502 obelo.
1116 4449 1149 4499 ὃ
1165 4442 1288 4522 simplex
1303 4443 1420 4505 ductus.

122 4555 156 4618 >
176 4549 262 4629 diple.
297 4558 332 4621 >
354 4549 432 4629 diple
461 4551 697 4629 periestigmeue.
731 4548 940 4626 Daulisigma.
975 4550 1175 4628 Dantisigma
1203 4568 1271 4610 cum
1298 4561 1419 4631 puncto.

96 4633 291 4728 5bcorouis.
327 4664 410 4726 >—
433 4655 511 4736 diple
539 4654 729 4715 obelismene.
745 4647 807 4736 l<
830 4672 932 4714 aversa
955 4653 1144 4717 obelismene.
1188 4659 1220 4739 q(
1249 4661 1419 4720 cerauniou.

212 4828 303 4882 Codex
324 4829 472 4883 Parisinus
507 4827 669 4894 tobaleas,
687 4830 719 4880 ut
735 4825 858 4892 vidam,
875 4841 946 4882 corr.
964 4826 1062 4882 obelus
