3316 5474
617 377 686 435 ΑΗΒ
714 379 959 435 autumnales
1377 377 1442 444 373

140 568 165 627 is
197 568 277 627 euim
304 586 412 628 nomen
440 568 471 626 iu
500 565 681 646 Sangallensi
710 568 811 629 codice
840 568 896 627 arti
924 570 1130 646 grammaticae
1158 569 1374 647 praescriptum
1406 567 1441 627 ad

141 673 215 735 hanc
239 674 330 735 solam
354 683 483 756 partem,
506 693 581 755 quae
605 674 774 755 subscripto
798 679 926 753 explicit
947 675 984 736 ab
1007 678 1043 736 iis
1067 694 1142 755 quac
1167 685 1334 755 sequuntur
1357 693 1439 754 sepa·

142 790 203 841 rate
223 790 312 864 esset,
334 784 484 861 pertinere
504 800 600 863 neque
623 801 695 843 vero
718 783 754 844 ari
777 782 904 864 reliqua,
928 801 1003 862 quae
1026 801 1097 844 casu
1121 802 1188 844 cum
1212 782 1259 843 illa
1284 785 1441 844 coniuncta

141 898 254 972 essent,
273 889 463 950 referendum
482 907 548 950 csse
572 882 736 974 monuit*).
774 891 913 951 nimirum
933 908 968 950 ex
987 892 1051 970 ipsa
1074 890 1210 951 codicum
1230 890 1438 969 descriptione,

141 1015 229 1077 quam
251 997 306 1057 hac
328 996 365 1057 de
389 1015 477 1057 causa
500 998 723 1077 accuratiorem,
747 1013 835 1074 quarn
853 1004 976 1076 proptor
995 997 1087 1059 solam
1105 998 1324 1076 grammaticam
1343 1006 1438 1057 artem

141 1124 217 1185 opus
239 1113 317 1185 erat,
340 1102 474 1184 exhibui,
497 1103 581 1165 facile
604 1112 726 1183 apparet
748 1102 821 1165 haec
844 1106 940 1164 omnia
964 1106 995 1165 in
1018 1103 1103 1164 libris
1126 1123 1214 1165 manu
1239 1107 1358 1185 scriptis
1382 1122 1441 1164 non

141 1214 181 1271 ita
205 1213 374 1272 continuata
397 1230 479 1293 esse,
502 1219 535 1272 ut
558 1211 594 1271 ad
618 1228 711 1272 unum
735 1210 922 1290 eundemque
946 1213 1124 1291 scriptorem
1153 1213 1329 1273 reserantur.
1375 1230 1442 1273 narn

141 1320 270 1397 primum
293 1336 331 1378 ne
354 1319 391 1379 de
414 1318 471 1379 illis
495 1317 615 1398 quidem
639 1336 714 1397 quae
737 1320 795 1397 ipsi
817 1321 1025 1398 grammaticae
1049 1321 1106 1379 arti
1130 1319 1262 1380 subiecta
1281 1327 1352 1381 suut
1370 1321 1442 1379 satis

141 1434 273 1508 constat,
295 1433 396 1487 utrum
419 1444 435 1486 a
459 1425 598 1487 Dositheo
622 1424 744 1487 collecta
766 1444 804 1486 an
827 1435 930 1505 postca
953 1425 989 1486 ab
1012 1426 1077 1487 aliis
1100 1425 1198 1487 addita
1221 1428 1282 1487 sint
1305 1473 1312 1487 .
1335 1425 1442 1486 deinde

140 1532 268 1615 glossae,
296 1552 370 1613 quas
394 1533 538 1612 ¹deinceps
566 1532 697 1612 reliquae
724 1541 825 1612 partes
852 1534 940 1612 vulgo
964 1532 1103 1594 Dositheo
1132 1534 1260 1595 tributae
1283 1535 1444 1613 excipiunt,

141 1641 171 1700 iu
208 1640 378 1702 Monacensi
415 1641 516 1702 codice
553 1641 738 1720 interpositis
779 1638 903 1702 aliorum
945 1643 1203 1721 grammaticorum
1240 1642 1390 1720 excerptis
1427 1659 1442 1699 a

140 1749 294 1826 superiore
327 1754 410 1826 parte
445 1754 595 1826 separatae
628 1744 750 1806 inerunt
777 1789 785 1804 .
812 1746 844 1806 iu
868 1745 1050 1826 Sangallensi
1078 1757 1176 1809 autem
1204 1748 1307 1809 codice
1338 1747 1442 1809 lacuna

141 1853 266 1914 indicata
289 1860 351 1935 est,
379 1856 409 1914 iu
438 1872 495 1933 qua
524 1854 618 1932 prima
641 1870 711 1932 pars
733 1851 898 1932 glossarum
922 1871 990 1915 cum
1013 1863 1145 1916 extrema
1167 1863 1252 1935 parte
1275 1854 1444 1935 verborum,

140 1979 215 2039 quoe
244 1970 311 2021 ante
341 1960 404 2020 illas
432 1962 542 2040 scripta
565 1968 645 2041 sunt,
666 1959 756 2039 periit
778 2005 785 2017 .
809 1959 840 2018 in
864 1956 1005 2019 Vossiauo
1032 1978 1103 2021 vero
1127 1960 1229 2021 codice
1252 1963 1443 2040 grammatica

230 2133 257 2200 *)
275 2131 376 2187 Aliena
394 2133 430 2186 ab
450 2132 503 2186 hac
521 2129 683 2201 quaestione
702 2130 746 2184 est
762 2129 872 2198 reliqua
889 2128 1039 2186 Boucherii
1062 2131 1228 2203 disputatio,
1254 2149 1312 2203 qua
1335 2135 1443 2189 remoto

141 2210 268 2266 Dosithei
292 2213 404 2268 nomine
428 2213 515 2268 alium
543 2213 699 2279 auctorem,
726 2208 772 2264 cui
798 2209 1049 2280 interpretamenta
1076 2212 1180 2268 codicis
1202 2211 1444 2282 Montepeesulani

140 2291 288 2359 tribueret,
318 2292 464 2348 substituit
482 2335 489 2347 .
507 2293 538 2346 in
560 2290 655 2346 codice
684 2290 758 2348 enim
776 2289 902 2345 Parisino
929 2297 1000 2346 tole
1023 2293 1105 2348 initio
1127 2291 1234 2347 saeculi
1251 2293 1323 2348 sexti
1341 2291 1444 2347 decimi

140 2371 243 2441 scripto
254 2371 397 2427 inventum
409 2375 452 2428 est
461 2373 632 2443 colloquium
641 2372 781 2440 quoddam
791 2369 988 2427 scholasticum
1001 2374 1120 2429 latinum
1134 2390 1197 2427 cum
1212 2372 1443 2442 interpretatione

141 2468 242 2522 graece
260 2453 313 2507 hoc
331 2454 503 2523 praescripto
522 2453 618 2519 titulo,
640 2446 834 2513 notodeisooc
851 2450 917 2518 sept
935 2455 1129 2523 καθημερινῆς
1147 2448 1258 2524 ὁμιλίας
1278 2452 1391 2508 Polacis
1409 2452 1441 2505 de

140 2533 304 2600 quotidiana
322 2533 478 2602 loquutione
497 2577 503 2589 .
523 2532 599 2602 quod
626 2530 798 2600 colloquium
827 2547 889 2585 cum
916 2533 1013 2601 paucis
1040 2533 1133 2589 verbis
1161 2533 1278 2589 mutatis
1301 2535 1386 2589 etiam
1413 2533 1443 2586 in

142 2612 385 2682 montepessulano
409 2614 505 2669 codice
528 2614 652 2685 legatur,
676 2608 849 2666 Boucherins
871 2627 928 2665 non
951 2613 1041 2668 solum
1065 2614 1137 2668 hanc
1160 2617 1270 2683 partem
1289 2614 1337 2669 sed
1357 2613 1443 2668 etiam

140 2692 250 2762 reliqua
263 2694 358 2748 omnia
371 2694 454 2749 huius
468 2694 578 2765 generis
591 2694 853 2763 interpretamenta,
872 2707 944 2759 quae
962 2693 992 2747 in
1011 2708 1044 2747 eo
1063 2693 1158 2749 codice
1178 2693 1283 2763 scripta
1296 2696 1373 2762 sunt,
1391 2693 1444 2747 hac

141 2774 309 2829 auctoritate
328 2779 483 2830 commotus
501 2773 609 2829 Polluci
628 2772 778 2828 tribuenda
795 2789 855 2827 esse
874 2770 982 2826 censuit
999 2788 1119 2840 eumque
1134 2773 1223 2828 voluit
1237 2773 1337 2827 Iulium
1351 2772 1444 2826 Pollu·

142 2869 203 2906 cem
222 2853 437 2923 grammaticum
456 2871 528 2922 esse,
548 2869 612 2908 enm
631 2853 680 2922 qui
698 2851 889 2908 onomasticon
907 2849 1027 2920 scripsit.
1064 2855 1150 2922 atquc
1174 2853 1259 2908 etiem
1282 2851 1443 2907 definitione

140 2933 282 3003 temporis,
301 2950 372 3002 quae
391 2934 419 2989 iu
434 2934 571 2989 Vossiano
590 2930 686 2987 codice
704 2930 885 3001 genealogiae
899 2931 1005 3002 Hygini
1023 2931 1121 2986 addita
1133 2934 1185 2999 est,
1204 2949 1266 2986 eam
1281 2932 1442 3002 opinionem

142 3012 196 3068 eibi
214 3015 291 3069 visus
310 3017 353 3069 est
370 3012 608 3085 comprehensae,
626 3013 693 3067 dnm
712 3012 801 3067 vitam
818 3011 996 3082 grammatici
1014 3013 1089 3068 ultra
1106 3030 1210 3073 annum
1228 3018 1281 3068 207
1307 3012 1358 3068 illo
1380 3012 1443 3068 loco

144 3092 298 3147 indicatum
316 3095 481 3164 productam
500 3110 560 3149 esse
579 3093 706 3163 disputat
725 3133 731 3146 .
750 3108 921 3162 quamquam
939 3092 1013 3148 enim
1037 3094 1073 3148 ab
1097 3093 1158 3163 ipso
1177 3093 1290 3148 Polluce
1314 3108 1348 3147 ea
1370 3109 1443 3162 quae

141 3174 171 3228 in
190 3175 327 3230 Vossiano
346 3175 441 3231 codice
460 3175 591 3245 leguntur
610 3172 713 3242 scripte
730 3189 787 3226 non
805 3174 912 3240 essent,
935 3175 1030 3228 tamen
1047 3172 1181 3243 temporis
1200 3172 1389 3228 definitionem
1407 3173 1444 3227 ad

141 3254 216 3309 hunc
244 3272 355 3324 quoquc
384 3256 504 3324 quodam
532 3252 616 3308 modo
645 3251 798 3321 pertinere,
830 3249 1057 3320 quandoquidem
1088 3253 1203 3322 propter
1231 3251 1443 3306 similitudinem
1525 3280 1531 3290 ·

142 3336 301 3404 argumenti
319 3336 356 3390 ad
374 3335 492 3390 eandem
510 3334 568 3389 iere
585 3334 715 3388 'aetatem
738 3333 888 3399 utrumqne
910 3329 1013 3386 librum
1035 3331 1160 3387 revocari
1183 3347 1296 3388 necesse
1319 3337 1393 3388 esset
1415 3335 1444 3388 et

143 3416 262 3486 scriptor
280 3415 415 3484 colloquii
433 3413 538 3469 similia
555 3411 716 3483 aequalium
734 3427 847 3465 suorum
865 3409 958 3465 studia
972 3412 1017 3466 vel
1031 3412 1124 3482 potius
1138 3413 1212 3467 hunc
1226 3411 1318 3482 ipsum
1332 3412 1443 3481 librum,

143 3495 191 3562 qui
209 3496 238 3550 in
257 3497 353 3552 codice
371 3494 509 3551 Vossiano
528 3496 557 3549 et
575 3490 752 3563 sangallensi
770 3491 889 3562 scriptus
908 3493 963 3563 est,
982 3493 1133 3564 respiceret
1150 3492 1194 3548 his
1212 3492 1317 3558 verbis,
1336 3493 1443 3548 notices

143 3576 172 3629 et
195 3574 309 3629 extraits
333 3574 349 3630 l.
370 3592 392 3629 c.
412 3593 440 3644 p.
458 3580 511 3629 285
533 3569 653 3635 πολλοὺς
675 3569 729 3641 γὰρ
753 3568 808 3640 ὁρῶ
837 3567 1083 3643 incursaretur
1110 3568 1143 3629 osi
1172 3569 1244 3627 sassi
1272 3569 1324 3643 rip·
1349 3569 1443 3641 detes,

142 3649 240 3716 καθώς
262 3649 332 3708 αὐτὸ
356 3650 388 3708 τὸ
411 3653 525 3724 πρᾶγμα
549 3650 635 3721 αἰτεῖ,
662 3646 733 3705 etti:
755 3652 805 3720 τῆς
827 3649 902 3716 ἰδίας
925 3649 1080 3724 ἐπιθυμίας
1102 3654 1150 3708 καὶ
1173 3656 1329 3725 γυμνασίας
1357 3652 1442 3709 ἕνεκα

142 3734 240 3787 temtos
262 3736 333 3788 enim
354 3736 431 3789 rideo
453 3739 563 3788 conatos
584 3749 642 3788 oon
655 3748 710 3802 pro
734 3733 882 3802 dignitate,
906 3736 978 3789 sicut
1003 3736 1067 3804 ipso
1091 3735 1285 3803 repostulat,
1308 3735 1354 3789 aed
1377 3750 1443 3788 succ

143 3813 304 3880 cupiditatis
322 3818 346 3866 ct
364 3815 566 3869 renotationis
583 3814 677 3884 pretio
695 3815 748 3868 etc.
784 3813 833 3868 aed
857 3816 889 3868 ut
911 3813 969 3869 alia
987 3814 1128 3881 omittam,
1152 3830 1224 3882 quae
1246 3813 1293 3868 rix
1311 3812 1442 3883 cuiquam

142 3894 210 3960 puto
233 3892 263 3946 in
286 3892 338 3947 hac
361 3892 550 3965 disputatione
572 3893 720 3963 probatum
739 3893 786 3962 iri,
814 3910 832 3948 a
854 3893 977 3949 Pollucis
999 3893 1173 3950 onomastico
1197 3894 1280 3964 plane
1303 3894 1442 3949 diversam

144 3987 204 4025 esse
231 3972 366 4028 rationem
394 3975 704 4044 interpretamentorum
731 3988 766 4026 ne
793 3972 979 4029 Boucherium
1006 3973 1120 4042 quidem
1143 3973 1230 4044 iugit3
1257 3991 1348 4044 neque
1370 3975 1442 4029 illud

143 4052 333 4122 disputatione
362 4072 412 4109 sua
439 4054 545 4122 effecit,
572 4055 604 4108 ut
625 4069 659 4106 ea
681 4051 827 4108 diversitas
849 4053 994 4110 adirerso
1019 4053 1158 4109 scribendi
1176 4054 1293 4110 consilio
1311 4053 1440 4110 rideatur

144 4133 232 4202 repeti
259 4150 348 4202 posse.
394 4137 469 4190 recte
496 4134 634 4204 Hauptius
661 4133 696 4188 de
723 4134 821 4189 eodem
846 4135 941 4190 codice
968 4133 1115 4205 disputans
1143 4133 1200 4187 ind.
1228 4134 1293 4189 lect.
1321 4133 1442 4188 univers.

144 4211 233 4269 Berol.
253 4214 311 4269 hib.
330 4231 355 4270 a
376 4220 443 4269 1871
463 4233 489 4284 p.
509 4220 526 4267 4
546 4216 648 4282 (opusc.
668 4230 694 4268 v.
714 4212 739 4266 11
757 4231 785 4283 p.
804 4216 867 4282 442)
892 4214 1064 4269 iudicaverat
1086 4213 1121 4267 de
1145 4213 1214 4268 lulio
1232 4212 1346 4268 Polluce
1364 4213 1442 4268 nullo

144 4293 227 4348 modo
247 4293 365 4363 cogitari
383 4311 480 4363 posse,
499 4293 548 4349 sed
567 4292 776 4361 inscriptionem
794 4293 830 4348 ab
850 4293 963 4349 homine
980 4310 1037 4349 non
1054 4292 1122 4347 satis
1141 4292 1223 4363 docto
1241 4293 1346 4349 iactam
1360 4309 1441 4350 esse.

144 4390 209 4427 nam
228 4393 290 4429 eum
309 4374 431 4429 Pollucis
450 4373 539 4428 lexico
557 4372 668 4443 glossae
686 4389 803 4443 graecae
822 4374 852 4428 et
868 4372 975 4427 latinae
992 4389 1042 4442 per
1060 4389 1163 4443 genera
1180 4390 1272 4428 rerum
1292 4373 1454 4443 dispectae,

144 4454 253 4523 saepius
267 4454 334 4509 olim
349 4457 526 4523 comparatae
535 4456 599 4508 sunt
609 4495 615 4508 .
626 4470 682 4522 qua
691 4471 721 4509 re
730 4454 790 4510 lieri
799 4454 892 4524 potuit
906 4456 939 4508 ut
950 4453 987 4508 ad
1001 4470 1048 4509 eas
1061 4470 1170 4523 qnoque
1181 4457 1284 4523 partes,
1297 4471 1443 4523 quaecum

144 4531 249 4588 illisio
269 4535 348 4589 libris
368 4552 451 4588 mauu
477 4533 588 4604 seriptis
610 4534 774 4590 coniunctae
797 4537 897 4604 essent,
920 4533 995 4589 idem
1013 4550 1114 4589 nomen
1133 4535 1335 4592 transferretur.
1371 4537 1443 4592 nihil

145 4615 294 4679 autem,eb
312 4615 366 4670 hoc
384 4632 485 4685 genere
503 4613 663 4668 litterarum
681 4614 770 4684 magis
794 4615 916 4670 alienum
940 4618 997 4684 est,
1020 4631 1105 4685 quam
1128 4632 1210 4670 omne
1233 4617 1285 4671 hoc
1309 4618 1443 4687 studium,

145 4709 201 4761 quo
222 4693 312 4748 latina
334 4694 472 4749 vocabula
496 4695 525 4749 in
548 4710 681 4764 graecum
704 4712 860 4751 sermonem
885 4696 1118 4752 convertebantur
1145 4697 1191 4751 rei
1218 4696 1315 4752 addita
1341 4715 1443 4767 graeca

144 4772 373 4841 interpretatione
392 4775 615 4846 explicabantur,
638 4792 790 4846 paucorum
813 4793 949 4833 annorum
972 4777 1064 4847 spatio
1088 4779 1117 4832 et
1134 4779 1194 4831 tam
1212 4777 1332 4847 antiqua
1349 4780 1443 4833 aetate

145 4869 279 4909 coercere.
