3316 5474
168 352 235 417 484
660 351 835 407 Anvsrsnt
856 350 975 406 Mnssu

169 451 347 501 amma

169 541 205 598 in
239 539 394 597 viventis
431 539 535 598 etlam
573 544 608 597 ct
643 538 821 617 spirantis
857 539 975 616 capite
1013 536 1157 596 bustum
1196 539 1281 599 suis
1322 538 1497 601 manibus

169 647 402 724 imponeret.

258 751 408 831 lmmigrat
431 754 460 812 iu
484 753 617 834 domum,
641 755 699 814 llic.
724 752 870 814 dedomo
894 770 946 813 saa
970 752 1117 825 (11107)
1141 750 1227 811 deos
1254 754 1496 817 immortales

169 859 386 919 existimatis
410 862 515 921 cuius
538 858 660 920 labare
684 867 817 920 etcum
842 878 858 916 *
882 859 1020 921 domum
1043 857 1226 920 adflictam
1252 869 1291 920 et
1321 878 1495 923 eversam

169 968 373 1045 immigrare
400 966 557 1028 voluisse
582 1015 588 1027 .
1503 984 1516 1023 s

258 1073 410 1135 inhorruit
424 1072 472 1135 illa
487 1092 535 1135 res
550 1073 598 1134 illa
613 1093 657 1153 re,
671 1072 756 1153 l'erg.
771 1074 841 1135 hen.
856 1072 879 1132 V
895 1074 961 1148 (11)
975 1073 1161 1135 inhorruit
1180 1075 1276 1136 unda
1298 1077 1493 1140 tenebris.

169 1179 318 1241 inhorruit
341 1179 418 1241 illam
442 1199 519 1262 rem,
543 1181 621 1242 idem
644 1183 715 1242 den.
739 1180 764 1240 X
789 1182 879 1254 (711)
903 1190 938 1242 ot
961 1180 1144 1241 inhorruit
1167 1199 1288 1243 armos
1313 1231 1321 1243 .

258 1287 290 1348 ln
313 1287 386 1349 hacc
410 1297 503 1370 errat,
531 1288 631 1349 idest
657 1291 688 1350 in
715 1288 788 1350 haec
816 1289 912 1351 lcrtur
939 1288 1080 1368 errando,
1108 1287 1192 1367 Verg.
1216 1307 1323 1370 georg.
1351 1293 1366 1355 Ι
1392 1294 1492 1368 (337)

394 1414 484 1474 quos
507 1397 602 1475 ignis
625 1395 716 1456 caeli
739 1394 923 1475 Cyllenius
945 1403 1044 1455 erret
1067 1397 1102 1455 in
1125 1395 1244 1476 orbes,

168 1500 247 1562 idem
269 1501 341 1563 hen.
365 1503 400 1562 X
419 1503 511 1578 (885)
534 1502 654 1563 laevos
678 1504 855 1582 equitavit
877 1503 912 1563 in
935 1500 1070 1562 orbes.
1504 1520 1528 1561 n

258 1609 379 1689 Invigilo
408 1609 461 1670 hac
489 1628 522 1670 re
550 1627 605 1690 pro
634 1607 753 1688 invigilo
780 1609 850 1671 huic
882 1610 940 1689 rci,
972 1606 1057 1686 Verg.
1085 1626 1184 1687 georg.
1212 1608 1267 1669 llll
1298 1613 1402 1687 (158)
1437 1617 1491 1677 in·

169 1716 321 1796 vigilant
344 1718 456 1798 victu,
479 1717 558 1777 idem
581 1717 651 1777 hen.
676 1715 753 1776 11111
777 1716 875 1788 (605)
900 1723 1029 1775 venatu
1052 1715 1246 1794 invigilant
1270 1723 1387 1797 pueri
1413 1770 1420 1783 .

258 1824 290 1885 ln
314 1834 432 1885 noctem
456 1823 574 1905 siletur,
598 1823 683 1902 l'erg.
706 1842 805 1902 georg.
829 1822 881 1883 1111
906 1822 996 1895 (189)
1021 1821 1151 1884 siletur
1176 1825 1209 1885 in
1234 1834 1404 1911 tractem,
1430 1829 1490 1890 Sal.

169 1930 266 1991 bisti
291 1940 330 1992 ut
353 1930 488 2010 Syllani
512 1933 628 2010 iugem
654 1927 870 2007 [innocentem]
894 1931 928 1990 in
952 1938 1092 1993 noctem
1115 1944 1401 2017 componerent,
1425 1938 1489 1999 Cic.

170 2037 207 2097 de
231 2055 293 2117 rep.
317 2036 353 2098 Vl
378 2039 449 2110 (10)
473 2055 673 2098 sermonem
696 2039 731 2097 in
756 2037 897 2097 multam
922 2045 1060 2096 noctem
1084 2036 1322 2116 produximus
1349 2089 1357 2101 .
1504 2057 1526 2096 u

258 2143 361 2205 lnlelix
386 2142 464 2204 illius
486 2146 545 2225 rei,
569 2143 652 2223 l'erg.
676 2146 747 2205 Aen.
772 2143 824 2204 1111
849 2145 942 2218 (529)
972 2142 1097 2204 inlelix
1125 2145 1231 2205 animi
1259 2144 1488 2214 Phoenissa:

169 2251 211 2310 sie
236 2250 293 2311 Sal.
317 2250 384 2312 bist.
408 2251 419 2311 l
443 2253 550 2311 aniani
574 2252 784 2313 immodicus
807 2300 814 2312 .
836 2247 840 2330 Ι

257 2357 290 2417 ln
310 2356 387 2418 illam
407 2376 470 2418 rem
490 2376 544 2437 pro
563 2377 651 2419 causa
669 2357 749 2420 illius
768 2360 826 2438 rei,
850 2358 935 2437 Verg.
949 2360 1020 2419 den.
1036 2358 1085 2419 111
1100 2360 1169 2431 (13)
1194 2361 1270 2421 urit
1295 2373 1485 2428 nocturna

170 2463 354 2524 inlumina
375 2464 535 2549 cedrum,
559 2465 615 2525 Sal.
631 2465 722 2526 bisti
744 2467 898 2527 omnium
918 2468 1072 2545 partium
1087 2465 1197 2527 dccrrs
1216 2467 1252 2526 in
1272 2472 1485 2535 mercedem

169 2581 378 2651 corruptum
411 2581 501 2652 erat,
533 2571 610 2631 idem
639 2571 785 2631 Etruria
818 2574 932 2632 omnis
964 2591 1041 2635 cunr
1069 2571 1200 2652 Lepido
1234 2588 1412 2654 suspecta
1447 2583 1523 2642 ina·

170 2679 360 2740 tumultum
384 2688 461 2739 erat
484 2727 491 2741 .

257 2786 405 2866 lmplcxus
433 2785 482 2847 illa
510 2806 558 2867 re,
588 2786 670 2865 l'erg.
695 2806 774 2866 geor.
799 2786 852 2847 1111
875 2787 969 2859 (182)
1003 2786 1262 2865 caeruleosque
1295 2791 1482 2872 implexae

168 2893 333 2954 crinibus
356 2912 488 2970 angues
512 2894 727 2955 Eumenides
750 2941 757 2954 .

259 3002 394 3080 Ingratus
417 3001 496 3062 illius
520 3003 578 3081 rei,
602 3001 687 3081 l'erg.
709 3003 780 3061 den.
805 3000 829 3060 Χ
854 3003 953 3073 (11116)
977 3004 1215 3081 ingratusque
1239 3001 1372 3065 salutis
1396 3054 1405 3069 .

262 3244 351 3300 Codex
372 3246 521 3299 Parrhasii
557 3245 669 3299 ‘tiliam
688 3244 759 3314 rem]
778 3244 829 3298 ills
847 3243 924 3299 illam
943 3261 1001 3298 rem
1087 3246 1273 3299 serrandum
1292 3263 1362 3300 corr.
1384 3280 1418 3288 -
1440 3250 1481 3306 do

206 3332 237 3379 10
257 3324 280 3377 X
298 3341 348 3380 orrr.
432 3331 464 3378 14
484 3324 604 3394 Syllani}
628 3326 728 3396 syllam
802 3330 834 3377 lb
855 3322 904 3393 Vl]
925 3322 963 3377 111
1038 3331 1069 3379 tn
1090 3324 1207 3380 lnioelix
1227 3325 1278 3380 illc
1298 3327 1382 3396 l'erg.
1404 3330 1477 3387 Aen.

170 3404 220 3459 llll
239 3404 353 3460 infoelix
372 3404 458 3460 animi
477 3406 608 3475 phenicen
679 3412 714 3460 20
733 3404 762 3459 in
780 3404 903 3460 tumultu

169 3545 308 3553 ·—--.--
315 3545 380 3551 ——-..-

242 3637 272 3702 ⁴1
293 3633 326 3682 ut
351 3628 380 3682 in
409 3629 465 3684 vivi
493 3629 579 3683 ctiam
606 3631 635 3683 et
663 3628 795 3697 spirantis
823 3627 962 3698 capitibus
990 3632 1050 3683 tum
1079 3628 1135 3682 suis
1163 3627 1291 3682 menibus
1316 3629 1478 3699 imponeret

168 3711 271 3763 codices
290 3709 440 3774 Ciceronis,
465 3711 512 3763 ubi
535 3714 621 3778 caput
647 3709 757 3761 bustum
776 3709 871 3778 uulgo,
897 3709 983 3780 capiti
1003 3710 1116 3763 bustum
1137 3707 1309 3764 Garatonius
1324 3710 1381 3767 Cic.
1401 3719 1474 3768 orat.

170 3808 191 3843 o.
217 3788 284 3842 VII
296 3790 387 3857 praes.
403 3806 433 3857 p.
453 3789 505 3842 IX
588 3787 727 3857 capitibus
751 3805 814 3841 cum
838 3791 921 3844 endec
940 3790 1089 3844 Garatonii
1116 3795 1140 3842 ct
1157 3791 1340 3858 superscripto
1359 3808 1424 3845 eum
1447 3794 1478 3847 Ρ

238 3869 340 3924 :ldeos
368 3868 540 3924 immortales
568 3867 747 3935 existimatis,
776 3869 853 3923 cuius
881 3867 976 3922 labore
1005 3871 1034 3922 ct
1059 3867 1176 3923 consilio
1205 3885 1254 3922 sua
1281 3869 1335 3938 ipsi
1362 3874 1476 3941 templa

168 3951 330 4013 tenuerunt,
348 3947 378 4001 in
398 3947 456 4001 eius
475 3947 588 4002 domum
607 3945 749 4002 adflictam
768 3953 797 4003 ct
815 3965 939 4004 eversam
959 3965 1008 4017 per
1033 3947 1090 4002 vim
1115 3948 1237 4003 hominis
1260 3950 1475 4007 sceleratissimi

167 4028 304 4084 netarium
323 4027 498 4083 latrocinium
518 4028 677 4096 immigrare
698 4030 818 4085 voluisse
837 4030 938 4084 codices
957 4030 1094 4085 Gier‘rarn's
1167 4038 1182 4084 o
1202 4032 1277 4086 enni
1295 4047 1328 4084 ee
1343 4029 1369 4083 G
1384 4033 1475 4086 edidit

167 4111 376 4165 Lindenranuuc
464 4115 495 4162 12
515 4108 591 4162 victu
609 4107 761 4178 invigilant
790 4110 925 4180 Vergilius
942 4126 1030 4179 georg.
1052 4110 1102 4164 IV
1118 4116 1173 4166 158
1260 4116 1293 4163 14
1311 4111 1344 4164 ui
1362 4108 1474 4180 Syllani

169 4191 203 4258 P,
226 4194 258 4245 ut
281 4191 304 4244 si
328 4189 406 4244 illam
428 4206 463 4243 ecc
487 4190 514 4244 G
537 4192 622 4246 edidit
644 4191 852 4246 lindenrannus
941 4190 1118 4246 innocentem
1141 4192 1295 4246 &ternant
1318 4189 1475 4247 Houeenus

163 4291 192 4341 p.
213 4277 290 4326 1511
314 4271 452 4324 Liuiorus
470 4272 538 4326 Sall.
558 4273 619 4326 hist.
636 4288 754 4340 procerti.
776 4289 804 4341 p.
825 4277 862 4327 66
954 4278 986 4325 li
1012 4272 1180 4327 Immodicas
1208 4270 1293 4328 animi
1321 4269 1378 4326 Sal.
1403 4271 1472 4327 hist.

169 4352 246 4406 Maii
264 4352 346 4406 editio
366 4351 595 4416 Modicia-nensis,
621 4351 787 4406 Immodicas
806 4351 894 4406 animi
913 4351 970 4406 Sal.
990 4351 1029 4406 sic
1049 4353 1132 4407 editio
1146 4351 1282 4406 Rauenna.
1301 4351 1473 4409 immodicus

167 4431 253 4486 animi
271 4432 303 4485 in
321 4432 483 4500 srapmeeclie
500 4432 561 4486 tin.
581 4433 626 4488 tib.
645 4435 739 4487 inccrt.
756 4433 820 4487 otim
835 4432 963 4485 Sallustii
977 4433 1090 4486 editores
1104 4438 1279 4501 perunum.
1296 4431 1474 4488 ‘Arusianus

171 4512 277 4566 Mesenis
294 4510 458 4566 immodicus
476 4511 558 4565 huius
578 4512 628 4566 rei'
649 4513 792 4567 adnotavit
811 4511 911 4566 Carrio
992 4517 1025 4565 18
1045 4511 1101 4566 urit
1119 4512 1265 4567 odoratam
1285 4516 1423 4568 nocturna
1440 4513 1473 4568 in

168 4591 274 4646 lamina
301 4591 413 4646 cedrum
443 4591 579 4661 Vergilias
652 4599 684 4647 19
708 4593 844 4659 omnium]
868 4590 1039 4660 nimiumque
1063 4592 1259 4659 Burmannus,
1287 4593 1335 4660 prii
1361 4594 1473 4660 prinus

167 4672 222 4726 duo
241 4672 369 4726 Sallustii
387 4673 511 4742 exempla
528 4674 614 4728 edidit
636 4675 668 4727 in
690 4674 792 4728 ardbot.
810 4672 874 4726 Lat.
893 4690 916 4726 c.
938 4673 959 4726 I
971 4691 1001 4741 p.
1021 4677 1075 4727 173
1160 4678 1194 4726 20
1219 4672 1292 4726 idem
1316 4671 1344 4724 in
1368 4672 1473 4728 eodem

167 4753 281 4806 coniecit
299 4751 456 4806 Dietschius
479 4751 548 4806 Sall.
566 4753 627 4808 bist.
645 4753 745 4820 fragm.
761 4769 791 4823 p.
812 4756 847 4806 15
933 4751 961 4805 in
988 4752 1139 4806 tumultum
1162 4752 1345 4807 Burmannus
1364 4752 1381 4807 l.
1403 4770 1427 4809 c.
1445 4759 1473 4808 et

167 4849 200 4888 nr
219 4832 245 4888 G
263 4831 470 4889 Lindnnannuc
