3316 5474
166 360 232 426 426
728 355 900 412 cosmam

166 476 189 512 p.
203 461 236 502 aa
250 461 277 501 ss
290 460 321 500 aa.

167 563 273 626 expers
287 561 353 606 stem
368 561 473 604 causae
488 551 518 603 ct
533 560 637 614 eausa,
651 543 755 620 ignoro
770 559 902 621 causam3
917 558 1023 621 expers
1038 557 1104 600 sum
1118 546 1216 599 autem
1228 537 1327 615 sandi
1339 545 1375 600 et
1390 537 1487 600 iundo

167 671 225 712 non
255 650 348 712 lrabeo
378 650 503 712 iundum
532 649 690 728 significat:
722 647 820 728 inpleo
849 647 998 709 sacculum
1027 647 1141 726 argenti
1168 654 1198 706 et
1225 654 1370 725 argento,
1407 663 1484 726 egeo

167 761 262 820 victus
286 767 316 820 et
340 760 432 836 victu,
455 757 553 836 potior
576 757 693 816 fructus
716 762 747 815 et
769 755 883 836 lructu,
906 756 982 835 apud
1006 755 1143 832 antiquos
1172 754 1269 832 potior
1298 751 1381 813 hanc
1408 771 1483 813 rem.

255 863 457 925 Nominatirus
485 880 572 923 castra
600 861 690 922 trahit
718 861 841 923 verbum
869 864 973 924 tertiae
1002 878 1161 941 personae,
1190 868 1224 919 ut
1251 858 1422 938 Pompeius
1450 861 1482 921 in

166 971 252 1032 litore
277 971 400 1050 Aegypti
423 969 533 1031 dicitur
552 967 710 1042 occidisse,
734 971 904 1030 nominatur
922 970 1001 1030 inter
1019 977 1157 1028 auctores
1176 964 1306 1045 Caelius,
1330 964 1507 1046 Virgilianos

167 1077 294 1138 Aeneida
327 1078 405 1138 iecit.
456 1078 605 1137 vocativus
638 1076 799 1136 secundam
830 1094 986 1157 personam
1020 1076 1140 1155 accipit,
1172 1081 1205 1134 ut
1233 1072 1334 1152 virgili
1366 1073 1482 1155 scribe,

168 1185 273 1246 Cicero
297 1182 444 1264 responde
468 1162 480 1244 .⁸
494 1185 588 1264 prima
612 1200 739 1262 persona
758 1200 818 1251 nou
836 1192 904 1262 eget
922 1200 1006 1264 casu,
1030 1181 1082 1242 sed
1101 1180 1228 1241 admittit
1247 1182 1480 1262 nominativum,

168 1301 200 1352 ut
231 1293 328 1351 servio
360 1293 538 1370 ingenuus.
567 1291 685 1351 nomina
717 1290 810 1350 iorma
842 1291 1065 1370 participiorum
1099 1289 1195 1366 posita
1227 1288 1356 1365 genitivo
1391 1290 1479 1349 casui

167 1401 345 1478 iunguntur,
364 1409 400 1459 ut
412 1406 557 1478 appetens
571 1398 727 1476 pecuniae,
746 1395 905 1458 Terentius
924 1391 1101 1475 ‘fugitans
1120 1388 1257 1456 iitium'
1277 1402 1308 1455 et
1322 1393 1479 1456 Salustius

167 1501 481 1586 ‘cupientissimus
510 1499 515 1584 Ι
545 1498 652 1583 legis'
685 1548 692 1563 .
725 1504 879 1583 participia
913 1521 981 1565 vero
1014 1503 1180 1564 accusativo
1213 1501 1407 1583 copulantur,
1442 1512 1479 1564 ut
1493 1518 1516 1558 ιι

169 1622 312 1694 appetens
335 1614 504 1692 pecuniam,
528 1611 644 1690 lugiens
668 1608 748 1689 lites,
772 1611 896 1689 cupiens
918 1609 1022 1689 legem.

256 1719 337 1780 Bono
375 1721 471 1779 animo
509 1727 555 1778 cst
591 1707 736 1795 εὐθυμεῖ
765 1761 772 1777 .
806 1716 926 1777 meliora
961 1716 1013 1777 tihi
1052 1716 1182 1795 spondeo
1223 1709 1379 1796 βελτίονα
1418 1732 1478 1780 σοι

168 1823 398 1906 κατεγγυῶμαι
421 1871 428 1886 .
452 1827 628 1904 imaginatur
652 1823 730 1903 quod
763 1825 845 1903 cupit
874 1872 881 1884 .
909 1822 1050 1884 iudicium
1083 1823 1220 1884 conflavit
1252 1817 1478 1904 δικαστήριον

168 1926 411 2014 συνεκρότησεν
430 1979 438 1993 .
457 1940 559 1992 mutua
583 1932 645 1991 vice
666 1977 672 1991 .
692 1931 792 2009 pergis
815 1929 958 1991 molestus
980 1948 1046 1990 csse
1071 1920 1179 2009 ὄχλων
1203 1925 1376 2009 έμμένεις.
1397 1932 1476 1993 male

166 2059 323 2120 praesumo
356 2040 391 2100 de
425 2039 474 2099 illo
505 2035 614 2110 κακῶς
644 2027 855 2116 ὑπονοοῦμαι
888 2030 964 2118 περὶ
996 2032 1126 2098 ἐκείνου
1154 2083 1162 2098 .
1191 2038 1369 2116 suffragatur
1400 2039 1476 2100 milri
1492 2055 1517 2095 ιι

166 2145 345 2227 ψηφίζεταί
372 2165 430 2226 μοι
458 2191 465 2205 .
494 2145 660 2223 refragatur
692 2141 764 2202 mihi
795 2133 1000 2221 ἄντικτυπεῑ,
1032 2133 1272 2223 ἀντιλογίζεταί
1300 2165 1390 2224 μοι.
1415 2164 1477 2207 usu

167 2255 278 2313 lorensi
308 2252 447 2313 abhorret
475 2257 567 2331 μισεῖ
592 2241 653 2329 τὴν
682 2241 844 2330 ἀγοραῖον
873 2295 881 2310 .
911 2253 954 2310 vis
987 2260 1015 2311 te
1048 2252 1171 2311 crimine
1204 2261 1272 2331 peto
1304 2249 1381 2330 βίας
1409 2265 1477 2314 σου

166 2356 340 2440 κατηγορῶ
365 2360 528 2439 ‚repperit
556 2356 613 2417 sibi
641 2356 812 2435 dignitatem
841 2347 960 2437 εὕρατο
994 2348 1083 2442 αὐτῷ
1116 2348 1243 2437 ἀξίωμα
1266 2404 1273 2418 .
1297 2359 1342 2418 lac
1372 2361 1476 2420 venias

168 2467 202 2527 ad
228 2486 273 2528 me
297 2459 376 2528 itai
404 2458 486 2546 πρὸς
514 2459 572 2544 ἐμέ
593 2509 600 2524 .
624 2463 725 2524 dilatat
754 2466 920 2524 orationem
945 2454 1158 2545 daspetiacae
1181 2455 1201 2545 ἢ
1224 2457 1384 2526 πλατύνει
1412 2457 1475 2527 τὸν

167 2566 270 2653 λόγον
285 2620 292 2634 .
307 2581 432 2633 mortem
447 2571 504 2633 sibi
518 2571 642 2632 adscivit
663 2561 816 2630 θάνατον
839 2560 928 2655 αὑτῷ
951 2563 1194 2652 προσεπόρισεν
1210 2617 1216 2631 .
1232 2572 1330 2632 taedet
1348 2591 1474 2635 suarum
1490 2591 1518 2631 ao

168 2699 269 2741 rerum
283 2670 448 2761 ἆηδίζεται
466 2676 533 2739 τῶν
555 2673 652 2737 totae
671 2668 873 2757 πραγμάτων
889 2723 896 2739 .
911 2678 1006 2739 solum
1022 2682 1110 2740 vertit
1123 2670 1160 2740 τὸ
1177 2675 1301 2758 ἔδαφος
1314 2675 1451 2760 στρέφει
1467 2727 1475 2742 .

169 2790 285 2867 copiam
313 2789 359 2849 sui
383 2804 442 2847 uon
469 2785 593 2866 praehet
616 2833 623 2845 .
647 2783 822 2847 denotabiiis
850 2803 976 2864 persona
1007 2778 1234 2864 ἐσπιλωμένον
1265 2775 1475 2865 ὑβρισμένον

167 2888 423 2973 κατεστιγμένον
438 2888 618 2972 πρόσωπον
629 2937 635 2951 .
646 2888 828 2951 detestabilis
843 2889 931 2952 homo
944 2885 1254 2973 καταμαρτυρηθεὶς
1267 2883 1453 2973 ἄνθρωπος
1467 2940 1476 2955 .

168 2999 342 3061 execrabilis
365 3018 460 3060 annus
484 2990 664 3061 ἆπευκιέον
685 2996 757 3069 έτος
775 3042 782 3056 .
802 2997 931 3078 proclive
951 2998 1005 3061 tibi
1023 3007 1069 3061 est
1087 2994 1258 3080 έπιρρεπές
1276 2998 1334 3060 σοι’
1353 2995 1446 3062 ἐστιν
1467 3047 1475 3063 .

169 3127 234 3169 mea
252 3109 399 3169 sententia
424 3107 592 3186 praefectus
614 3098 815 3186 προταχθεὶς
836 3097 952 3187 γνώμῃ
980 3101 1041 3187 έμῄ
1062 3152 1068 3166 .
1088 3115 1186 3168 cetera
1211 3109 1348 3186 egregius
1370 3100 1474 3170 λοιπὰ
1488 3125 1516 3166 ιι

168 3238 380 3246 ---...--

261 3307 351 3361 Codex
369 3305 565 3374 Sanfpailensis.
618 3306 782 3373 lexpertns
809 3321 870 3359 aum
899 3322 997 3360 causae
1026 3308 1055 3360 et
1082 3305 1179 3376 ignoro
1208 3322 1319 3360 causam
1339 3310 1475 3376 expertus

168 3405 228 3440 sum
243 3388 337 3441 aulem
352 3385 437 3439 fundo
509 3391 525 3438 2
540 3385 673 3439 sacellum
746 3390 761 3437 5
776 3384 922 3456 aegyptios
936 3385 1038 3439 dicitur
1053 3386 1172 3441 oceidise
1192 3387 1380 3441 nominatiuua
1399 3387 1475 3442 inter

205 3465 444 3521 inominatiuum
471 3470 501 3521 et
524 3465 609 3521 seruit
627 3465 744 3534 ingenus
819 3465 1004 3520 itementius
1079 3471 1112 3519 14
1131 3485 1364 3536 οχαωνενιμενεις
1440 3475 1474 3523 16

168 3545 244 3616 napi]
264 3566 321 3614 παρ
405 3554 435 3600 tt
464 3566 582 3616 αγοραιο
663 3552 696 3602 18
716 3564 816 3613 separo
845 3547 988 3614 (aspersae.
1008 3544 1044 3599 ai.
1063 3561 1136 3600 man.
1155 3550 1241 3614 ουτω)
1265 3548 1364 3616 αξαμα
1438 3555 1472 3602 21

169 3623 325 3697 indigeam]
346 3630 523 3695 τηαηδιζεται
596 3627 696 3683 solium
768 3644 865 3694 οτεφει
943 3631 977 3678 22
997 3625 1123 3696 praebet]
1143 3628 1208 3694 poor
1284 3633 1318 3680 tt
1337 3646 1472 3698 επιρρεπε

204 3713 239 3760 25
257 3711 569 3778 προταχθισαγνωμημη

260 3873 273 3920 1
294 3885 391 3937 expers
411 3886 470 3922 sum
490 3883 590 3921 causae
609 3872 638 3921 et
656 3883 741 3920 causa
758 3865 856 3935 ignoro
875 3881 1001 3933 causam,
1030 3883 1126 3935 expers
1150 3884 1211 3920 aum
1235 3866 1313 3922 fundi
1337 3871 1367 3923 et
1385 3869 1473 3927 tundo

170 3963 225 4000 non
244 3946 334 4002 habeo
353 3949 469 4004 fundum
490 3950 634 4004 Clrarisins
650 3965 679 4016 p.
699 3951 804 4011 auam
890 3952 906 4000 4
925 3944 1119 4001 Nominativus
1189 3950 1205 3998 8
1225 3946 1360 4016 ingenuus
1378 3949 1473 4008 Diem.

167 4046 195 4098 p.
222 4033 319 4094 310,31
388 4035 421 4088 .i
445 4029 572 4083 admittit
596 4027 811 4096 nominativum,
838 4028 870 4080 ut
897 4027 987 4082 servio
1006 4027 1141 4097 ingenuus
1161 4028 1316 4098 Diomedes,
1345 4029 1475 4087 admittit

169 4109 334 4178 plerumque
352 4110 555 4166 nominatinnm
575 4109 695 4163 utlibet
713 4108 803 4163 aernio
822 4106 957 4177 ingenuus
982 4104 1073 4163 milito
1095 4109 1131 4162 M
1209 4114 1225 4163 8
1245 4110 1358 4164 nomina
1381 4112 1474 4168 forma

169 4188 393 4260 participiorum]
410 4190 537 4260 Diomp.
550 4197 651 4257 31126
716 4195 740 4244 ’9
755 4191 787 4243 ut
800 4191 935 4258 appetens
952 4187 1087 4258 pecuniae
1101 4206 1210 4244 croesus
1227 4189 1264 4242 M
1332 4190 1472 4265 fugitans]

173 4269 231 4322 Ter.
254 4269 364 4325 Pitorm.
384 4272 435 4324 IV
451 4276 515 4338 3‚18
608 4279 639 4325 12
659 4271 735 4327 Bono
760 4268 853 4323 animo
874 4299 907 4308 -
926 4274 1004 4335 428,5
1028 4268 1160 4323 inlibatus
1184 4272 1324 4342 numerus]
1349 4275 1474 4329 inaximo

169 4350 267 4403 irarum
285 4352 465 4406 elocutionum
484 4369 554 4421 pars
577 4354 608 4406 ia
630 4352 720 4406 codice
738 4349 861 4404 Charisii
882 4348 903 4415 s.
922 4354 960 4404 25
984 4349 1035 4404 suo
1058 4351 1137 4404 titulo
1160 4351 1193 4404 de
1211 4351 1349 4406 latinitate
1367 4355 1474 4423 scripta

170 4434 221 4493 est,
239 4430 338 4484 omissa
356 4437 446 4486 tamea
463 4448 561 4500 ςναοοα
586 4431 821 4501 interpretatione:
844 4430 879 4495 cs.
898 4446 1010 4499 gramm.
1029 4432 1077 4484 lat.
1096 4432 1146 4485 ool.
1167 4431 1193 4483 Ι.
1210 4433 1300 4498 praes.
1317 4450 1346 4500 p.
1369 4434 1406 4490 X.
1425 4437 1475 4491 set

169 4510 210 4564 ibi
227 4515 252 4563 et
272 4528 322 4579 per
344 4513 466 4565 ordinem
490 4511 643 4565 litterarum
665 4511 799 4580 disposita
820 4515 885 4563 sant
908 4526 941 4563 αι
958 4527 1027 4577 quae
1051 4512 1100 4566 ltoc
1118 4513 1175 4566 loeo
1192 4513 1269 4566 nullo
1287 4518 1357 4566 certo
1376 4515 1475 4570 ordine

170 4594 295 4657 congesta
313 4591 473 4645 recludentur
491 4597 515 4646 ct
533 4593 620 4646 realta
638 4593 749 4656 addita,
764 4607 858 4659 patrea
876 4592 976 4646 maiam
988 4598 1061 4648 sunt.
1082 4609 1115 4646 ea
1128 4593 1170 4645 itis
1183 4609 1275 4660 panca
1288 4611 1358 4661 quae
1372 4597 1475 4651 rectius

170 4670 201 4721 in
219 4670 307 4724 codiee
322 4670 444 4724 Charisii
461 4673 643 4739 scriptarum
657 4673 688 4725 in
702 4674 878 4727 adnotatione
892 4673 1028 4741 adscripsi
1099 4679 1133 4726 20
1143 4671 1237 4726 taedio
1252 4690 1364 4726 arrarum
1379 4692 1472 4731 rerum

171 4749 314 4803 Citarisins
385 4755 420 4802 22
438 4750 548 4818 copiam
566 4751 608 4805 sui
627 4767 682 4805 non
700 4752 817 4820 praebet
835 4751 979 4808 Charisius
1050 4758 1084 4806 24
1099 4752 1240 4821 profectus
1254 4771 1317 4807 mea
1331 4757 1475 4812 sententia

173 4829 209 4881 dl
226 4845 289 4883 mea
307 4829 447 4884 sententia
464 4830 589 4899 perfecta
607 4834 650 4885 eat
669 4831 813 4887 emmas
