3316 5474
259 375 325 445 390
820 376 994 459 rosunum

258 495 280 532 p.
293 482 326 523 20.
340 482 366 522 at
380 481 410 522 11.

257 567 388 650 Tiberis,
425 569 635 647 communiter,
672 574 706 628 ut
741 569 844 630 civitas
875 568 995 630 flumen.
1050 585 1158 629 nomen
1195 566 1318 651 dicitur,
1354 566 1435 648 quod
1473 586 1566 631 unam

257 693 405 754 quamque
432 693 498 736 rem
526 683 621 756 notat,
651 676 736 754 quasi
764 684 904 737 notamen
931 674 1045 737 sublata
1072 674 1168 737 media
1191 676 1300 757 syllaba
1323 695 1377 757 per
1400 695 1566 759 syncopen,

257 781 304 844 vel
326 801 343 843 a
365 800 470 863 graeca
493 785 608 862 origine
637 773 727 863 παρὰ
749 774 786 845 τὸ
811 773 927 863 ὄνομα.
973 791 1043 845 nota
1071 792 1169 844 tamen
1196 786 1314 844 nomina
1342 802 1418 863 quae
1448 787 1564 865 specia-

256 887 325 950 liter
352 892 533 971 proprieque
556 890 710 970 dicuntur,
748 892 819 952 item
851 907 927 969 quae
960 892 1047 952 unica
1079 901 1110 951 et
1140 890 1202 952 sola
1234 899 1320 971 sunt,
1351 891 1493 974 deorum,
1531 901 1565 954 ut

256 996 403 1080 luppiter,
435 998 602 1080 hominum,
633 1007 667 1058 ut
699 997 857 1079 Romulus,
889 996 1024 1078 urbium,
1057 1009 1092 1060 ut
1123 997 1229 1082 Roma,
1260 1000 1496 1082 provinciarum,
1529 1008 1601 1062 uti

255 1104 367 1188 Airica,
389 1105 567 1188 insularum,
590 1114 625 1167 ut
643 1104 756 1187 Sicilia,
779 1106 939 1188 montium,
958 1113 993 1167 ut
1005 1106 1178 1186 Apenninus
1192 1104 1374 1187 Pyrenaeus,
1391 1105 1562 1188 fluminum,

256 1220 290 1273 ut
312 1211 458 1274 Pactolus.
504 1214 695 1293 propriorum
719 1214 872 1274 nominum
895 1211 949 1273 alia
973 1221 1042 1273 suut
1066 1215 1271 1296 praenomina,
1294 1231 1369 1293 quae
1389 1211 1563 1274 nominibus

255 1317 414 1397 gentiliciis
436 1328 675 1402 praeponuntur,
698 1328 731 1380 ut
754 1319 870 1380 Marcus
893 1318 1030 1401 Publius,
1053 1319 1108 1380 alia
1129 1321 1133 1396 1
1154 1323 1273 1401 propria
1296 1319 1459 1401 gentilicia,
1483 1339 1562 1400 quae

255 1444 272 1485 a
296 1426 403 1489 familia
426 1434 457 1487 et
479 1435 567 1507 gente
586 1425 785 1505 descendunt,
808 1433 843 1486 ut
860 1425 985 1486 Porcius
1004 1424 1173 1508 Cornelius,
1197 1426 1252 1488 alia
1270 1430 1459 1509 cognomina,
1483 1446 1562 1508 qnae

208 1611 211 1616 Ι
255 1533 425 1596 nominihus
452 1533 613 1614 gentilieiis
641 1532 876 1616 subiunguntur,
904 1541 939 1594 ut
960 1531 1032 1594 Cato
1057 1533 1170 1614 Scipio:
1198 1535 1373 1596 ordinantur
1401 1537 1483 1596 enim
1506 1538 1561 1618 sic,
1575 1546 1601 1586 ¹⁰

257 1641 375 1703 llarcus
398 1641 523 1702 Porcius
547 1640 632 1724 Cato,
655 1640 778 1702 Publius
803 1639 958 1702 Cornelius
983 1640 1097 1722 Scipio:
1121 1641 1175 1702 alia
1199 1645 1366 1722 agnomina,
1390 1660 1466 1721 quae
1490 1661 1561 1721 cog·

255 1749 425 1810 nominibus
454 1768 489 1810 er
517 1748 614 1828 aliqua
642 1751 755 1809 ratione
783 1757 834 1809 aut
858 1751 967 1809 virtute
990 1748 1152 1830 adduntur,
1181 1758 1215 1810 ut
1242 1752 1397 1811 Africanus
1421 1749 1561 1812 Creticus

254 1856 350 1917 ethis
373 1856 486 1918 similia.

343 1963 522 2044 Appellatira
552 1965 669 2024 nomina
697 1971 767 2023 stant
794 1979 868 2041 quae
902 1962 1080 2041 generaliter
1114 1967 1371 2044 communiterque
1405 1963 1559 2027 dicuntur.

254 2071 326 2133 haee
349 2073 380 2132 iu
404 2071 477 2132 duas
497 2072 611 2151 speeies
630 2070 810 2132 dividuntur.
848 2070 903 2131 alia
921 2071 1000 2131 enim
1020 2070 1187 2149 significant
1204 2089 1253 2132 res
1273 2070 1456 2152 corporales,
1481 2091 1558 2151 quae
1573 2082 1598 2123 ¹⁶

254 2178 348 2239 rideri
371 2181 510 2258 tangique
538 2186 677 2258 possunt,
710 2186 741 2239 et
763 2195 780 2237 a
803 2175 978 2255 quibusdam
1006 2177 1147 2239 vocabula
1177 2178 1375 2259 appellantur,
1406 2187 1441 2239 ut
1467 2178 1559 2241 homo

343 2351 433 2407 Codes
451 2350 648 2420 Saoqnllenaie.
698 2355 714 2402 ὁ
733 2351 765 2403 ut
783 2352 847 2403 anie
864 2348 1000 2404 Romulus
1020 2365 1069 2404 om.
1157 2357 1173 2404 6
1192 2352 1224 2404 ut
1242 2355 1306 2404 ακιι
1323 2349 1486 2419 Apenninus
1505 2367 1558 2406 οιιι.

291 2438 308 2488 8
327 2435 359 2488 nt
376 2436 440 2486 aitte
456 2430 566 2486 Marcus
584 2446 634 2486 om.
708 2436 742 2484 10
760 2431 792 2484 ut
810 2434 873 2484 ante
891 2427 961 2484 Cato
978 2445 1030 2488 ora.
1104 2436 1135 2484 11
1155 2429 1315 2501 agnomina]
1335 2431 1504 2499 cognomina

340 2592 490 2648 anomina
517 2593 566 2645 ant
592 2590 706 2661 propria
734 2593 799 2644 sunt
825 2591 875 2644 aut
902 2589 1087 2659 appellativa:
1115 2591 1230 2661 proprie
1258 2596 1321 2646 anni
1344 2590 1459 2647 nomina
1483 2608 1558 2662 qnae

252 2674 413 2745 specialiter
430 2678 477 2729 otc.
496 2688 552 2728 τπα.
572 2671 678 2728 maris.
695 2689 725 2742 p.
744 2676 842 2739 533,ss

252 2868 297 2952 ῶς
319 2871 357 2940 τό
425 2875 593 2957 ,κοινῶς,
617 2867 661 2949 ῶς
684 2868 722 2938 τό
791 2867 930 2957 .ὅνομα
952 2872 1096 2958 λέγεται,
1120 2867 1171 2938 ὅτι
1194 2872 1232 2937 ἓν
1256 2871 1394 2937 ἕκαστον
1417 2873 1556 2957 πρᾶγμα

251 2983 421 3067 σημαίνει,
453 2975 500 3058 ῶς
529 2982 798 3064 παρασημείωσις
830 2974 1041 3066 ἀνῃρημένης
1073 2981 1133 3063 τῆς
1166 2978 1267 3064 μέσης
1298 2979 1466 3063 συλλαβῆς
1497 2976 1556 3044 διὰ

251 3084 439 3173 συγκοπήν,
462 3081 482 3171 ἢ
506 3080 570 3153 άπὸ
593 3087 652 3171 τῆς
675 3084 848 3169 ἑλληνικῆς
871 3082 975 3172 ἀρχῆς
991 3110 1008 3147 ιι
1027 3081 1066 3151 τὰ
1091 3081 1240 3170 ὀνόματα
1262 3080 1344 3170 ἅπερ
1364 3086 1478 3162 ίδικῶς
1497 3085 1554 3151 καί

248 3197 371 3280 κυρίως
394 3193 539 3279 λέγεται,
563 3189 686 3279 ὁμοίως
709 3188 791 3278 άπερ
815 3196 982 3279 μονογενῆ
1004 3191 1060 3258 καὶ
1084 3189 1172 3278 μόνα
1195 3193 1300 3275 ἐστίν,
1322 3193 1391 3258 τῶν
1414 3193 1509 3257 θεῶν

249 3297 453 3387 ἀνθρώπων,
477 3296 522 3379 ῶς
544 3298 582 3367 τό
650 3300 813 3384 ,πόλεων
904 3301 1072 3386 ἐπαρχιῶν
1160 3297 1273 3384 νήσων
1364 3295 1482 3383 ὀρέων,
1507 3295 1554 3378 ῶς
1581 3315 1595 3355 ⁵

248 3404 287 3476 τό
376 3410 535 3494 ποταμῶν
603 3409 701 3474 ,τῶν
724 3411 852 3492 κυρίων
876 3401 1096 3494 ὀνομάτῶνά
1125 3407 1187 3492 μέν
1209 3409 1295 3472 εἰσιν
1319 3410 1552 3491 χρηματισμοί,

250 3512 348 3583 ἅτινα
370 3517 439 3583 τῶν
463 3512 640 3601 ὀνομάτων
662 3516 730 3580 τῶν
754 3516 901 3581 ἐθνικῶν
931 3511 1164 3599 προτάσσεται,
1194 3509 1238 3592 ῶς
1306 3564 1314 3579 .
1340 3510 1424 3579 ἄλλα
1451 3510 1553 3599 κύρια

249 3622 384 3705 ἐθνικά,
411 3618 509 3688 ἅτινα
537 3618 601 3688 άπὸ
629 3623 690 3689 τοῦ
718 3622 838 3706 γένους
866 3627 871 3702 l
899 3620 955 3687 καὶ
983 3624 1043 3689 τοῦ
1068 3625 1192 3698 ἔθνους
1219 3618 1367 3687 κάτεισιν
1435 3614 1488 3685 .ά
1514 3618 1552 3687 ot

249 3719 447 3814 συνῶνυμα,
476 3723 589 3806 civois
613 3724 777 3813 ὀνόμασιν
800 3741 870 3805 τοῖς
899 3728 1048 3805 ἐθνικαῖς
1075 3722 1310 3810 ὑποτάσσεται,
1344 3722 1388 3804 ῶς
1409 3724 1448 3791 τό
1541 3779 1551 3812 ,

249 3832 467 3902 συντάσσεται
490 3831 553 3920 γάρ
578 3830 684 3912 οὕτως
751 3828 803 3900 ,ἃ
833 3832 870 3900 δὲ
897 3831 1098 3920 παράνομα,
1126 3828 1148 3898 δι
1176 3847 1245 3912 τοῖς
1272 3832 1485 3918 συνωνύμοις
1514 3839 1550 3902 ἔκ
1567 3851 1594 3889 ¹⁰

247 3967 339 4021 τινος
361 3943 524 4027 λογισμοῦ
546 3934 566 4026 ἢ
590 3936 708 4026 άρετης
730 3937 973 4026 προσβάλλεται
1040 3995 1049 4028 ,
1072 3939 1128 4006 καὶ
1150 3937 1190 4007 τὰ
1212 3938 1343 4020 τούτοις
1367 3936 1475 4027 ὅμοια.

337 4044 573 4135 Προσηγορικά
602 4044 750 4135 ὀνόματά
779 4051 865 4114 εἰσιν
893 4042 992 4114 άτινα
1018 4050 1158 4132 γενικῶς
1184 4046 1240 4115 καὶ
1266 4050 1388 4127 κοινῶς
1411 4048 1550 4133 λέγεται.

247 4159 350 4225 ταῦτα
373 4160 420 4236 είς
443 4153 506 4224 δύο
530 4158 603 4241 είδη
627 4157 812 4242 διαιρεῖται.
858 4149 879 4221 ά
902 4153 964 4242 μὲν
987 4151 1050 4240 γὰρ
1070 4151 1181 4222 αὐτῶν
1200 4160 1354 4242 σημαίνει
1372 4154 1550 4242 πράγματα

247 4262 435 4351 ἐνσῶματα,
459 4260 555 4332 άτινα
577 4263 633 4331 καὶ
657 4267 742 4331 ἰδεῖν
764 4262 818 4331 καὶ
843 4253 892 4330 ῶν
909 4260 1062 4343 ἅψασθαι
1082 4262 1239 4348 δυνατόν,
1263 4263 1318 4330 καὶ
1336 4261 1424 4348 παρά
1444 4289 1550 4331 τινων

246 4370 430 4459 ἐπικλήσεις
448 4369 766 4459 προσαγορεύονται,
785 4367 830 4449 ῶς
847 4367 885 4437 τὸ
904 4368 1086 4457 άνθρωπος
1105 4371 1250 4456 δένδρον
1267 4368 1430 4457 βόσκημα,
1449 4367 1548 4437 άτινα
1565 4384 1591 4424 ¹⁵

335 4558 561 4606 Ῑοτιεκικαστον
575 4569 690 4620 πραγμα
704 4549 891 4618 διοοοτιμλιιηι
962 4555 1197 4619 Ξανηριγγμηνης
1268 4542 1390 4618 lipom.
1462 4543 1548 4617 άρηες

247 4634 395 4701 (σοιν-ης)
414 4651 492 4701 παρα
511 4652 542 4686 το
561 4651 658 4701 ονομα.
695 4632 763 4683 nota
785 4630 888 4684 lamen.
928 4622 1149 4684 TOYNOTAT'.
1188 4626 1317 4683 Nomina.
1359 4648 1393 4682 τα
1421 4647 1547 4697 ονοματα

281 4717 409 4778 lauro&
430 4732 568 4781 μονογενη
640 4717 657 4765 6
676 4726 837 4779 αμενειοειν
909 4715 925 4764 8
944 4729 992 4763 και
1010 4729 1062 4764 του
1081 4713 1222 4770 εθνικωος
1240 4709 1412 4764 descendunt
1429 4728 1547 4764 κατοσιν

282 4798 298 4845 9
316 4810 335 4844 α
353 4810 419 4854 τους
438 4810 572 4863 ονομασιν
591 4811 649 4853 τοις
667 4793 801 4853 εθνικονς
878 4795 911 4844 10
929 4808 995 4851 τους
1013 4807 1189 4860 σονονομονς
1270 4796 1303 4843 14
1320 4809 1369 4843 και
1389 4794 1546 4858 υαψασθαι

283 4877 316 4926 to
335 4874 477 4940 επιπλησις
493 4890 731 4942 προσαγορενεται
