3316 5474
168 479 172 486 „
642 395 690 449 on
710 395 1000 452 oarnocnxenvx
1411 392 1474 457 175
1502 365 1506 371 ’

166 503 189 543 p.
205 493 259 533 eaeo
272 492 297 531 ι.

256 577 313 637 Bar
332 596 400 637 cnm
425 579 528 656 incipit
552 578 669 658 syllaba,
693 579 711 639 b
731 589 842 641 mutam
861 579 981 640 babebit
1003 583 1139 660 positam,
1163 588 1195 640 ut
1217 577 1324 639 barrus
1344 573 1473 658 ἐλέφας,

166 682 278 744 bardus
309 675 531 763 ἀναίσθητος,
564 683 673 764 bargus
700 679 826 766 ἀφυής,
860 687 960 747 barba.
1007 688 1154 766 excipitur
1181 704 1288 746 nomen
1319 687 1473 763 proprium

166 788 260 849 Varro
283 790 494 852 tantummodo.
532 810 583 851 ver
605 802 635 852 et
660 797 703 854 vir
727 793 852 873 syllabae
880 793 984 872 longae
1012 793 1055 853 vel
1084 793 1189 853 breves
1213 812 1229 850 v
1253 791 1382 851 vocalem
1405 790 1473 868 loco

166 898 292 974 positam
316 901 506 958 consonantis
529 898 693 980 habebunt,
718 910 750 960 nt
774 909 888 980 vertex,
917 900 1055 979 vergiliae
1078 891 1244 978 πλειάδες,
1268 896 1406 977 verbum,
1431 899 1472 957 vir

119 1026 134 1064 s
165 1004 247 1080 virga
277 1005 357 1082 virgo
386 1007 480 1065 virtus
508 1003 635 1066 Virbius.
682 1010 830 1086 excipitur
858 1006 894 1067 ab
922 1007 977 1067 hac
1007 1006 1107 1086 regula
1137 1004 1339 1065 tantummodo
1373 1003 1473 1085 berna,

164 1108 245 1186 quoi
273 1128 380 1171 nomen
408 1111 478 1172 licet
505 1131 560 1190 ego
587 1115 750 1175 invenerim
778 1134 832 1195 per
861 1135 876 1173 v
905 1117 1062 1195 scriptum,
1095 1125 1210 1192 tamen,
1239 1114 1306 1191 quia
1340 1110 1473 1171 inlustris

166 1218 326 1276 irremoriae
346 1216 443 1277 andivi
462 1217 678 1301 llemnonium,
701 1220 849 1281 hominem
869 1224 964 1281 omnis
985 1219 1300 1298 recondendum,
1323 1237 1354 1278 sc
1374 1217 1473 1278 dicen·
1543 1277 1556 1297 ,

166 1330 229 1380 tem
252 1322 287 1382 de
311 1324 366 1383 lroc
391 1324 605 1403 reprehensum
629 1344 644 1385 a
668 1325 800 1385 Romano
824 1325 950 1404 quodam
974 1326 1184 1405 disertissimo,
1213 1326 1291 1404 quod
1320 1345 1373 1404 per
1397 1325 1472 1386 banc

165 1431 364 1490 enuntiaverit
388 1430 529 1512 litteram,
552 1451 607 1492 nos
626 1451 745 1511 quoquc
765 1441 901 1493 notamus
927 1452 959 1491 ac
985 1441 1162 1511 temptamus
1182 1435 1325 1492 rationem
1346 1431 1470 1491 reddere

255 1625 270 1671 2
295 1619 401 1688 excipit
422 1621 449 1674 B
539 1619 727 1682 4ΠΛΙὸΔΕ(
751 1623 776 1674 Α
805 1617 990 1680 morbae(
1013 1621 1053 1685 Β,
1076 1639 1125 1675 orer.
1152 1621 1175 1673 0
1262 1620 1317 1690 vir]
1346 1617 1422 1673 uuus
1445 1620 1472 1672 A

165 1695 257 1751 uirum
275 1698 333 1751 ΒΟ
402 1706 418 1753 6
437 1703 546 1754 tautum
566 1705 645 1768 (corr.
661 1704 731 1770 taffi)
751 1702 818 1770 qtria
837 1706 864 1771 (a
877 1703 943 1768 ras.)
962 1701 1086 1755 inlustris
1103 1700 1254 1755 memoriae
1272 1698 1369 1753 audiui
1387 1716 1472 1753 mem-

164 1775 278 1830 nonium
302 1778 330 1830 B
354 1766 468 1850 ieutnq3
493 1781 541 1835 uia
563 1781 689 1835 inlustris
712 1781 862 1836 memoriae
885 1781 979 1835 audiui
1004 1779 1173 1833 meinonium
1193 1780 1220 1833 A
1242 1782 1337 1833 tamen
1355 1777 1473 1832 illustris

164 1856 316 1911 memoriae
335 1857 425 1912 uirum
445 1860 633 1914 memnonium
655 1861 678 1914 C
700 1864 795 1915 tamen
815 1862 943 1915 Meunam
969 1859 1092 1914 inlustris
1112 1859 1263 1913 memoriae
1282 1858 1378 1912 audiui
1396 1859 1473 1912 blen-

163 1936 279 1990 nonium
298 1952 315 1994 ς
379 1945 395 1991 9
413 1941 544 1993 notamus
563 1956 596 1993 ac
613 1942 782 2008 temptamus
797 1942 824 1993 A
842 1946 867 1994 et
885 1940 968 1994 codex
982 1941 1131 1993 Beruenaic
1145 1944 1211 2006 243,
1229 1942 1359 1995 uctamm
1373 1956 1470 2009 accep

164 2018 258 2069 tamus
277 2018 356 2084 (corr.
375 2021 531 2087 acceptam)
549 2019 591 2087 B,
609 2021 768 2075 notauimua
787 2038 819 2076 ac
838 2021 1038 2091 temptauimus
1059 2020 1082 2072 0

616 2322 800 2376 MARTYRH
818 2322 866 2376 DE
885 2322 908 2375 B
928 2322 974 2376 ET
994 2321 1019 2376 V

163 2474 293 2565 ὑδαρὴς
316 2477 417 2560 οἶνος.
454 2488 525 2549 alias
545 2489 659 2550 vocales
683 2492 849 2551 interret
872 2509 890 2568 p
915 2488 1081 2549 corrlocatas
1105 2490 1202 2548 inveni
1225 2487 1361 2548 deiicere.
1398 2490 1428 2547 in
1452 2506 1470 2566 q

164 2592 303 2668 syllabam
327 2593 477 2655 definitam
502 2596 637 2656 similiter
663 2599 795 2657 iuvenire
820 2616 877 2656 non
901 2599 993 2675 potui.

252 2699 310 2760 Bar
333 2719 401 2760 cum
425 2703 528 2780 incipit
550 2702 673 2782 syllaba,
703 2702 720 2762 b
745 2711 856 2763 mutarn
884 2702 1021 2763 habuerit
1048 2706 1187 2784 positam,
1217 2711 1251 2763 ut
1274 2702 1380 2763 barrus
1404 2692 1468 2761 tte-

164 2785 380 2884 ‹pa3‚'bardtxs
399 2799 619 2887 ἀναίσθητος,
643 2808 752 2888 bargus
776 2801 903 2889 ἀφυής,
928 2808 1018 2869 barba
1038 2818 1068 2870 et
1091 2810 1169 2888 qnod
1193 2812 1224 2870 in
1243 2806 1470 2888 glossematibus

133 2913 262 2972 einvcni
291 2912 411 2993 bargina
440 2905 460 2993 ἡ
488 2909 726 2995 προσφώνησις
757 2908 953 2997 βαρβαρική.
1000 2918 1147 2994 excipitur
1176 2934 1283 2975 nomen
1316 2917 1469 2994 proprium

164 3016 256 3078 Varro
280 3021 483 3081 tantummodo
506 3040 522 3080 a
541 3023 650 3101 regula.
688 3042 739 3083 ver
760 3026 803 3084 vir
827 3021 953 3101 syllabae
979 3020 1080 3100 longae
1102 3022 1146 3081 vel
1170 3020 1275 3082 breves
1299 3041 1316 3080 v
1339 3019 1470 3080 vocalem

163 3122 373 3204 locopositam
393 3131 582 3188 consonantis
605 3129 769 3209 habebunt,
793 3138 826 3190 ut
852 3137 965 3207 vertex,
990 3127 1126 3206 vergiliae
1146 3120 1313 3200 πλειάδες,
1337 3125 1470 3206 verbum,

164 3232 209 3290 vir
228 3234 307 3311 virga
327 3236 408 3311 virgo
428 3238 522 3295 virtus
542 3233 668 3296 Virbius.
707 3239 852 3315 excipitur
871 3253 887 3293 a
907 3233 1007 3313 regula
1032 3235 1235 3294 tantummodo
1260 3234 1366 3312 berna,
1389 3231 1468 3311 quod

164 3354 272 3398 nomen
301 3337 368 3399 licet
397 3360 451 3419 ego
480 3344 578 3403 inveni
604 3362 658 3422 per
683 3362 697 3400 v
726 3342 893 3422 digammon
922 3343 1080 3420 scripturn,
1108 3349 1221 3422 minen,
1249 3343 1317 3419 quia
1345 3339 1469 3399 illustris

124 3464 150 3502 ro
164 3447 322 3506 memoriae
342 3446 439 3507 audivi
458 3447 671 3522 llemnonium,
694 3450 791 3508 ourois
814 3447 964 3506 bominem
983 3447 1136 3507 lacundiae
1156 3446 1299 3526 iudicem,
1318 3465 1350 3506 se
1369 3445 1468 3504 dicen·

164 3557 225 3609 tem
252 3544 288 3610 de
316 3552 372 3613 troc
401 3554 617 3633 reprehensum
644 3573 661 3613 a
688 3553 820 3613 Romano
849 3553 974 3632 quodam
1006 3552 1215 3633 disertissimo,
1251 3560 1284 3612 ut
1311 3570 1366 3630 per
1394 3551 1469 3611 banc

164 3658 363 3719 errtxntiavcrit
386 3660 527 3743 litteram,
552 3680 606 3721 nos
626 3679 746 3739 quoquc
770 3668 906 3720 rrotanms
926 3677 958 3719 ac
984 3667 1162 3739 temptamus
1180 3661 1325 3719 rationem
1344 3657 1470 3718 reddere

165 3764 248 3839 quasi
277 3763 455 3827 diversitatis
483 3786 579 3828 causa.
622 3771 646 3828 si
675 3770 753 3827 enim
781 3767 874 3827 berna
902 3766 981 3826 domi
1014 3769 1145 3846 genitum
1174 3767 1332 3845 siguificat,
1368 3765 1396 3825 id
1425 3775 1471 3827 est

165 3856 184 3926 d
208 3865 393 3951 οἰκογενής,
418 3893 574 3935 rrrrunxunc
598 3882 643 3934 est
667 3873 758 3934 duum
781 3892 925 3952 generum
949 3874 1112 3933 secuudum
1132 3881 1261 3951 veteres,
1285 3875 1375 3932 trium
1401 3890 1469 3932 vero

237 4052 343 4106 linter
362 4054 380 4107 b
399 4055 427 4105 et
447 4071 463 4121 p
484 4054 515 4105 N
584 4053 736 4108 tinveniri
754 4071 809 4108 nou
831 4054 925 4122 potuit
942 4054 975 4106 N
1043 4060 1059 4106 3
1080 4069 1141 4106 cum
1161 4050 1260 4119 incipit
1279 4051 1307 4103 P
1322 4067 1384 4102 cum
1403 4050 1470 4103 inci·

164 4127 225 4197 piat
242 4130 276 4182 N
340 4133 477 4201 tbargue
497 4152 612 4201 αφαυης
630 4134 658 4185 P
671 4133 775 4204 bargus
792 4152 869 4201 αφης
886 4133 920 4186 Ν
984 4133 1071 4187 barba
1090 4133 1119 4184 et
1137 4129 1274 4198 bargiuna
1292 4129 1367 4197 quod
1385 4128 1469 4196 cigni-

164 4210 230 4265 ficet
255 4231 455 4281 προσφωνησιν
482 4215 657 4284 βαρβαρικην
682 4217 714 4267 ut
738 4213 767 4267 iu
793 4212 1008 4282 glossematibus
1032 4211 1132 4280 reperi.
1159 4209 1335 4277 excipiuntur
1356 4207 1471 4261 uomina

164 4292 278 4360 propria
297 4296 328 4346 ut
346 4294 434 4348 Varro
454 4297 483 4348 et
502 4295 690 4365 Vargunteius
709 4291 905 4347 tantummodo
922 4292 1021 4363 regula
1041 4293 1069 4345 P
1139 4287 1369 4358 gloeemmatibus
1387 4287 1420 4338 N

166 4375 181 4422 7
205 4373 237 4423 ut
263 4375 370 4444 vertex]
396 4391 446 4428 ver
464 4391 565 4428 vervex
586 4375 613 4427 P
701 4373 872 4442 ascriptum
891 4372 920 4425 in
939 4371 1115 4440 exemplariis
1134 4367 1262 4438 plurimis
1280 4369 1374 4420 maren
1393 4366 1421 4418 P

167 4455 198 4502 ta
218 4468 251 4504 ac
269 4456 421 4507 temtamus
441 4455 468 4506 P
483 4458 513 4508 et
528 4458 699 4524 temptamus
717 4453 749 4505 n'
813 4459 844 4505 lt
864 4471 912 4505 τον
927 4470 1057 4520 οικογινη
1072 4464 1218 4504 commune
1232 4449 1276 4501 eet
1289 4447 1373 4498 duum
1387 4461 1470 4514 gene·

164 4547 224 4583 rum
244 4532 394 4587 secundum
415 4535 549 4602 quosdam
569 4551 631 4588 cum
651 4534 680 4586 in
699 4532 790 4602 prium
807 4531 994 4587 declinatione
1013 4532 1142 4584 neutrum
1166 4542 1253 4596 genus
1277 4523 1396 4578 inveniri
1414 4540 1470 4579 uon

165 4610 263 4666 volant
280 4611 364 4666 trium
386 4631 450 4668 vero
471 4614 621 4668 secuudum
637 4613 708 4667 alios
726 4629 759 4667 ae
778 4630 867 4666 meam
883 4610 1042 4681 opinionem
1056 4610 1123 4678 quia
1141 4608 1192 4661 hoc
1208 4605 1315 4673 expetit
1328 4609 1357 4658 et
1371 4608 1470 4660 natura

166 4693 195 4745 et
212 4693 287 4761 apud
307 4692 472 4747 Sallustium
491 4711 591 4748 nomeu
611 4693 732 4747 fluminis
751 4695 850 4747 neutro
869 4708 969 4762 genere
988 4691 1091 4745 lectum
1111 4690 1153 4744 ast
1166 4684 1272 4741 Thoria
1291 4688 1320 4739 et
1337 4684 1471 4740 Mulucha

165 4773 306 4841 usquead
325 4774 427 4827 flumen
446 4773 579 4828 Mulucha
597 4774 648 4827 stab
667 4773 782 4842 lugurta
800 4776 880 4827 eraut
899 4771 977 4839 (Soli.
994 4773 1058 4841 Iup.
1078 4788 1099 4826 c.
1120 4771 1173 4835 19).
1201 4763 1288 4832 igitur
1307 4766 1365 4819 sive
1383 4767 1470 4820 duum

164 4847 222 4907 si're
240 4854 325 4908 trinua
344 4872 475 4924 generum
496 4859 539 4908 est
558 4872 703 4909 commune
723 4856 765 4908 eet
783 4857 813 4908 et
830 4871 879 4924 per
897 4855 916 4908 b
934 4858 1041 4908 mutam
1059 4851 1190 4907 scribitur
1210 4852 1238 4906 P
