3316 5474
635 389 924 446 oaruocaarrua
1032 359 1037 366 ’
1390 392 1435 455 95

121 501 144 537 1).
165 491 224 530 224⁰.
239 493 263 529 41
279 490 304 528 P.

218 575 339 634 Somnio
364 573 532 654 dicendum,
556 593 615 634 non
639 578 780 648 somnior,
803 585 833 635 et
857 576 1008 652 somniavi,
1032 592 1091 633 non
1116 576 1278 634 somniatus
1301 592 1375 634 sum.

216 680 290 740 Illud
316 699 469 741 scamnum
492 679 660 757 dicendum,
684 689 713 739 at
736 683 842 759 ipsum,
867 699 926 740 non
950 680 1046 759 ipsud.
1083 698 1196 759 pauper
1214 683 1259 740 vir
1277 690 1308 740 et
1327 681 1434 741 mulier

125 785 302 865 dicendum,
326 805 385 847 non
409 804 538 865 paupera
564 786 678 845 mulier.

216 893 326 953 Graeca
350 895 477 973 nomina,
502 901 534 952 ιιι
548 891 666 971 Phryne
690 902 720 953 et
742 893 867 972 phalanx
892 902 921 952 et
939 892 1126 974 PhronimuS,
1148 912 1203 972 per
1225 912 1244 973 p
1268 903 1298 953 et
1315 893 1335 952 b
1355 894 1426 952 scri·

97 1000 237 1061 abunda:
263 1001 390 1080 llatiua,
415 1011 447 1068 ut
472 999 572 1059 lallere
597 1008 628 1059 et
651 1000 750 1081 facile,
773 1019 828 1078 ρει
851 1001 864 1059 ι
884 999 1049 1060 scribenda.

216 1108 303 1181 Cum,
331 1111 357 1168 si
380 1109 560 1186 praepositio
584 1109 654 1187 erit,
683 1126 736 1185 per
760 1126 776 1166 c
800 1106 1003 1187 scribendum3
1033 1109 1058 1167 si
1086 1106 1257 1167 adverbium
1289 1109 1431 1186 temporis

127 1225 180 1275 aut
203 1215 335 1295 causale,
358 1234 412 1294 per
434 1233 462 1293 q.

214 1320 319 1381 Omnia
338 1321 476 1381 adverbia
495 1303 613 1381 nnm'eri
632 1323 694 1381 sine
715 1341 734 1380 n
752 1319 908 1380 scribenda
927 1329 1005 1400 suut,
1025 1329 1058 1381 ut
1076 1321 1170 1381 milies
1190 1323 1303 1381 centies
1318 1320 1433 1380 decies:

126 1431 267 1507 quotiens
290 1431 402 1488 totiens
425 1447 479 1508 per
503 1448 522 1488 u
546 1428 702 1488 scribenda
726 1437 803 1488 sunt

84 1553 110 1590 ιο
215 1534 335 1595 Νιιιιιιιιι
362 1554 525 1614 pronomen
554 1553 608 1613 per
631 1542 643 1593 t
667 1534 822 1613 scribitur,
850 1534 902 1593 sed
930 1552 983 1612 ρει
1010 1534 1043 1614 d,
1071 1545 1104 1595 ut
1131 1535 1202 1614 quid
1231 1532 1328 1595 dicis?
1360 1533 1431 1612 quid

125 1636 211 1719 agis?
244 1641 315 1719 quid
340 1638 468 1701 scribis?
498 1641 568 1720 quid
593 1637 687 1702 lacis?
719 1660 774 1719 ρει
797 1650 808 1700 ι
832 1650 943 1713 autem,
967 1639 1090 1700 verbum
1114 1640 1164 1701 ubi
1189 1644 1258 1721 erit,
1282 1640 1434 1722 scribitur,

126 1757 160 1807 ut
184 1751 286 1827 inquio
310 1751 409 1826 inquis
433 1750 543 1827 inquit,
571 1766 605 1806 eo
630 1749 714 1826 isit,
738 1755 768 1805 et
796 1745 968 1807 adverbium
995 1749 1125 1827 numeri,
1156 1755 1188 1807 ut
1214 1756 1288 1825 quot
1315 1756 1372 1826 tot,
1403 1754 1434 1806 et

127 1865 335 1935 monoptoton,
366 1864 398 1914 ut
421 1855 492 1915 lact:
520 1854 589 1914 licet
617 1853 736 1933 quidam
765 1860 874 1930 negent
902 1850 972 1912 illud
997 1870 1104 1912 nomeu
1128 1861 1210 1913 muta
1232 1870 1319 1931 posse
1344 1851 1432 1933 liniri,

128 1974 158 2021 et
181 1961 249 2021 ideo
272 1961 373 2021 dicant
395 1961 469 2021 lacte
493 1979 558 2020 esse
588 1960 761 2038 dicendum,
788 1976 848 2017 non
871 1956 915 2017 lac
939 1968 990 2018 aut
1012 1957 1077 2019 lact
1114 1958 1150 2018 ad
1173 1961 1353 2038 praepositio
1378 1977 1433 2038 per

87 2084 113 2124 ιε
128 2067 161 2146 d,
184 2077 214 2127 at
238 2069 408 2126 corrinnctio
431 2085 485 2146 per
508 2075 520 2126 t
544 2065 634 2126 scribi
658 2065 753 2125 debet.

217 2172 308 2235 Exsul
332 2192 400 2234 cum
424 2172 522 2233 addito
544 2192 558 2231 s
582 2172 773 2233 scribendum
797 2183 843 2232 est
873 2172 1065 2251 etymologiae
1089 2190 1192 2251 causa,
1223 2190 1239 2231 a
1267 2171 1329 2231 solo
1359 2189 1433 2249 quo-

130 2283 209 2340 niam
232 2283 320 2340 venit.

217 2387 378 2458 Formosus
402 2390 465 2447 sine
490 2407 509 2447 n
533 2386 722 2447 scribendum
747 2395 793 2446 est
821 2385 857 2445 ab
886 2384 1072 2465 etymologia,
1100 2385 1179 2463 quod
1210 2393 1255 2445 est
1284 2403 1300 2444 a
1328 2384 1430 2444 lorma.

128 2504 233 2555 nactus
257 2512 316 2553 nno
340 2513 359 2553 ιι
383 2493 588 2574 scribendum,
611 2503 641 2553 at
664 2495 819 2553 nanciscor
843 2491 969 2552 duobus.

86 2620 113 2658 ro
217 2599 365 2678 Quicquid
393 2602 423 2660 in
455 2603 555 2680 priore
584 2599 692 2679 syllaba
719 2619 774 2678 ρει
806 2618 823 2659 c
851 2597 980 2660 litteram
1010 2600 1218 2679 scribendum,
1247 2600 1386 2677 quoniam
1415 2597 1433 2657 d

219 2806 232 2852 1
257 2798 370 2853 Somnio
394 2814 449 2852 non
473 2797 596 2852 somnior
619 2797 767 2852 dicendum
790 2799 834 2851 εει
858 2797 882 2851 0
969 2796 1117 2852 dicendum
1140 2803 1184 2854 εει
1200 2799 1228 2853 Β
1319 2803 1335 2850 2
1359 2795 1434 2850 illud

127 2895 269 2932 omninum
290 2896 466 2949 -paupera
484 2879 584 2933 mulier
606 2895 656 2933 om,
679 2878 797 2946 Bosp,
821 2878 886 2931 add.
911 2876 949 2929 Μ
1034 2878 1077 2949 at]
1106 2880 1135 2932 et
1153 2877 1189 2930 M
1277 2884 1436 2947 apaupera

126 2958 240 3030 mulier]
258 2975 413 3028 pauperem
428 2960 466 3012 M
533 2966 549 3012 4
569 2958 675 3013 Graeca
688 2957 804 3012 nomina
818 2958 849 3010 ut
862 2957 962 3024 phirne
976 2958 1099 3026 phalanx
1113 2957 1280 3013 Phronimus
1299 2959 1434 3028 phalerae

127 3055 177 3108 per
195 3057 213 3108 p
228 3041 289 3094 eth
307 3038 443 3093 latinam
460 3039 541 3093 facile
560 3036 909 3108 perisoribendasunts
975 3034 1092 3104 phyrine
1107 3036 1136 3089 ει
1151 3036 1286 3104 phallenx
1301 3039 1330 3091 ει
1347 3038 1431 3106 phro-

127 3116 218 3172 nimus
237 3119 273 3171 Μ
288 3120 410 3188 chrynae
429 3121 458 3172 et
475 3118 598 3187 phalanx
617 3120 651 3171 et
663 3116 826 3186 phronimus
840 3115 869 3167 Β
887 3114 999 3168 chrinae
1012 3117 1042 3169 ει
1056 3114 1176 3184 phlancx
1191 3119 1223 3170 ιιι
1236 3117 1431 3186 prohronimus

128 3200 206 3262 (corr.
226 3199 444 3266 phronimus)C
506 3197 652 3251 scribenda
671 3199 735 3251 sunt
753 3202 866 3263 utroque
884 3195 941 3248 loco
959 3194 1017 3250 BG
1078 3194 1211 3250 biallere
1230 3198 1259 3249 ει
1276 3195 1358 3249 facile
1378 3195 1436 3250 BG

128 3277 231 3331 laterae
254 3279 337 3333 facile
362 3279 398 3332 Μ
503 3285 519 3331 ι
543 3277 611 3330 Cum
635 3309 667 3316 -
692 3295 741 3346 per
764 3295 782 3345 q
805 3292 855 3329 om.
877 3275 911 3342 0,
940 3275 964 3329 si
991 3274 1160 3343 praepositio
1184 3275 1238 3329 erit
1260 3292 1323 3329 cum
1346 3291 1395 3344 per
1419 3291 1435 3328 c

128 3357 305 3417 scribendum
333 3357 356 3411 si
384 3357 548 3411 aduerbium
576 3356 712 3425 temporis
741 3357 790 3409 aut
817 3353 928 3408 casuale
956 3369 1006 3421 per
1033 3372 1051 3422 q
1078 3354 1106 3407 B
1213 3362 1229 3410 8
1258 3355 1359 3408 Omnia
1387 3354 1434 3408 ed-

128 3439 226 3493 uerbia
253 3439 360 3492 numeri
389 3437 448 3491 sine
478 3455 495 3489 ιι
522 3435 669 3490 scribenda
696 3439 761 3489 sunt
785 3438 818 3488 ιιι
844 3433 935 3487 milies
964 3433 1067 3488 centies
1097 3436 1188 3491 decies
1216 3435 1325 3504 quoties
1351 3435 1436 3489 toties

130 3523 190 3588 (ons.
209 3511 261 3588 par
276 3537 296 3571 n
314 3514 463 3572 scribenda
481 3520 554 3581 sunt)
574 3515 611 3568 Μ
627 3516 692 3569 Sine
712 3533 730 3568 n
748 3513 897 3569 scribenda
915 3518 980 3568 sunt
997 3513 1089 3570 milies
1108 3516 1212 3571 centies
1230 3516 1320 3570 deties
1333 3518 1353 3568 ‘l
1367 3531 1437 3584 quo-

127 3599 202 3653 tiens
225 3598 329 3653 totiens
349 3615 412 3653 cum
436 3597 566 3653 scribitur
587 3613 638 3666 per
655 3614 673 3650 ιι
693 3594 838 3650 scribenda
861 3595 926 3647 sunt
943 3592 971 3645 Β
994 3595 1053 3649 sine
1071 3614 1090 3649 n
1109 3596 1200 3650 milies
1219 3597 1323 3651 centies
1342 3594 1434 3649 decies

221 3691 237 3718 n
332 3692 348 3719 n
362 3690 414 3719 oum
985 3715 988 3718 .

130 3732 240 3801 quoties
263 3733 346 3788 toties
369 3730 500 3786 scribitur
523 3748 573 3800 per
591 3750 610 3785 n
633 3731 780 3786 scribenda
804 3732 870 3784 sunt
889 3728 918 3783 0.
946 3730 1061 3794 sonasse
1080 3734 1110 3784 at
1134 3731 1263 3800 quotiens
1280 3733 1310 3785 ει
1333 3729 1436 3786 totiens

130 3830 193 3867 curn
212 3813 370 3881 scribimus,
390 3832 440 3882 per
453 3833 472 3867 n
490 3812 639 3867 scribenda
657 3816 723 3866 sunt
796 3817 828 3864 10
847 3809 963 3864 Nullum
975 3842 1006 3849 -
1018 3810 1099 3881 lacis]
1119 3811 1172 3865 Per
1186 3809 1205 3862 d
1219 3810 1350 3866 scribitur
1368 3810 1436 3880 quid

130 3891 198 3946 dicis
217 3892 284 3961 quid
303 3893 365 3962 agis
383 3892 450 3962 quid
469 3894 540 3962 legis
559 3893 626 3961 quid
646 3891 744 3946 scribis
762 3890 829 3958 quid
848 3889 917 3944 iacis
934 3890 962 3943 B
986 3888 1059 3955 Quid
1078 3889 1146 3958 quid
1171 3889 1233 3959 agis
1251 3890 1319 3959 quid
1338 3889 1436 3944 scribis

129 3971 195 4041 quid
213 3973 283 4026 facis
301 3990 351 4041 per
371 3973 389 4025 d
408 3974 431 4026 O
517 3980 549 4027 11
568 3975 685 4028 verbnm
703 3971 752 4025 ubi
771 3970 836 4039 erit]
856 3969 905 4023 ubi
924 3971 1039 4024 uerbum
1057 3970 1185 4027 fueritO
1267 3976 1299 4024 12
1318 3986 1352 4024 εο
1370 3968 1394 4022 is
1412 3969 1437 4023 it

130 4052 293 4107 aduerbinm
310 4053 418 4106 numeri
436 4056 480 4108 tot
498 4056 568 4123 quot
584 4053 641 4107 Rc
719 4057 752 4105 13
771 4050 838 4104 licet
856 4047 970 4117 quidam
989 4052 1103 4122 negent]
1124 4051 1237 4122 plurimi
1256 4052 1361 4119 negant
1378 4048 1439 4104 BG

198 4149 281 4204 posse
301 4133 374 4188 finiri
393 4136 472 4188 muta
491 4133 515 4188 0
605 4140 637 4187 14
661 4132 759 4187 dicunt
781 4133 855 4186 lacte
874 4147 934 4185 esse
952 4131 1101 4185 dicendum
1120 4148 1177 4186 non
1195 4132 1238 4186 lac
1258 4132 1308 4185 aut
1325 4129 1383 4183 leot
1401 4128 1439 4180 M

130 4214 202 4269 lacte
221 4215 320 4268 dicum
338 4230 396 4267 esse
416 4231 470 4267 non
490 4217 555 4281 (non
574 4231 635 4268 esse
657 4214 692 4282 0)
711 4214 770 4268 lact
787 4215 837 4266 aut
855 4211 899 4265 lac
917 4209 981 4264 ΒΟ.
1005 4213 1040 4277 cs.
1055 4211 1192 4267 Ριιεείαρ.
1206 4213 1224 4265 l.
1240 4210 1287 4263 VI
1299 4213 1436 4278 p.212,4

131 4297 174 4351 lac
192 4295 288 4361 lactis,
308 4293 383 4363 quod
402 4294 589 4363 antiquissimi
609 4296 695 4349 etiam
714 4295 766 4347 hoc
785 4293 859 4346 lacte
878 4290 1029 4359 protulisse
1052 4291 1232 4345 inveniuntur
1253 4291 1325 4343 testa
1345 4286 1436 4356 Capro

201 4384 234 4431 16
254 4394 318 4431 ειιιιι
338 4395 350 4430 ε
369 4372 466 4427 addito
486 4374 510 4429 0
588 4391 606 4428 a
624 4374 683 4428 solo
703 4388 758 4441 qno
777 4369 856 4424 uenit
874 4369 910 4422 M
927 4387 945 4423 a
963 4370 1022 4424 solo
1042 4388 1097 4438 quo
1116 4371 1243 4425 uersatur
1260 4366 1319 4421 130
1339 4382 1357 4420 a
1375 4367 1435 4422 solo

131 4457 204 4525 quod
222 4456 308 4511 uertit
328 4471 344 4513 ς
431 4461 464 4508 18
483 4454 635 4509 Formosus
653 4453 713 4508 sine
732 4470 751 4505 n
768 4451 850 4505 scrib'
869 4450 1053 4518 ethimologia
1071 4450 1146 4518 quod
1164 4452 1208 4505 εει
1225 4449 1316 4504 forma
1333 4447 1361 4500 Β
1380 4446 1435 4503 ior-

132 4554 221 4590 mosus
239 4553 322 4606 pern
340 4537 516 4591 scribendum
530 4538 574 4590 est
588 4534 625 4589 ab
638 4532 821 4601 ethimologia
836 4531 914 4600 quod
933 4532 977 4585 εει
994 4546 1012 4584 ιι
1030 4529 1120 4583 forma
1134 4528 1158 4582 0
1173 4528 1321 4583 Fumosae
1341 4527 1401 4583 siue
1417 4545 1436 4581 n

133 4617 261 4671 scribitur
283 4617 319 4670 ab
343 4619 453 4685 aetymo
477 4615 552 4684 quod
571 4617 615 4670 est
637 4613 763 4669 formas
854 4617 886 4664 19
909 4610 1020 4681 nactus]
1045 4610 1181 4663 Ηιεείαη.
1201 4611 1218 4664 l.
1240 4608 1271 4661 Χ
1284 4627 1314 4677 ρ.
1335 4614 1400 4675 513,
1418 4614 1436 4663 7

134 4696 274 4751 marisam
301 4696 387 4751 etiam
415 4700 529 4752 nactum
556 4693 626 4749 facit
652 4694 758 4760 absque
786 4709 818 4755 n,
847 4693 880 4745 ut
906 4693 998 4748 Probo
1027 4693 1056 4746 et
1083 4689 1172 4760 Capro
1201 4692 1230 4744 et
1257 4688 1380 4744 Pollioni
1407 4692 1437 4744 et

133 4774 220 4831 Plinio
244 4776 339 4845 placet
431 4775 608 4831 scribendum
630 4773 775 4827 nanciscor
796 4769 905 4826 duobus
928 4792 948 4826 n
970 4771 998 4825 Β
1022 4771 1198 4827 scribendum
1222 4771 1264 4824 est
1287 4769 1434 4824 nanciscor

133 4855 239 4911 duobus
257 4875 276 4910 n
295 4858 319 4912 0
375 4864 409 4911 20
429 4854 569 4925 Quicquid
586 4854 615 4909 in
633 4852 725 4924 priore
744 4850 880 4920 syllabac
898 4852 995 4908 littera
1012 4851 1042 4908 in
1060 4850 1185 4907 secanda
1201 4865 1252 4924 per
1273 4848 1292 4904 d
1312 4848 1434 4903 scriben-
