3316 5474
222 386 284 452 136
760 383 988 440 CASSIODORII

220 566 290 655 luit)
315 570 349 631 ad
374 589 467 632 unum
491 569 599 631 librum
623 569 778 630 referenda
804 588 869 629 esse
894 587 963 628 saue
987 567 1139 648 probabile
1164 577 1218 630 est.
1256 570 1306 630 sed
1331 569 1403 629 nihil
1426 572 1456 629 in
1480 568 1525 629 his

219 681 299 739 inest
322 678 399 756 qttod
415 677 563 757 Papiriani
587 676 662 737 libro
686 676 722 736 de
747 675 970 756 orthographia,
994 694 1030 736 ex
1054 695 1113 755 quo
1137 685 1276 756 excerpta
1299 678 1399 755 posuit
1413 676 1524 735 Cassio·

223 784 339 865 dorius,
362 786 427 843 iure
452 783 594 843 vindicari
617 784 725 864 possit,
749 801 845 861 neque
870 799 938 842 etun
963 780 1070 842 librum
1095 781 1143 843 illa
1166 792 1260 844 aetate
1285 785 1417 843 extitisse
1444 791 1525 861 puto.

310 889 484 969 Sequuntur
512 889 589 969 apud
618 888 837 976 Cassiodorium
871 897 1008 969 excerpta
1036 909 1072 950 ex
1105 889 1181 949 libro
1210 889 1412 950 Adamantii
1439 889 1525 949 Mar-

222 1000 323 1078 tprii,
347 1015 435 1076 quem
459 995 545 1077 dicit,
567 995 604 1056 de
628 994 647 1055 h
671 1003 701 1055 et
725 1015 740 1054 v
764 995 872 1056 litteris
896 1003 1037 1073 qttattuor
1060 995 1206 1075 capitibus
1229 996 1379 1076 disposita.
1422 994 1473 1056 sed
1501 997 1527 1054 is

222 1101 298 1166 liber
324 1122 382 1165 una
409 1121 477 1163 cnm
508 1102 633 1163 aliorum
661 1104 919 1181 grammaticorum
948 1101 1031 1162 libris
1060 1122 1084 1163 a.
1112 1099 1195 1163 1493
1226 1121 1242 1162 a
1266 1101 1393 1181 Georgio
1416 1100 1527 1161 Merula

223 1210 308 1272 Robii
331 1212 468 1270 iuventus
488 1216 518 1268 et
542 1209 683 1288 proximis
702 1209 788 1268 annis
810 1216 878 1287 post
900 1225 968 1268 cum
988 1208 1111 1287 reliquis
1135 1207 1218 1268 libris
1238 1211 1289 1288 qui
1312 1218 1375 1270 tum
1399 1210 1527 1288 primum

223 1319 336 1379 inventi
360 1323 445 1377 erant
468 1317 586 1395 saepius
609 1314 777 1394 descriptus
800 1333 880 1375 nunc
904 1316 991 1375 etiam
1016 1317 1046 1375 in
1070 1314 1246 1396 apographis
1270 1315 1380 1376 codicis
1403 1313 1527 1375 Bobien-

223 1427 274 1506 sis,
297 1440 371 1501 quae
390 1419 517 1481 indicavi
535 1437 656 1499 gramm.
676 1419 723 1479 lat.
743 1438 768 1480 v.
783 1419 820 1479 Vl
838 1439 865 1499 p.
881 1417 955 1500 247,
969 1430 1057 1482 extat.
1091 1430 1243 1501 praeterea
1264 1421 1393 1501 Angelus
1411 1420 1528 1481 Politia-

224 1549 280 1591 nus
309 1538 439 1588 veterem
463 1526 596 1588 eiusdem
626 1523 716 1585 libelli
744 1525 877 1586 codicem
904 1544 928 1587 a.
955 1522 1037 1587 1491
1063 1525 1193 1588 Venetiis
1217 1527 1288 1588 vidit
1312 1536 1341 1588 et
1364 1545 1417 1586 sua
1441 1545 1528 1587 manu

225 1636 399 1716 descripsit,
429 1633 507 1712 qood
536 1630 737 1711 apographum
767 1650 846 1692 nttnc
873 1635 903 1692 in
928 1631 1104 1693 bibliotheca
1128 1633 1296 1694 Monacensi
1328 1637 1406 1694 inter
1438 1632 1530 1693 libros

224 1744 306 1805 Petri
329 1742 451 1802 Victorii
475 1749 520 1800 est
543 1739 635 1799 codex
660 1734 702 1798 63
727 1737 769 1798 vel
790 1738 974 1800 Monacensis
994 1737 1066 1800 166.
1104 1739 1141 1800 de
1163 1739 1264 1801 codice
1288 1759 1347 1819 quo
1367 1740 1530 1801 Politianus

142 1910 147 1917 ,
227 1868 300 1910 usus
324 1857 369 1908 est
392 1856 422 1908 et
445 1846 482 1907 de
506 1864 559 1906 sua
583 1862 672 1924 opera
692 1846 721 1903 in
741 1863 776 1904 eo
801 1843 997 1905 describendo
1016 1844 1156 1905 collocata
1176 1846 1279 1908 scribit
1302 1846 1373 1907 haec
1397 1849 1427 1906 in
1446 1848 1530 1906 initio

224 1956 304 2017 illius
323 1952 498 2034 apographi,
522 1947 589 2011 ‘uie
609 1950 663 2010 ·Vl·
683 1951 759 2012 lunii
778 1949 1066 2011 -ucccctxxxxt
1085 1951 1157 2012 hora
1177 1956 1296 2014 circiter
1311 1952 1381 2013 ·llll·
1401 1953 1531 2015 Venetiis

225 2066 255 2123 iu
274 2060 398 2122 aedibus
412 2056 548 2118 Herculis
563 2057 762 2118 Ferrariensis
782 2057 866 2118 ducis
881 2060 966 2138 coepi
986 2057 1064 2119 hunc
1079 2059 1246 2120 exscribere
1267 2080 1302 2120 ex
1325 2062 1531 2139 antiquissimo

228 2168 330 2229 codice
360 2164 503 2227 libellum:
532 2165 618 2225 cuius
647 2172 711 2224 erat
738 2164 875 2225 dominus
898 2164 1044 2225 lohannes
1068 2165 1185 2226 Gabriel
1209 2165 1339 2227 Venetus
1368 2162 1532 2246 patricius’,

225 2283 256 2336 ει
278 2277 308 2335 iu
333 2275 404 2353 dne,
424 2268 552 2332 ‘hbsohri
577 2289 635 2350 quo
654 2288 810 2350 coeperam
830 2270 878 2331 die
896 2270 968 2332 hora
989 2273 1108 2333 circiter
1127 2272 1197 2332 ·llX·
1217 2274 1428 2353 exemplarium
1452 2274 1531 2334 hunc

227 2399 316 2462 opera
336 2378 518 2440 hibertuceii
537 2377 655 2457 Georgii
679 2380 794 2458 patricii
814 2377 926 2454 Veneti.
950 2379 1021 2457 Aug.
1041 2375 1225 2441 Politianus'.
1262 2380 1411 2440 diversum
1433 2388 1531 2440 autem

228 2508 244 2548 a
268 2487 408 2547 bobiensi
431 2485 506 2546 libro
531 2504 598 2546 eum
617 2483 754 2545 codicem
779 2486 870 2546 tuisse
895 2503 952 2547 nou
977 2486 1072 2546 solum
1092 2506 1127 2546 ex
1150 2505 1185 2546 eo
1208 2496 1343 2567 apparet,
1367 2486 1445 2565 qood
1469 2495 1532 2546 tum

229 2613 296 2656 eum
320 2594 393 2654 haec
417 2593 537 2672 scripsit
557 2592 719 2654 Politianus
741 2592 905 2653 Bobienses
928 2593 1046 2654 codices
1069 2594 1181 2654 inventi
1205 2593 1336 2653 nondum
1359 2601 1456 2665 erant,
1480 2592 1532 2651 sed

228 2703 316 2762 etiam
340 2703 403 2780 ipsa
427 2701 592 2779 scripturae
615 2699 785 2761 diversitate
809 2699 1027 2780 comprobatur.
1065 2701 1277 2779 praefationem
1301 2698 1367 2759 libri
1391 2698 1422 2758 A.
1440 2698 1537 2758 Maius

228 2810 258 2868 in
284 2807 413 2868 editione
437 2806 596 2866 Frontonis
619 2805 829 2867 Mediolanensi
852 2826 876 2866 a.
898 2803 983 2869 1815
1005 2827 1034 2888 p.
1058 2803 1122 2869 548
1147 2826 1182 2868 ex
1207 2807 1307 2868 codice
1331 2805 1534 2886 Ambrosiam,

231 2916 283 2993 qui
305 2933 341 2973 ex
361 2922 461 2974 vetere
479 2912 620 2973 Bobiensi
643 2913 752 2973 (luctus
776 2923 835 2993 est,
859 2914 958 2975 edidit.
995 2915 1093 2992 ipsum
1115 2913 1222 2974 librum
1247 2932 1342 2994 nuper
1364 2892 1395 2974 in
1419 2912 1534 2973 duabus

230 3019 443 3102 scriptionibus
471 3020 646 3081 academicis
674 3022 802 3098 primum
832 3018 911 3078 edidi
938 3017 1019 3079 Malis
1047 3037 1071 3079 a.
1102 3017 1186 3082 1878
1216 3031 1245 3082 et
1273 3040 1352 3082 nune
1380 3039 1438 3081 trita
1466 3037 1533 3079 eum

232 3130 380 3208 excerptis
404 3127 582 3188 Cassiodorii
611 3129 742 3206 repetivi.
787 3143 963 3204 quamquam
988 3127 1066 3186 enim
1091 3125 1294 3188 Cassiodorius
1318 3146 1353 3187 ex
1379 3126 1435 3186 hoc
1459 3124 1534 3186 libro

231 3235 427 3315 pluraquam
452 3253 487 3294 ex
517 3233 639 3312 reliquis
667 3231 934 3312 orthographorum
964 3230 1047 3292 libris
1076 3231 1184 3312 quibus
1212 3219 1287 3294 usus
1314 3242 1359 3293 est
1387 3235 1535 3311 excerpsit

230 3352 260 3403 et
288 3345 351 3422 ipsa
380 3344 510 3402 auctoris
539 3339 627 3401 verba
656 3342 823 3401 accuratius
851 3357 938 3418 quani
968 3341 998 3399 in
1027 3340 1092 3400 aliis
1119 3342 1269 3420 repetivit,
1299 3349 1396 3400 tamen
1427 3341 1456 3399 iu
1488 3339 1535 3400 his

232 3467 350 3529 quoquc
370 3450 518 3528 excerptis
541 3447 685 3526 qttaedam
705 3449 816 3527 omisit,
840 3446 893 3506 alia
914 3448 1049 3528 mutarit,
1071 3447 1228 3508 nonnulla
1250 3466 1320 3508 vero
1339 3449 1436 3528 ctiam,
1460 3466 1535 3525 quae

234 3574 292 3617 non
313 3555 498 3616 intellexerat
517 3555 561 3614 vel
582 3555 786 3634 neglegentius
804 3552 1016 3633 descripserat,
1039 3547 1255 3636 depravavit*).
1291 3555 1391 3631 itaque
1412 3573 1447 3614 ne
1467 3572 1535 3614 eum

231 3660 409 3723 lectionibus
432 3671 641 3740 excerptorum
666 3659 753 3720 verba
778 3660 975 3739 grammatici,
999 3677 1033 3717 ex
1058 3658 1167 3737 quibus
1190 3677 1224 3719 ea
1246 3660 1338 3738 petita
1361 3668 1444 3739 suut,
1469 3679 1535 3739 per·

232 3769 442 3848 miscerentur,
470 3775 564 3827 totum
593 3766 701 3827 librum
725 3764 761 3826 ah
789 3766 937 3844 excerptis
967 3773 1134 3843 separatum
1158 3765 1297 3826 exhihere
1321 3773 1351 3826 et
1373 3768 1402 3826 in
1433 3766 1536 3826 iisdem

231 3876 345 3955 paginis
370 3891 438 3935 cunr
461 3872 519 3934 illis
542 3890 720 3953 componere
743 3871 932 3932 commodum
956 3890 1022 3931 csse
1048 3873 1141 3932 visum
1161 3880 1219 3952 est,
1245 3874 1360 3934 etiamsi
1380 3872 1536 3933 molestum

232 3989 308 4055 erat,
336 3980 511 4060 praesertim
540 3981 569 4038 iu
599 3981 680 4040 tenui
709 3978 798 4040 hrritxs
825 3976 916 4038 libelli
946 3980 1079 4061 materia,
1108 3978 1209 4040 eadem
1238 3979 1326 4040 verba
1355 3978 1400 4039 bis
1427 3983 1536 4059 scripta

232 4104 407 4168 proponere.

319 4192 362 4253 hd
391 4185 550 4253 editionem
575 4191 704 4272 Martyrii
734 4192 811 4252 duos
834 4190 926 4252 libros
951 4208 1037 4251 manu
1063 4194 1190 4271 scriptos
1212 4191 1345 4272 adhibui,
1372 4190 1534 4270 Neapolita·

231 4319 303 4361 rrum
327 4299 522 4361 bibliothecae
547 4301 644 4377 regiae
668 4298 742 4358 th
763 4298 798 4360 ll
825 4317 860 4359 ex
879 4297 1017 4359 Bobiensi
1041 4300 1143 4361 codice
1166 4298 1362 4379 descriptum,
1386 4317 1453 4358 eum
1478 4318 1536 4376 quo

318 4444 345 4512 *)
368 4445 549 4500 Memorabile
573 4443 770 4515 neglegentiae
794 4443 953 4513 exemplum
976 4444 1020 4496 est
1043 4441 1127 4512 illud,
1153 4446 1228 4513 quod
1251 4446 1369 4514 quartae
1392 4442 1467 4514 parti
1491 4461 1535 4496 ex-

231 4529 405 4596 cerptorum,
425 4541 495 4594 quae
514 4526 559 4579 est
575 4525 611 4579 de
628 4525 727 4591 verbo,
751 4521 940 4591 inscriptionis
959 4522 1020 4578 loco
1044 4524 1207 4592 praeposuit
1223 4524 1310 4579 verba
1328 4540 1401 4592 quae
1421 4523 1456 4577 ad
1479 4525 1536 4576 tres

231 4610 325 4676 partes
348 4623 419 4676 quae
443 4604 614 4675 praecedunt
636 4603 829 4673 pertinebant,
852 4603 986 4657 Eiusdem
1008 4606 1175 4659 Adamantii
1193 4605 1333 4674 Martyris
1354 4604 1387 4656 de
1411 4604 1537 4658 blittero

231 4687 372 4753 trifarium
394 4687 426 4739 iu
448 4688 557 4740 nomine
578 4687 680 4754 posito.
724 4687 754 4740 in
777 4686 875 4741 eadem
898 4687 977 4755 parte
999 4703 1026 4754 p.
1047 4692 1129 4751 2308,
1153 4702 1217 4739 eum
1240 4684 1275 4738 de
1298 4683 1436 4752 scriptura
1459 4683 1537 4736 verbi

232 4766 396 4835 deponentis
423 4768 545 4823 arbitror
572 4767 771 4836 grammaticus
798 4765 998 4835 praecepisset,
1032 4763 1221 4820 Cassiodorius
1251 4780 1281 4818 re
1309 4780 1364 4818 nou
1392 4763 1538 4818 intellecta

230 4863 341 4902 omnem
358 4846 526 4902 seutentiam
544 4863 657 4918 prorsus
675 4845 819 4915 pervertit.
