3316 5474
119 430 122 432 ,
593 387 641 440 ma
661 387 952 468 ouuuoouuruut
1378 385 1419 451 bt

118 500 140 537 p.
156 489 215 529 ml.
230 489 255 530 22
269 488 294 528 Ρ.

119 581 187 634 roto
210 581 290 634 rotas
311 571 425 653 [rotat],
448 581 478 633 et
497 573 558 633 lera
578 572 656 633 ieras
675 580 705 633 et
724 573 789 633 sero
808 573 895 633 ieras.
932 575 976 634 sic
995 592 1050 633 nec
1068 572 1154 635 aliter
1172 573 1313 635 scribitur
1331 591 1423 654 amor,

119 687 151 741 et
176 698 211 739 er
236 682 353 739 nomine
372 680 442 740 lacit
461 681 578 759 amoris,
602 698 637 739 ex
658 678 747 739 verbo
766 682 882 740 amaris.
920 682 991 740 satis
1010 699 1081 759 ergo
1100 680 1256 741 collectum
1280 680 1422 759 quaedam

119 806 175 866 per
198 805 214 846 e
236 795 266 847 et
285 788 294 845 i
314 804 372 846 non
396 785 505 845 debere
529 785 629 867 scribi,
652 786 705 847 sed
724 795 838 848 tautum
857 804 911 865 per
931 787 949 866 i,
973 804 1040 846 cum
1060 785 1137 866 apud
1157 786 1285 847 Graecos
1303 803 1422 863 quoque

120 908 156 952 ex
173 894 266 953 reteri
279 892 328 952 illa
346 892 561 980 consuetudine
581 895 769 953 inveniantur
788 895 906 953 nomina
925 911 1000 971 quae
1018 911 1073 971 per
1091 894 1102 952 i
1120 891 1303 972 scribuntur,
1320 909 1421 970 quam·

90 1001 165 1059 svis
187 998 332 1079 producto
356 1001 558 1060 enuntientur.

210 1106 371 1177 Quaeritur
393 1109 473 1180 item,
498 1106 563 1168 lulii
586 1115 616 1168 et
639 1106 753 1168 Claudii
781 1115 811 1166 et
834 1105 964 1168 Cornelii
992 1115 1093 1168 utrum
1120 1125 1174 1185 per
1202 1124 1294 1167 uuum
1317 1108 1336 1181 1Ι
1354 1123 1422 1184 ριο·

123 1213 247 1274 ductum
270 1231 306 1272 au
325 1231 380 1292 per
399 1213 457 1274 duo
476 1212 603 1275 debeant
626 1213 726 1274 scribi
765 1221 795 1273 et
818 1214 893 1273 ratio
917 1215 1008 1292 exigit
1030 1219 1064 1272 ut
1086 1212 1174 1272 huius
1198 1210 1262 1272 lulii
1285 1228 1341 1291 per
1364 1210 1422 1271 duo

120 1322 131 1380 1
154 1318 333 1399 scribamus,
361 1328 420 1379 tam
443 1319 563 1381 hercule
592 1338 680 1399 quam
708 1319 797 1380 buius
824 1317 904 1399 pallii
927 1327 958 1378 et
981 1318 1069 1378 buius
1096 1318 1219 1397 graphii.
1261 1335 1320 1376 non
1345 1317 1424 1375 enim

121 1435 237 1486 tantum
255 1427 287 1485 in
306 1425 476 1485 masculinis
494 1427 551 1487 boc
570 1428 733 1506 quaeritur,
752 1424 804 1485 sed
823 1427 912 1486 etlam
930 1428 960 1485 in
981 1427 1104 1503 neutris,
1123 1425 1261 1503 quoniam
1276 1422 1306 1483 id
1323 1431 1422 1502 postu-

76 1546 107 1586 ιο
121 1532 162 1592 lat
185 1534 269 1593 ratio.
314 1550 382 1593 narn
407 1551 610 1611 quaecumque
635 1532 731 1592 dativo
756 1531 898 1611 singulari
921 1551 938 1590 o
962 1531 1059 1592 littera
1083 1532 1293 1602 terminantur,
1317 1547 1334 1586 o
1358 1530 1388 1588 in
1411 1529 1422 1587 i

123 1647 238 1698 mutant
266 1637 454 1699 manentibus
480 1642 589 1701 ceteris
617 1640 724 1699 litteris
753 1647 783 1698 et
809 1641 852 1698 sic
882 1640 1050 1717 genetivum
1080 1637 1203 1715 iaciunt,
1234 1643 1268 1695 ut
1296 1636 1422 1695 maximo

123 1747 251 1825 maximi,
274 1743 398 1806 candido
422 1745 546 1807 candidi.
586 1748 724 1824 sicergo
748 1748 778 1805 1ιι
802 1744 875 1805 lulio
899 1743 972 1804 nibil
995 1741 1073 1803 aliud
1097 1760 1185 1821 quam
1208 1761 1225 1801 o
1249 1739 1337 1801 debet
1359 1758 1423 1800 mu-

125 1853 181 1911 tari
207 1859 237 1911 et
260 1852 291 1910 in
314 1849 410 1930 pallio,
435 1849 550 1930 [atque]
575 1861 608 1913 ut
631 1853 680 1912 liat
701 1851 767 1912 lulii
785 1860 815 1911 et
838 1849 925 1930 pallii.
969 1869 1062 1929 aeque
1086 1849 1161 1909 banc
1183 1848 1307 1909 eandem
1331 1851 1424 1908 rutro·

123 1975 191 2017 nem
216 1975 333 2017 servare
358 1954 500 2016 debemus
523 1959 553 2017 in
577 1959 766 2018 nominativis
788 1955 960 2038 pluralibus,
984 1958 1099 2017 etiamsi
1122 1957 1278 2036 pauciores
1299 1952 1425 2014 habeant

79 2075 109 2115 1⁵
124 2062 249 2144 syllabas
273 2066 304 2122 in
328 2065 506 2123 nominativo
530 2062 680 2141 singulari.
727 2062 777 2123 sed
807 2065 946 2140 quoniam
971 2065 1137 2124 invenimus
1160 2070 1191 2122 et
1214 2062 1424 2121 nominativum
1524 2050 1529 2057 ’

123 2169 267 2249 pluralem
292 2178 322 2230 et
345 2162 474 2228 dativum
499 2167 631 2229 eiusdem
656 2171 772 2229 numeri
795 2187 870 2250 esse,
895 2178 927 2230 ut
945 2172 956 2229 i
974 2169 1072 2230 littora
1096 2171 1271 2230 terminatus
1295 2168 1424 2227 uomina·
1518 2144 1522 2158 ’

122 2277 200 2335 tirus
221 2269 225 2355 Ι
247 2276 401 2355 adsumpta
424 2293 439 2335 s
463 2275 549 2335 iaciat
572 2274 711 2355 dativum,
737 2274 868 2337 detracta
892 2276 993 2336 redeat
1016 2294 1122 2337 rursus
1145 2275 1181 2336 ad
1205 2276 1425 2362 nominativum,
1457 2261 1460 2268 ’

122 2384 210 2444 utin
234 2401 269 2442 eo
294 2381 372 2460 quod
397 2389 444 2442 est
466 2382 536 2443 boni
560 2381 659 2462 bonis,
682 2381 750 2441 mali
774 2381 871 2463 malis,
894 2381 974 2442 docti
997 2382 1102 2462 doctis,
1124 2384 1168 2442 sic
1191 2400 1297 2442 rursus
1316 2399 1332 2440 e
1355 2398 1424 2440 con·

121 2491 228 2568 trario,
251 2487 334 2549 luliis
358 2496 387 2548 et
410 2487 539 2549 Claudiis
562 2492 587 2549 si
607 2489 772 2550 detraxeris
795 2507 823 2568 s,
847 2487 1033 2567 relinquetur
1056 2488 1176 2548 iulii.et
1200 2486 1321 2548 Claudii.

82 2608 109 2648 20
211 2593 285 2658 lllud
315 2596 403 2654 etiam
431 2593 629 2655 adnotandum
659 2597 738 2655 circa
762 2596 772 2654 i
795 2593 922 2654 litteram
946 2601 1005 2674 est,
1033 2593 1112 2673 qnod
1136 2611 1268 2670 eaquae
1294 2610 1348 2651 nos
1371 2610 1426 2670 per

123 2720 156 2761 ae
180 2702 294 2779 antiqui
318 2719 372 2779 per
395 2702 422 2759 ai
446 2702 696 2779 scriptitaverunt,
719 2707 753 2759 ut
771 2698 853 2759 luliai
873 2698 1011 2760 Claudiai.
1048 2698 1100 2759 sed
1125 2707 1154 2759 et
1177 2697 1295 2777 quidam
1318 2699 1349 2756 in
1371 2697 1425 2758 lrac

122 2825 242 2886 quoque
267 2808 428 2885 scriptione
452 2805 609 2866 voluerunt
631 2824 697 2866 esse
721 2805 932 2884 differentiam,
960 2813 993 2865 ut
1015 2804 1137 2885 pluralis
1166 2804 1285 2884 quidem
1308 2806 1425 2864 numeri

122 2889 321 2974 nominativus
346 2929 432 2972 casus
455 2929 510 2991 per
533 2930 548 2970 a
572 2921 602 2971 et
626 2929 641 2971 e
666 2910 857 2991 scriberetur,
880 2913 1034 2990 genetivus
1058 2929 1127 2980 vcro
1151 2911 1310 2991 singularis
1332 2930 1386 2991 per
1410 2930 1426 2972 a

123 3029 153 3081 et
177 3022 196 3099 i,
219 3019 276 3079 boc
300 3037 418 3097 quoque
442 3024 695 3097 argumentantes,
719 3016 797 3094 quod
822 3017 976 3098 diaeresis,
1004 3021 1065 3078 sive
1089 3018 1206 3098 dialysis
1229 3017 1278 3078 illa
1301 3016 1426 3099 dicetur,

84 3137 139 3186 2⁵a
164 3126 343 3185 nominativo
366 3122 472 3203 plurali
497 3142 555 3183 non
574 3123 615 3203 tit,
639 3122 691 3183 sed
713 3141 748 3183 ex
774 3122 916 3201 singulari
939 3122 1068 3203 obliquo,
1091 3141 1160 3184 cum
1183 3118 1292 3184 dicitur
1316 3118 1426 3183 ‘aulai

122 3235 158 3293 in
180 3226 316 3292 medio'
341 3239 370 3290 et

283 3335 382 3398 dives
406 3354 548 3417 equum,
573 3338 672 3398 dives
695 3337 807 3415 pictai
832 3337 944 3396 vestis
967 3344 1002 3396 et
1025 3338 1117 3416 auri,

124 3450 195 3507 item
221 3447 264 3504 rei
288 3445 414 3522 nostrai,
442 3429 608 3525 taciendai,
627 3445 750 3521 magnai.
792 3442 844 3502 sed
869 3441 941 3503 nibil
970 3440 1067 3503 obstat
1094 3460 1153 3521 quo
1176 3445 1275 3504 minus
1298 3442 1354 3502 boc
1377 3450 1428 3502 aut

194 3643 286 3699 Codex
295 3641 442 3696 Parrhasii
468 3633 652 3696 iscribautur
661 3640 789 3710 quamuis
799 3625 1140 3708 productaeeuuutisntur
1177 3641 1304 3696 tdebeat
1340 3640 1427 3694 ther·

122 3722 215 3778 culem
279 3719 353 3775 euim
372 3736 422 3774 om.
438 3721 473 3788 0,
486 3723 517 3775 iu
535 3739 620 3792 marg.
636 3723 733 3777 addc
797 3724 830 3772 to
848 3719 1015 3775 terminatur
1078 3727 1111 3774 12
1130 3721 1233 3776 debeat
1292 3719 1427 3775 1312110-

121 3820 187 3857 nem
204 3817 255 3856 om.
323 3805 355 3853 16
373 3800 541 3855 terminatur
605 3807 638 3855 18
657 3817 751 3854 rursus
767 3799 915 3866 posteriorc
933 3800 990 3853 loco
1008 3814 1059 3855 om.
1079 3800 1113 3868 0,
1132 3801 1229 3854 addc
1294 3799 1428 3855 1912111-

122 3883 225 3951 quetur
238 3878 352 3933 ut·1ulis
366 3881 395 3933 et
409 3878 522 3934 Cluudis
578 3885 610 3933 21
628 3878 857 3948 scriptituucrunt
872 3877 953 3932 luliai
1013 3883 1046 3932 23
1062 3878 1239 3950 scriberetur]
1255 3879 1428 3934 scribebatur

158 4019 193 4066 24
212 4011 348 4066 diberesis
363 4011 422 4067 siue
437 4012 573 4083 dialypsis
587 4013 639 4068 illa
652 4011 791 4067 diceretur
847 4014 881 4064 28
900 3959 1132 4082 mappam
1152 4013 1185 4067 O:
1205 4013 1254 4068 sed
1267 4029 1430 4082 superacm

195 4207 208 4254 1
225 4201 341 4267 fortasse
350 4199 380 4252 et
392 4198 452 4253 fera
466 4199 538 4254 ieras
548 4203 578 4255 et
590 4200 679 4254 feram
692 4198 764 4253 ieras
813 4203 830 4252 4
844 4195 1000 4252 scribantur
1009 4196 1037 4251 R
1087 4205 1103 4253 6
1118 4199 1282 4270 perunumi
1295 4197 1428 4267 producte

122 4297 158 4333 au
168 4279 283 4349 perduc
294 4279 397 4332 debeat
404 4277 433 4332 R
488 4285 520 4334 13
531 4283 625 4349 atque,
636 4281 708 4351 quod
716 4278 822 4344 seclusi,
831 4295 865 4334 erc
874 4295 904 4333 eo
912 4281 985 4348 quod
992 4280 1115 4348 sequitur
1124 4295 1213 4348 aeque
1222 4279 1330 4333 vedetur
1339 4282 1429 4332 ortum

122 4375 176 4414 ease
248 4358 320 4413 hanc
339 4357 457 4412 eandem
476 4375 586 4414 seruare
605 4358 737 4414 debemus
755 4357 892 4412 rationem
910 4359 940 4412 iu
957 4357 1138 4413 nominatiuis
1155 4357 1323 4428 pluralibus,
1342 4357 1428 4412 stiam

123 4438 147 4492 si
165 4439 312 4508 pauciores
332 4438 437 4493 habeut
455 4439 579 4508 syllabus
598 4439 625 4492 R
690 4444 723 4491 16
741 4439 857 4504 fortasse
871 4436 993 4491 eiusdem
1007 4436 1114 4491 numeri
1129 4437 1301 4507 syllabarum
1315 4453 1375 4493 esse

123 4523 155 4571 21
177 4517 408 4585 scriptitauerunt
422 4517 503 4587 luliai
519 4516 655 4573 Claudiai.
675 4516 724 4571 sed
742 4516 857 4586 quidam
876 4516 904 4570 R
967 4522 1001 4571 23
1021 4533 1071 4585 per
1085 4533 1103 4571 a
1116 4518 1174 4571 ete
1193 4515 1330 4571 scribatur
1348 4516 1376 4571 R

124 4604 158 4651 24
177 4596 310 4651 diaeresis
325 4597 384 4652 siue
398 4596 531 4666 dialepsis
549 4597 601 4652 illa
613 4597 752 4652 diceretur
765 4597 801 4652 R.
830 4596 946 4665 dialyais
960 4597 1067 4666 aurbei,
1081 4612 1246 4664 querquera
1259 4596 1308 4650 boc
1321 4599 1430 4652 omnine

124 4677 156 4730 de
174 4677 292 4731 dioucsi
309 4693 378 4744 quae
395 4677 476 4744 culpo
494 4678 598 4731 dicitur
613 4678 727 4748 proprie
745 4692 801 4731 nou
815 4677 860 4735 usi
873 4681 938 4730 sunt
955 4676 1129 4745 grammatici
1196 4680 1230 4728 26
1244 4675 1332 4747 aulai]
1351 4675 1428 4748 Verp.

124 4757 193 4809 Aen.
214 4755 349 4809 111354
368 4755 442 4809 aulai
460 4755 553 4811 medio
626 4761 659 4810 27
679 4754 868 4825 dives]·l⁷erp.
882 4756 953 4813 Aen.
969 4756 1129 4812 17111126
1201 4750 1236 4807 28
1254 4755 1304 4810 aed
1322 4755 1431 4812 scilicet

125 4835 195 4889 nihil
214 4836 308 4890 obstat
326 4834 354 4888 R
1248 4866 1259 4875 -
