3316 5474
267 415 271 422 .
753 373 945 429 EXCERPTA
1434 373 1500 438 335

195 474 350 527 pmmm

198 562 372 641 trimacrus,
399 579 435 620 ex
464 558 560 620 tribus
589 558 684 638 longis
712 568 829 621 constat
856 608 862 621 .
892 559 1038 620 Molossus
1066 577 1120 619 cur
1148 554 1268 619 dictus?
1311 559 1333 617 Α
1362 558 1499 639 lllolosso,

198 667 284 748 Pyrri
312 668 373 728 tilio
400 715 407 728 .
437 667 484 728 hic
513 670 600 728 etiam
627 663 651 747 †
678 671 810 748 iapestus
838 678 972 749 vocatur,
1000 666 1079 747 quod
1107 685 1123 725 a
1151 665 1298 745 iapetibus
1326 665 1499 727 adcantatus

198 783 245 835 est
263 822 270 835 .
290 774 359 835 huic
379 776 547 836 contrarius
565 783 611 835 est
631 774 805 855 tribrachys,
823 773 902 836 idem
922 776 973 853 qui
991 771 1231 852 brachysyllabus
1245 775 1306 833 sive
1325 791 1499 853 pygnomus,

198 884 248 961 qui
277 889 393 942 constat
421 900 456 941 ex
486 879 582 941 tribus
609 880 764 962 brevibus,
796 889 829 942 ut
856 878 999 961 Lepidus,
1031 879 1161 940 Catulus.
1199 878 1377 960 Tribrachys
1406 899 1498 960 quare

156 999 170 1040 ⁵
198 983 317 1048 dictus?
354 987 439 1058 Quod
464 1006 500 1047 ex
523 986 621 1048 tribus
643 986 785 1048 brevibus
808 994 925 1048 constat
948 1035 954 1048 .
977 985 1209 1066 amphimacrus,
1232 989 1283 1066 qui
1307 997 1337 1048 et
1359 989 1499 1069 creticus,

192 1083 313 1156 ‘constat
336 1114 371 1155 ex
391 1094 476 1174 longa
496 1102 525 1155 et
544 1093 626 1155 brevi
646 1102 675 1153 et
693 1093 789 1173 longa,
811 1101 845 1154 ut
864 1094 986 1173 caritas,
1008 1094 1116 1152 veritas
1136 1141 1142 1154 .
1162 1092 1380 1172 amphimacrus
1399 1101 1497 1153 autem

196 1202 308 1282 dictus,
332 1201 410 1281 quod
435 1220 471 1262 ex
495 1210 621 1280 utraque
644 1209 728 1281 parte
752 1200 854 1279 longas
876 1199 984 1262 habeat
1006 1248 1013 1261 .
1037 1200 1107 1261 huic
1131 1202 1298 1261 contrarius
1322 1208 1368 1261 est
1386 1199 1497 1279 amphi-

196 1307 322 1388 brachys
345 1311 406 1368 sive
431 1309 565 1389 mesites,
588 1309 640 1386 qui
663 1314 780 1368 constat
802 1325 838 1368 ex
861 1306 945 1368 brevi
968 1315 999 1368 et
1021 1306 1106 1386 longa
1130 1315 1161 1367 et
1178 1286 1280 1387 brevi,
1303 1315 1337 1367 ut
1359 1308 1497 1368 amicus.

196 1415 422 1496 amphibrachys
445 1424 544 1476 autem
567 1415 679 1495 dictus,
701 1414 780 1494 quod
804 1432 840 1475 ex
864 1422 990 1493 utraque
1008 1421 1092 1492 parte
1112 1413 1213 1474 brevia
1231 1413 1338 1474 habeat
1356 1412 1497 1476 brachia.

157 1533 184 1572 1⁰
198 1521 280 1600 [huic
300 1525 467 1584 contrarius
487 1521 546 1600 est]
571 1520 712 1582 bacchius
737 1519 816 1600 [qui]
837 1527 953 1581 constat
975 1538 1011 1580 ex
1035 1518 1118 1580 brevi
1141 1528 1172 1581 et
1194 1519 1308 1581 duabus
1332 1519 1441 1602 longis,
1464 1530 1498 1582 ut

195 1628 342 1708 Athenae,
366 1627 509 1688 Camenae
534 1676 540 1688 .
564 1627 706 1689 bacchius
729 1628 840 1709 dictus,
863 1627 942 1707 quod
962 1627 997 1688 ad
1016 1627 1173 1688 bacchicos
1191 1637 1296 1688 cantus
1315 1630 1496 1688 conveniat.

195 1736 265 1797 huic
288 1736 455 1795 contrarius
479 1742 525 1795 est
547 1735 793 1815 palimbacchius,
820 1738 871 1815 qui
895 1742 1011 1796 constat
1035 1753 1070 1795 ex
1094 1734 1209 1795 duabus
1232 1735 1328 1814 longis
1351 1742 1382 1795 et
1404 1734 1496 1811 brevi,

195 1851 229 1902 ut
250 1840 376 1923 Latona,
399 1839 509 1902 Lucina
534 1888 541 1903 .
564 1840 794 1921 paHmbacchins
822 1841 933 1923 dictus,
966 1841 1044 1920 quod
1078 1844 1245 1902 contrarius
1273 1844 1312 1903 sit
1344 1841 1496 1904 bacchio:

196 1968 263 2010 nam
286 1951 396 2028 primas
419 1948 508 2009 habet
530 1946 655 2027 syllabas
679 1947 794 2028 longas,
816 1958 996 2028 postremam
1020 1947 1149 2009 brevem.

156 2064 181 2104 ¹⁵
284 2055 379 2116 Pedes
411 2054 544 2135 duplices
576 2057 636 2115 sive
670 2053 849 2135 tetrasyllabi
877 2064 950 2134 quot
982 2052 1073 2116 sunt?
1119 2055 1254 2116 Sedecim
1283 2103 1290 2114 .
1319 2055 1374 2125 Qui
1404 2052 1496 2116 sunt?

132 2140 136 2146 ’
195 2161 394 2242 Dispondeus,
412 2142 694 2241 proceleumaticus,
711 2161 828 2222 ionicus
842 2152 907 2223 dard
924 2160 1087 2242 μειζονος,
1105 2165 1221 2223 ἰοοίοοε
1235 2152 1287 2223 ἄπ’
1305 2157 1495 2242 ἐλάσσονος,

194 2268 399 2348 ditrochaeus,
432 2266 592 2348 diiambus,
624 2265 828 2351 choriambus,
856 2271 1053 2348 antispastus,
1080 2286 1173 2348 paeon
1202 2271 1318 2349 primus
1346 2270 1496 2332 secundus

194 2377 302 2437 tertius
326 2382 464 2456 quartus,
491 2378 631 2452 epitritus
655 2377 775 2453 primur
801 2378 954 2437 secundus
982 2380 1089 2438 tertius
1116 2384 1245 2451 quartus
1268 2424 1275 2437 .
1298 2376 1406 2438 horum
1435 2386 1495 2458 ety-

193 2482 337 2560 mologiae
357 2499 392 2541 ex
417 2482 606 2561 superiorum
629 2479 780 2542 vocabuhs
804 2489 833 2541 et
856 2483 920 2562 ipsa
943 2484 1096 2543 nominum
1120 2483 1334 2561 compositione
1358 2484 1495 2546 tacihime

153 2598 180 2639 2⁰
193 2597 320 2668 possunt
342 2587 473 2668 intellegi
493 2635 500 2648 .
519 2587 633 2649 Eorum
657 2590 724 2668 quis
743 2590 792 2650 cui
811 2584 1001 2649 contrarius?
1035 2587 1305 2650 Proceleumaticus
1323 2590 1496 2674 dispondeo,

193 2699 308 2758 ionicus
331 2685 383 2757 ἄνι’
410 2687 592 2769 ἐλάσσονος
613 2698 710 2757 ἰοοίοο
734 2686 799 2756 dard
823 2692 986 2776 μείζονος,
1013 2694 1159 2756 diiambus
1183 2695 1367 2778 ditrochaeo,
1392 2691 1396 2780 Ι
1421 2700 1495 2759 anti

194 2811 311 2884 spastus
345 2801 530 2878 choriambo,
567 2805 706 2883 epitritus
737 2804 853 2882 primus
885 2803 991 2882 paeoni
1026 2803 1137 2883 primo,
1173 2802 1322 2864 secundus
1355 2804 1496 2886 secundo,

194 2912 301 2971 tertius
334 2912 436 2990 tertio,
469 2917 593 2989 quartus
626 2920 740 2989 quarto.
788 2907 903 2988 Singuli
935 2909 1046 2987 quique
1078 2907 1185 2969 horum
1219 2920 1292 2989 quot
1323 2918 1354 2971 et
1386 2910 1496 2990 quibus

194 3015 311 3095 syllabis
340 3012 498 3076 constant?
542 3015 736 3077 Ditroehaeus
764 3034 800 3076 ex
828 3015 914 3094 longa
942 3024 973 3076 et
999 3015 1082 3077 brevi
1110 3025 1140 3078 et
1166 3016 1253 3096 longa
1280 3027 1310 3078 et
1338 3016 1435 3097 brevi,
1462 3028 1496 3079 ut

153 3131 180 3169 2⁵
194 3121 362 3204 aegritudo,
394 3121 553 3203 cantilena3
585 3121 732 3183 diiambus
761 3139 796 3182 ex
824 3120 908 3181 brevi
935 3128 966 3181 et
993 3120 1079 3202 longa
1107 3131 1138 3183 et
1165 3122 1247 3184 brevi
1276 3134 1306 3185 et
1334 3123 1434 3207 longa,
1462 3134 1496 3186 ut

193 3228 373 3312 benignitas,
401 3229 579 3309 malignitas,
608 3226 788 3308 dispondeus
811 3245 848 3286 ex
872 3234 1012 3306 quattuor
1035 3228 1145 3310 longis,
1173 3237 1207 3290 ut
1234 3238 1381 3311 oratores,
1409 3231 1494 3293 salta·

193 3345 289 3417 tores3
311 3336 578 3416 proceleumaticus
597 3354 633 3395 ex
653 3341 793 3413 quattuor
811 3331 966 3414 brevibus,
984 3345 1018 3396 ut
1036 3336 1178 3417 animula,
1200 3339 1356 3420 memoria3
1378 3340 1495 3400 ionicus

280 3472 362 3527 aare
389 3473 474 3527 essm
501 3442 614 3542 appu.
642 3471 769 3536 voulut,
796 3468 872 3539 quoa
898 3470 935 3524 aa
961 3471 1103 3540 equitibus
1129 3471 1296 3528 saturatus
1323 3476 1366 3529 ue
1392 3443 1514 3529 cossa

192 3553 251 3607 coll.
284 3553 377 3606 Diem.
406 3570 436 3621 p.
469 3557 537 3618 479,
570 3557 589 3606 8
620 3549 734 3620 hippius
765 3567 844 3619 vero,
880 3550 1005 3619 equestri
1037 3552 1145 3607 seilicet
1179 3571 1290 3623 pugnae
1328 3554 1494 3609 conveniens

132 3678 134 3682 Α
191 3631 389 3687 modulabatur
468 3638 483 3685 3
509 3629 637 3686 tribracis
665 3629 740 3684 idem
767 3628 1010 3700 quibraoisillabas
1035 3633 1062 3687 Β
1087 3632 1201 3689 tribaeis
1226 3634 1301 3690 idem
1328 3635 1377 3704 qui
1404 3634 1494 3690 braci-

191 3711 306 3780 syruua
325 3713 363 3767 ar
440 3711 500 3766 siue
523 3711 687 3781 epignemus
708 3709 781 3764 aar
861 3714 985 3770 amau
1007 3731 1057 3771 om.
1079 3715 1121 3779 a,
1146 3716 1211 3771 aaa.
1231 3716 1268 3769 rr
1345 3716 1494 3770 maruha

189 3795 217 3849 Β
235 3794 351 3849 tribaeis
371 3795 409 3847 M
462 3792 601 3846 thubeat
616 3792 654 3845 M
670 3790 796 3846 habetB
850 3793 996 3850 antibracis
1010 3796 1038 3848 Β
1052 3794 1255 3849 aalibraeusM
1311 3794 1494 3850 tanlibracis

190 3878 285 3927 autem
321 3873 394 3927 ΒΜ
482 3871 580 3926 breuia
615 3870 721 3927 habeat
752 3870 867 3928 brachia
900 3876 938 3929 M
966 3874 1064 3931 breuia
1095 3873 1167 3929 abca
1198 3875 1293 3930 bracia
1323 3875 1351 3929 Β
1378 3897 1386 3929 .·
1413 3877 1495 3930 immo

189 3951 302 4007 brevem
321 3952 426 4007 habeat
444 3950 595 4021 syllabam,
614 3958 646 4006 ut
664 3958 702 4007 eat
720 3953 753 4007 in
770 3956 902 4023 excerptis
921 3956 1034 4010 lulloni
1047 3973 1078 4024 p.
1093 3959 1202 4021 32³,22
1277 3960 1309 4008 10
1328 3958 1370 4010 est
1383 3971 1433 4012 orn.
1449 3956 1494 4025 M,

191 4032 254 4086 add.
273 4032 301 4084 B
374 4039 408 4087 13
427 4033 549 4104 Latona]
573 4032 668 4086 lacora
687 4033 725 4086 M
796 4039 828 4087 lo
846 4034 1025 4106 tetrasyllabi
1046 4036 1074 4088 B
1103 4037 1195 4090 cetera
1218 4034 1328 4103 syllaba
1352 4036 1389 4089 M
1393 4071 1395 4074 -
1460 4042 1493 4090 16

189 4110 425 4180 procleamatious
455 4115 492 4167 M
570 4111 677 4167 ionicus
704 4129 759 4182 apo
787 4112 912 4169 mizonos
939 4114 1045 4170 ionioos
1073 4115 1283 4184 appellassouos
1308 4115 1378 4168 ΒΜ
1461 4120 1493 4168 tr

190 4194 361 4263 antispastus
379 4193 564 4263 (antistuspus
580 4192 619 4259 Β)
638 4208 712 4260 peon
729 4191 835 4261 primus
853 4195 990 4249 secundus
1008 4194 1170 4263 (secundum
1192 4195 1240 4263 M)
1259 4192 1359 4248 tertius
1378 4194 1493 4262 quartus

189 4273 289 4329 horum
308 4273 507 4343 ethimologiae
527 4275 568 4343 (et
581 4271 899 4342 homologiaeM)BM
951 4273 1281 4344 toproclenmaticusM
1332 4278 1365 4326 at
1385 4271 1493 4327 ionicus

189 4353 299 4422 apollos
326 4369 408 4407 sonos
436 4353 528 4407 ionico
556 4351 666 4422 spumei
693 4369 762 4409 sono
790 4352 944 4409 disiambus
970 4355 998 4407 B
1030 4353 1135 4408 ionioos
1163 4354 1372 4423 appellassonos
1400 4349 1493 4405 ionico

190 4431 353 4502 apomizono
377 4431 506 4486 diambus
527 4433 564 4486 M
638 4438 672 4486 22
692 4433 821 4502 epitritus
843 4433 946 4503 peonia
973 4433 1063 4505 primo
1090 4434 1226 4488 secundus
1249 4432 1370 4486 secundo
1393 4429 1494 4486 tertius

188 4511 273 4568 tertio
290 4512 318 4564 B
337 4511 466 4580 epitritus
488 4511 593 4581 primns
615 4512 716 4582 peonio
738 4513 828 4583 primo
851 4515 963 4571 secund‘
988 4516 1139 4571 secundum
1161 4513 1246 4569 tertio
1266 4511 1366 4567 tertius
1387 4513 1424 4566 M

189 4599 223 4648 23
247 4590 363 4662 quique]
386 4592 509 4660 quinque
527 4592 555 4644 B
573 4608 684 4661 quoque
704 4594 741 4647 M
810 4600 846 4648 at
864 4597 976 4649 constat
992 4595 1064 4649 ΒΜ
1134 4596 1240 4662 etpost
1258 4591 1337 4647 brevi
1355 4608 1405 4646 om.
1423 4592 1496 4646 ΒΜ

224 4680 259 4728 25
278 4670 435 4727 cantilenae
451 4671 488 4724 M
558 4671 700 4728 disambus
718 4688 787 4728 corr.
806 4672 946 4729 diiambus
960 4675 988 4727 Β
1006 4673 1159 4729 disiambus
1174 4674 1212 4728 M
1281 4680 1316 4728 26
1331 4673 1493 4745 malignitas

189 4769 239 4808 orn.
270 4752 312 4818 B,
342 4751 406 4806 add.
441 4753 479 4806 M
561 4757 594 4806 tt
622 4751 855 4821 procleumatious
882 4753 921 4809 M
1001 4753 1125 4811 animula
1150 4754 1223 4809 ΒΜ
1301 4752 1408 4809 iouicos
1439 4769 1493 4824 apo

189 4832 328 4888 meiaonos
348 4831 386 4885 M
403 4830 509 4888 ionicus
527 4831 676 4902 apoiaonos
694 4832 722 4886 Β
