<?xml version="1.0" encoding="UTF-8"?>
<!DOCTYPE html PUBLIC "-//W3C//DTD XHTML 1.0 Transitional//EN"
    "http://www.w3.org/TR/xhtml1/DTD/xhtml1-transitional.dtd">
<html xmlns="http://www.w3.org/1999/xhtml" xml:lang="en" lang="en">
 <head>
  <title>
</title>
<meta http-equiv="Content-Type" content="text/html;charset=utf-8" />
  <meta name='ocr-system' content='tesseract 3.04.00' />
  <meta name='ocr-capabilities' content='ocr_page ocr_carea ocr_par ocr_line ocrx_word'/>
</head>
<body>
  <div class='ocr_page' id='page_1' title='image "./grammaticilatin00keilgoog/grammaticilatin00keilgoog_0232.png"; bbox 0 0 3316 5474; ppageno 0'>
   <div class='ocr_carea' id='block_1_1' title="bbox 192 364 1499 513">
    <p class='ocr_par' dir='ltr' id='par_1_1' title="bbox 192 364 1499 513">
     <span class='ocr_line' id='line_1_1' title="bbox 749 364 1499 430; baseline -0.003 -11"><span class='ocrx_word' id='word_1_1' title='bbox 749 364 942 420; x_wconf 80' lang='lat' dir='ltr'><strong><em>EXOERPTA</em></strong></span> <span class='ocrx_word' id='word_1_2' title='bbox 1435 365 1499 430; x_wconf 83' lang='lat'><strong>213</strong></span> 
     </span>
     <span class='ocr_line' id='line_1_2' title="bbox 192 463 370 513; baseline -0.006 -9"><span class='ocrx_word' id='word_1_3' title='bbox 192 463 370 513; x_wconf 58' lang='lat' dir='ltr'><strong>nmmo</strong></span> 
     </span>
    </p>
   </div>
   <div class='ocr_carea' id='block_1_2' title="bbox 165 548 1501 1164">
    <p class='ocr_par' dir='ltr' id='par_1_2' title="bbox 165 548 1501 1164">
     <span class='ocr_line' id='line_1_3' title="bbox 193 548 1501 631; baseline 0.002 -21"><span class='ocrx_word' id='word_1_4' title='bbox 193 549 408 610; x_wconf 82' lang='lat' dir='ltr'>emendationis</span> <span class='ocrx_word' id='word_1_5' title='bbox 436 549 596 609; x_wconf 78' lang='lat' dir='ltr'>incederet.</span> <span class='ocrx_word' id='word_1_6' title='bbox 635 548 807 610; x_wconf 82' lang='lat' dir='ltr'><strong>Diomedem</strong></span> <span class='ocrx_word' id='word_1_7' title='bbox 835 558 953 628; x_wconf 90' lang='lat' dir='ltr'><strong>quoque</strong></span> <span class='ocrx_word' id='word_1_8' title='bbox 985 558 1015 610; x_wconf 90' lang='lat' dir='ltr'><strong>et</strong></span> <span class='ocrx_word' id='word_1_9' title='bbox 1037 549 1242 611; x_wconf 77' lang='lat' dir='ltr'><strong>Theocdstum</strong></span> <span class='ocrx_word' id='word_1_10' title='bbox 1265 551 1361 631; x_wconf 88' lang='lat' dir='ltr'><strong>ailqua</strong></span> <span class='ocrx_word' id='word_1_11' title='bbox 1389 552 1426 612; x_wconf 91' lang='lat' dir='ltr'><strong>de</strong></span> <span class='ocrx_word' id='word_1_12' title='bbox 1450 550 1501 612; x_wconf 91' lang='lat' dir='ltr'><strong>tali</strong></span> 
     </span>
     <span class='ocr_line' id='line_1_4' title="bbox 194 656 1498 736; baseline 0 -19"><span class='ocrx_word' id='word_1_13' title='bbox 194 665 257 717; x_wconf 91' lang='lat' dir='ltr'><strong>arte</strong></span> <span class='ocrx_word' id='word_1_14' title='bbox 281 658 437 734; x_wconf 85' lang='lat' dir='ltr'><strong>scripsisse</strong></span> <span class='ocrx_word' id='word_1_15' title='bbox 462 657 670 736; x_wconf 83' lang='lat' dir='ltr'><strong>comperimus.</strong></span> <span class='ocrx_word' id='word_1_16' title='bbox 708 659 759 736; x_wconf 92' lang='lat' dir='ltr'><strong>qui</strong></span> <span class='ocrx_word' id='word_1_17' title='bbox 782 658 808 716; x_wconf 91' lang='lat' dir='ltr'><strong>si</strong></span> <span class='ocrx_word' id='word_1_18' title='bbox 831 657 943 716; x_wconf 87' lang='lat' dir='ltr'><strong>inventi</strong></span> <span class='ocrx_word' id='word_1_19' title='bbox 967 656 1091 736; x_wconf 89' lang='lat' dir='ltr'><strong>luerint,</strong></span> <span class='ocrx_word' id='word_1_20' title='bbox 1114 674 1165 716; x_wconf 86' lang='lat' dir='ltr'><strong>ros</strong></span> <span class='ocrx_word' id='word_1_21' title='bbox 1185 674 1303 735; x_wconf 87' lang='lat' dir='ltr'><strong>quoque</strong></span> <span class='ocrx_word' id='word_1_22' title='bbox 1322 675 1426 717; x_wconf 88' lang='lat' dir='ltr'><strong>eorum</strong></span> <span class='ocrx_word' id='word_1_23' title='bbox 1450 656 1498 717; x_wconf 93' lang='lat' dir='ltr'><strong>de·</strong></span> 
     </span>
     <span class='ocr_line' id='line_1_5' title="bbox 193 763 1498 844; baseline -0.001 -20"><span class='ocrx_word' id='word_1_24' title='bbox 193 765 296 825; x_wconf 88' lang='lat' dir='ltr'><strong>llorata</strong></span> <span class='ocrx_word' id='word_1_25' title='bbox 324 763 460 841; x_wconf 90' lang='lat' dir='ltr'><strong>colligite.</strong></span> <span class='ocrx_word' id='word_1_26' title='bbox 498 764 574 823; x_wconf 84' lang='lat' dir='ltr'><strong>sorte</strong></span> <span class='ocrx_word' id='word_1_27' title='bbox 604 772 635 824; x_wconf 90' lang='lat' dir='ltr'><strong>el</strong></span> <span class='ocrx_word' id='word_1_28' title='bbox 662 763 734 824; x_wconf 90' lang='lat' dir='ltr'><strong>alios</strong></span> <span class='ocrx_word' id='word_1_29' title='bbox 763 765 896 824; x_wconf 86' lang='lat' dir='ltr'><strong>invenire</strong></span> <span class='ocrx_word' id='word_1_30' title='bbox 923 764 1058 844; x_wconf 86' lang='lat' dir='ltr'><strong>possitis,</strong></span> <span class='ocrx_word' id='word_1_31' title='bbox 1085 781 1140 841; x_wconf 91' lang='lat' dir='ltr'><strong>per</strong></span> <span class='ocrx_word' id='word_1_32' title='bbox 1168 781 1242 841; x_wconf 91' lang='lat' dir='ltr'><strong>quos</strong></span> <span class='ocrx_word' id='word_1_33' title='bbox 1270 766 1374 824; x_wconf 88' lang='lat' dir='ltr'><strong>notitia</strong></span> <span class='ocrx_word' id='word_1_34' title='bbox 1402 772 1498 824; x_wconf 87' lang='lat' dir='ltr'><strong>vestra</strong></span> 
     </span>
     <span class='ocr_line' id='line_1_6' title="bbox 192 866 1497 950; baseline -0.002 -19"><span class='ocrx_word' id='word_1_35' title='bbox 192 873 293 950; x_wconf 90' lang='lat' dir='ltr'><strong>potius</strong></span> <span class='ocrx_word' id='word_1_36' title='bbox 321 873 494 931; x_wconf 82' lang='lat' dir='ltr'><strong>instruatur.</strong></span> <span class='ocrx_word' id='word_1_37' title='bbox 532 872 581 930; x_wconf 91' lang='lat' dir='ltr'><strong>isti</strong></span> <span class='ocrx_word' id='word_1_38' title='bbox 609 877 707 930; x_wconf 92' lang='lat' dir='ltr'><strong>tamen</strong></span> <span class='ocrx_word' id='word_1_39' title='bbox 735 871 786 949; x_wconf 91' lang='lat' dir='ltr'><strong>qui</strong></span> <span class='ocrx_word' id='word_1_40' title='bbox 814 866 970 929; x_wconf 88' lang='lat' dir='ltr'><strong>memorati</strong></span> <span class='ocrx_word' id='word_1_41' title='bbox 998 877 1081 949; x_wconf 89' lang='lat' dir='ltr'><strong>sunt,</strong></span> <span class='ocrx_word' id='word_1_42' title='bbox 1111 871 1136 928; x_wconf 87' lang='lat' dir='ltr'><strong>si</strong></span> <span class='ocrx_word' id='word_1_43' title='bbox 1159 869 1278 930; x_wconf 88' lang='lat' dir='ltr'><strong>assiduo</strong></span> <span class='ocrx_word' id='word_1_44' title='bbox 1302 870 1400 930; x_wconf 90' lang='lat' dir='ltr'><strong>studio</strong></span> <span class='ocrx_word' id='word_1_45' title='bbox 1423 869 1497 930; x_wconf 91' lang='lat' dir='ltr'><strong>rele-</strong></span> 
     </span>
     <span class='ocr_line' id='line_1_7' title="bbox 165 975 1499 1059; baseline -0.001 -20"><span class='ocrx_word' id='word_1_46' title='bbox 165 987 313 1059; x_wconf 60' lang='lat' dir='ltr'><strong>bgantun</strong></span> <span class='ocrx_word' id='word_1_47' title='bbox 341 995 459 1037; x_wconf 90' lang='lat' dir='ltr'><strong>omnem</strong></span> <span class='ocrx_word' id='word_1_48' title='bbox 487 976 571 1037; x_wconf 89' lang='lat' dir='ltr'><strong>vobis</strong></span> <span class='ocrx_word' id='word_1_49' title='bbox 594 976 749 1055; x_wconf 86' lang='lat' dir='ltr'><strong>callginem</strong></span> <span class='ocrx_word' id='word_1_50' title='bbox 776 978 969 1055; x_wconf 79' lang='lat' dir='ltr'><strong>ignorationis</strong></span> <span class='ocrx_word' id='word_1_51' title='bbox 992 975 1163 1057; x_wconf 91' lang='lat' dir='ltr'><strong>abscidunt,</strong></span> <span class='ocrx_word' id='word_1_52' title='bbox 1191 985 1226 1037; x_wconf 91' lang='lat' dir='ltr'><strong>ul</strong></span> <span class='ocrx_word' id='word_1_53' title='bbox 1248 976 1326 1056; x_wconf 92' lang='lat' dir='ltr'><strong>quod</strong></span> <span class='ocrx_word' id='word_1_54' title='bbox 1356 977 1499 1037; x_wconf 90' lang='lat' dir='ltr'><strong>hactenus</strong></span> 
     </span>
     <span class='ocr_line' id='line_1_8' title="bbox 192 1084 1130 1164; baseline -0.001 -20"><span class='ocrx_word' id='word_1_55' title='bbox 192 1087 360 1164; x_wconf 86' lang='lat' dir='ltr'><strong>ignoratum</strong></span> <span class='ocrx_word' id='word_1_56' title='bbox 383 1093 428 1145; x_wconf 90' lang='lat' dir='ltr'><strong>est</strong></span> <span class='ocrx_word' id='word_1_57' title='bbox 451 1084 595 1145; x_wconf 92' lang='lat' dir='ltr'><strong>habeatur</strong></span> <span class='ocrx_word' id='word_1_58' title='bbox 619 1104 654 1144; x_wconf 86' lang='lat' dir='ltr'><strong>ex</strong></span> <span class='ocrx_word' id='word_1_59' title='bbox 679 1086 802 1144; x_wconf 82' lang='lat' dir='ltr'><strong>maxima</strong></span> <span class='ocrx_word' id='word_1_60' title='bbox 826 1092 910 1162; x_wconf 88' lang='lat' dir='ltr'><strong>parte</strong></span> <span class='ocrx_word' id='word_1_61' title='bbox 933 1085 1130 1144; x_wconf 88' lang='lat' dir='ltr'><strong>notissimum.</strong></span> 
     </span>
    </p>
   </div>
   <div class='ocr_carea' id='block_1_3' title="bbox 191 1225 1463 1334">
    <p class='ocr_par' dir='ltr' id='par_1_3' title="bbox 191 1225 1463 1334">
     <span class='ocr_line' id='line_1_9' title="bbox 191 1225 1463 1334; baseline -0.088 25"><span class='ocrx_word' id='word_1_62' title='bbox 191 1298 212 1334; x_wconf 79' lang='lat'><strong>1‘·</strong></span> <span class='ocrx_word' id='word_1_63' title='bbox 227 1285 267 1325; x_wconf 79' lang='lat'><strong>⁵²⁸</strong></span> <span class='ocrx_word' id='word_1_64' title='bbox 280 1285 316 1325; x_wconf 65' lang='lat' dir='ltr'><strong>ed·</strong></span> <span class='ocrx_word' id='word_1_65' title='bbox 330 1283 383 1327; x_wconf 58' lang='lat' dir='ltr'><strong>a...</strong></span> <span class='ocrx_word' id='word_1_66' title='bbox 605 1225 659 1286; x_wconf 93' lang='lat'>¹¹¹¹</span> <span class='ocrx_word' id='word_1_67' title='bbox 684 1225 843 1301; x_wconf 67' lang='lat' dir='ltr'><strong>Praefatio</strong></span> <span class='ocrx_word' id='word_1_68' title='bbox 865 1228 994 1287; x_wconf 74' lang='lat' dir='ltr'><strong>secono·</strong></span> <span class='ocrx_word' id='word_1_69' title='bbox 1015 1229 1090 1286; x_wconf 67' lang='lat' dir='ltr'><strong>tiore·</strong></span> <span class='ocrx_word' id='word_1_70' title='bbox 1450 1252 1463 1281; x_wconf 90' lang='lat'><strong>.</strong></span> 
     </span>
    </p>
   </div>
   <div class='ocr_carea' id='block_1_4' title="bbox 148 1358 1532 2720">
    <p class='ocr_par' dir='ltr' id='par_1_4' title="bbox 148 1358 1532 2720">
     <span class='ocr_line' id='line_1_10' title="bbox 280 1358 1497 1447; baseline 0 -26"><span class='ocrx_word' id='word_1_71' title='bbox 280 1361 416 1422; x_wconf 87' lang='lat' dir='ltr'><strong>Intentus</strong></span> <span class='ocrx_word' id='word_1_72' title='bbox 440 1359 526 1421; x_wconf 87' lang='lat' dir='ltr'><strong>nobis</strong></span> <span class='ocrx_word' id='word_1_73' title='bbox 549 1368 595 1420; x_wconf 90' lang='lat' dir='ltr'><strong>est</strong></span> <span class='ocrx_word' id='word_1_74' title='bbox 617 1359 654 1419; x_wconf 90' lang='lat' dir='ltr'><strong>de</strong></span> <span class='ocrx_word' id='word_1_75' title='bbox 678 1366 741 1447; x_wconf 77' lang='lat' dir='ltr'><strong>arte</strong></span> <span class='ocrx_word' id='word_1_76' title='bbox 764 1361 952 1437; x_wconf 90' lang='lat' dir='ltr'><strong>grammatica</strong></span> <span class='ocrx_word' id='word_1_77' title='bbox 977 1360 1037 1418; x_wconf 83' lang='lat' dir='ltr'><strong>sire</strong></span> <span class='ocrx_word' id='word_1_78' title='bbox 1062 1358 1210 1419; x_wconf 87' lang='lat' dir='ltr'><strong>rhetorica</strong></span> <span class='ocrx_word' id='word_1_79' title='bbox 1234 1360 1278 1420; x_wconf 87' lang='lat' dir='ltr'><strong>vel</strong></span> <span class='ocrx_word' id='word_1_80' title='bbox 1308 1361 1344 1421; x_wconf 89' lang='lat' dir='ltr'><strong>de</strong></span> <span class='ocrx_word' id='word_1_81' title='bbox 1368 1361 1497 1441; x_wconf 90' lang='lat' dir='ltr'><strong>discipli·</strong></span> 
     </span>
     <span class='ocr_line' id='line_1_11' title="bbox 192 1464 1497 1547; baseline -0.001 -19"><span class='ocrx_word' id='word_1_82' title='bbox 192 1471 237 1528; x_wconf 92' lang='lat' dir='ltr'><strong>nis</strong></span> <span class='ocrx_word' id='word_1_83' title='bbox 267 1468 364 1547; x_wconf 89' lang='lat' dir='ltr'><strong>ahqua</strong></span> <span class='ocrx_word' id='word_1_84' title='bbox 395 1467 524 1528; x_wconf 88' lang='lat' dir='ltr'><strong>breviter</strong></span> <span class='ocrx_word' id='word_1_85' title='bbox 553 1466 628 1527; x_wconf 80' lang='lat' dir='ltr'><strong>velle</strong></span> <span class='ocrx_word' id='word_1_86' title='bbox 658 1464 858 1527; x_wconf 85' lang='lat' dir='ltr'><strong>conscribere.</strong></span> <span class='ocrx_word' id='word_1_87' title='bbox 912 1484 1038 1544; x_wconf 89' lang='lat' dir='ltr'><strong>quarum</strong></span> <span class='ocrx_word' id='word_1_88' title='bbox 1068 1483 1169 1525; x_wconf 89' lang='lat' dir='ltr'><strong>rerum</strong></span> <span class='ocrx_word' id='word_1_89' title='bbox 1200 1468 1343 1546; x_wconf 91' lang='lat' dir='ltr'><strong>principia</strong></span> <span class='ocrx_word' id='word_1_90' title='bbox 1375 1486 1497 1527; x_wconf 87' lang='lat' dir='ltr'><strong>necesse</strong></span> 
     </span>
     <span class='ocr_line' id='line_1_12' title="bbox 153 1570 1500 1656; baseline -0.001 -21"><span class='ocrx_word' id='word_1_91' title='bbox 153 1589 178 1626; x_wconf 89' lang='lat'><strong>1⁰</strong></span> <span class='ocrx_word' id='word_1_92' title='bbox 193 1574 277 1635; x_wconf 90' lang='lat' dir='ltr'><strong>nohis</strong></span> <span class='ocrx_word' id='word_1_93' title='bbox 300 1584 346 1635; x_wconf 91' lang='lat' dir='ltr'><strong>est</strong></span> <span class='ocrx_word' id='word_1_94' title='bbox 369 1574 524 1656; x_wconf 91' lang='lat' dir='ltr'><strong>inchoare,</strong></span> <span class='ocrx_word' id='word_1_95' title='bbox 552 1571 769 1651; x_wconf 90' lang='lat' dir='ltr'><strong>dicendumque</strong></span> <span class='ocrx_word' id='word_1_96' title='bbox 792 1573 877 1651; x_wconf 90' lang='lat' dir='ltr'><strong>prius</strong></span> <span class='ocrx_word' id='word_1_97' title='bbox 900 1579 947 1631; x_wconf 86' lang='lat' dir='ltr'><strong>est</strong></span> <span class='ocrx_word' id='word_1_98' title='bbox 977 1570 1012 1631; x_wconf 90' lang='lat' dir='ltr'><strong>de</strong></span> <span class='ocrx_word' id='word_1_99' title='bbox 1036 1580 1100 1631; x_wconf 90' lang='lat' dir='ltr'><strong>arte</strong></span> <span class='ocrx_word' id='word_1_100' title='bbox 1123 1575 1326 1654; x_wconf 89' lang='lat' dir='ltr'><strong>grammatica,</strong></span> <span class='ocrx_word' id='word_1_101' title='bbox 1354 1592 1429 1652; x_wconf 90' lang='lat' dir='ltr'><strong>quae</strong></span> <span class='ocrx_word' id='word_1_102' title='bbox 1453 1582 1500 1634; x_wconf 90' lang='lat' dir='ltr'><strong>est</strong></span> 
     </span>
     <span class='ocr_line' id='line_1_13' title="bbox 192 1678 1498 1761; baseline 0.001 -22"><span class='ocrx_word' id='word_1_103' title='bbox 192 1680 327 1743; x_wconf 87' lang='lat' dir='ltr'><strong>videlicet</strong></span> <span class='ocrx_word' id='word_1_104' title='bbox 355 1683 438 1761; x_wconf 88' lang='lat' dir='ltr'><strong>origo</strong></span> <span class='ocrx_word' id='word_1_105' title='bbox 462 1689 492 1741; x_wconf 92' lang='lat' dir='ltr'><strong>et</strong></span> <span class='ocrx_word' id='word_1_106' title='bbox 519 1679 744 1741; x_wconf 82' lang='lat' dir='ltr'><strong>fundamentum</strong></span> <span class='ocrx_word' id='word_1_107' title='bbox 777 1678 944 1740; x_wconf 90' lang='lat' dir='ltr'><strong>liberalium</strong></span> <span class='ocrx_word' id='word_1_108' title='bbox 967 1678 1141 1740; x_wconf 87' lang='lat' dir='ltr'><strong>litterarum.</strong></span> <span class='ocrx_word' id='word_1_109' title='bbox 1179 1679 1376 1741; x_wconf 90' lang='lat' dir='ltr'><strong>liberantem</strong></span> <span class='ocrx_word' id='word_1_110' title='bbox 1400 1680 1498 1740; x_wconf 91' lang='lat' dir='ltr'><strong>dictus</strong></span> 
     </span>
     <span class='ocr_line' id='line_1_14' title="bbox 192 1765 1532 1867; baseline 0.001 -20"><span class='ocrx_word' id='word_1_111' title='bbox 192 1796 237 1848; x_wconf 89' lang='lat' dir='ltr'><strong>est</strong></span> <span class='ocrx_word' id='word_1_112' title='bbox 260 1806 275 1847; x_wconf 91' lang='lat' dir='ltr'><strong>a</strong></span> <span class='ocrx_word' id='word_1_113' title='bbox 299 1787 390 1862; x_wconf 85' lang='lat' dir='ltr'><strong>llbro,</strong></span> <span class='ocrx_word' id='word_1_114' title='bbox 414 1788 442 1848; x_wconf 93' lang='lat' dir='ltr'><strong>id</strong></span> <span class='ocrx_word' id='word_1_115' title='bbox 467 1796 513 1848; x_wconf 91' lang='lat' dir='ltr'><strong>est</strong></span> <span class='ocrx_word' id='word_1_116' title='bbox 536 1786 651 1847; x_wconf 88' lang='lat' dir='ltr'><strong>arboris</strong></span> <span class='ocrx_word' id='word_1_117' title='bbox 670 1786 781 1845; x_wconf 89' lang='lat' dir='ltr'><strong>cortice</strong></span> <span class='ocrx_word' id='word_1_118' title='bbox 806 1784 924 1865; x_wconf 89' lang='lat' dir='ltr'><strong>dempto</strong></span> <span class='ocrx_word' id='word_1_119' title='bbox 944 1793 1033 1865; x_wconf 89' lang='lat' dir='ltr'><strong>atque</strong></span> <span class='ocrx_word' id='word_1_120' title='bbox 1056 1785 1195 1867; x_wconf 90' lang='lat' dir='ltr'><strong>liberato,</strong></span> <span class='ocrx_word' id='word_1_121' title='bbox 1218 1786 1269 1847; x_wconf 92' lang='lat' dir='ltr'><strong>ubi</strong></span> <span class='ocrx_word' id='word_1_122' title='bbox 1292 1795 1360 1847; x_wconf 91' lang='lat' dir='ltr'><strong>ante</strong></span> <span class='ocrx_word' id='word_1_123' title='bbox 1383 1790 1498 1867; x_wconf 86' lang='lat' dir='ltr'><strong>copiam</strong></span> <span class='ocrx_word' id='word_1_124' title='bbox 1527 1765 1532 1772; x_wconf 39' lang='lat'>¹</span> 
     </span>
     <span class='ocr_line' id='line_1_15' title="bbox 190 1875 1497 1974; baseline 0 -21"><span class='ocrx_word' id='word_1_125' title='bbox 190 1894 360 1955; x_wconf 84' lang='lat' dir='ltr'><strong>chartarum</strong></span> <span class='ocrx_word' id='word_1_126' title='bbox 380 1875 493 1973; x_wconf 84' lang='lat' dir='ltr'><strong>antiqui</strong></span> <span class='ocrx_word' id='word_1_127' title='bbox 512 1894 642 1953; x_wconf 84' lang='lat' dir='ltr'><strong>carmIna</strong></span> <span class='ocrx_word' id='word_1_128' title='bbox 666 1888 881 1952; x_wconf 88' lang='lat' dir='ltr'><strong>describebant.</strong></span> <span class='ocrx_word' id='word_1_129' title='bbox 919 1894 996 1953; x_wconf 90' lang='lat' dir='ltr'><strong>scire</strong></span> <span class='ocrx_word' id='word_1_130' title='bbox 1016 1902 1115 1954; x_wconf 88' lang='lat' dir='ltr'><strong>autem</strong></span> <span class='ocrx_word' id='word_1_131' title='bbox 1133 1891 1289 1974; x_wconf 82' lang='lat' dir='ltr'><strong>debemus,</strong></span> <span class='ocrx_word' id='word_1_132' title='bbox 1313 1896 1390 1954; x_wconf 91' lang='lat' dir='ltr'><strong>sicut</strong></span> <span class='ocrx_word' id='word_1_133' title='bbox 1404 1893 1497 1954; x_wconf 88' lang='lat' dir='ltr'><strong>Varro</strong></span> 
     </span>
     <span class='ocr_line' id='line_1_16' title="bbox 191 1999 1496 2082; baseline 0 -22"><span class='ocrx_word' id='word_1_134' title='bbox 191 2001 275 2082; x_wconf 88' lang='lat' dir='ltr'><strong>dicit,</strong></span> <span class='ocrx_word' id='word_1_135' title='bbox 299 2001 435 2061; x_wconf 81' lang='lat' dir='ltr'><strong>utilitatis</strong></span> <span class='ocrx_word' id='word_1_136' title='bbox 459 2000 583 2060; x_wconf 89' lang='lat' dir='ltr'><strong>alicuius</strong></span> <span class='ocrx_word' id='word_1_137' title='bbox 608 2016 695 2059; x_wconf 88' lang='lat' dir='ltr'><strong>causa</strong></span> <span class='ocrx_word' id='word_1_138' title='bbox 719 1999 851 2058; x_wconf 91' lang='lat' dir='ltr'><strong>omnium</strong></span> <span class='ocrx_word' id='word_1_139' title='bbox 875 2000 984 2059; x_wconf 87' lang='lat' dir='ltr'><strong>artium</strong></span> <span class='ocrx_word' id='word_1_140' title='bbox 1008 2001 1141 2059; x_wconf 79' lang='lat' dir='ltr'><strong>extitisse</strong></span> <span class='ocrx_word' id='word_1_141' title='bbox 1164 2001 1317 2079; x_wconf 92' lang='lat' dir='ltr'><strong>principia.</strong></span> <span class='ocrx_word' id='word_1_142' title='bbox 1359 2019 1407 2059; x_wconf 91' lang='lat' dir='ltr'><strong>ars</strong></span> <span class='ocrx_word' id='word_1_143' title='bbox 1426 2019 1496 2060; x_wconf 86' lang='lat' dir='ltr'><strong>vero</strong></span> 
     </span>
     <span class='ocr_line' id='line_1_17' title="bbox 152 2104 1496 2188; baseline 0 -21"><span class='ocrx_word' id='word_1_144' title='bbox 152 2119 177 2159; x_wconf 75' lang='lat'><strong>1⁵</strong></span> <span class='ocrx_word' id='word_1_145' title='bbox 191 2108 269 2168; x_wconf 90' lang='lat' dir='ltr'><strong>dicta</strong></span> <span class='ocrx_word' id='word_1_146' title='bbox 297 2116 355 2188; x_wconf 89' lang='lat' dir='ltr'><strong>est,</strong></span> <span class='ocrx_word' id='word_1_147' title='bbox 385 2107 464 2185; x_wconf 89' lang='lat' dir='ltr'><strong>quod</strong></span> <span class='ocrx_word' id='word_1_148' title='bbox 496 2125 550 2166; x_wconf 90' lang='lat' dir='ltr'><strong>nos</strong></span> <span class='ocrx_word' id='word_1_149' title='bbox 580 2108 643 2166; x_wconf 91' lang='lat' dir='ltr'><strong>suis</strong></span> <span class='ocrx_word' id='word_1_150' title='bbox 673 2104 784 2184; x_wconf 88' lang='lat' dir='ltr'><strong>regulis</strong></span> <span class='ocrx_word' id='word_1_151' title='bbox 814 2112 891 2164; x_wconf 89' lang='lat' dir='ltr'><strong>artet</strong></span> <span class='ocrx_word' id='word_1_152' title='bbox 920 2114 1010 2185; x_wconf 91' lang='lat' dir='ltr'><strong>atque</strong></span> <span class='ocrx_word' id='word_1_153' title='bbox 1038 2107 1228 2186; x_wconf 88' lang='lat' dir='ltr'><strong>constringat.</strong></span> <span class='ocrx_word' id='word_1_154' title='bbox 1273 2106 1320 2166; x_wconf 90' lang='lat' dir='ltr'><strong>alii</strong></span> <span class='ocrx_word' id='word_1_155' title='bbox 1349 2107 1453 2167; x_wconf 93' lang='lat' dir='ltr'><strong>dicunt</strong></span> <span class='ocrx_word' id='word_1_156' title='bbox 1480 2126 1496 2166; x_wconf 90' lang='lat' dir='ltr'><strong>a</strong></span> 
     </span>
     <span class='ocr_line' id='line_1_18' title="bbox 190 2203 1496 2293; baseline 0.001 -19"><span class='ocrx_word' id='word_1_157' title='bbox 190 2214 311 2274; x_wconf 86' lang='lat' dir='ltr'><strong>Graecis</strong></span> <span class='ocrx_word' id='word_1_158' title='bbox 340 2214 395 2273; x_wconf 92' lang='lat' dir='ltr'><strong>hoc</strong></span> <span class='ocrx_word' id='word_1_159' title='bbox 424 2221 551 2274; x_wconf 89' lang='lat' dir='ltr'><strong>tractum</strong></span> <span class='ocrx_word' id='word_1_160' title='bbox 575 2232 641 2273; x_wconf 89' lang='lat' dir='ltr'><strong>esse</strong></span> <span class='ocrx_word' id='word_1_161' title='bbox 669 2203 953 2292; x_wconf 74' lang='lat' dir='ltr'><strong>vocabulum,&#39;oirrd</strong></span> <span class='ocrx_word' id='word_1_162' title='bbox 981 2209 1040 2292; x_wconf 72' lang='grc' dir='ltr'><strong>τῆς</strong></span> <span class='ocrx_word' id='word_1_163' title='bbox 1063 2203 1196 2293; x_wconf 78' lang='grc' dir='ltr'><strong><em>ἀρετῆς,</em></strong></span> <span class='ocrx_word' id='word_1_164' title='bbox 1224 2213 1254 2273; x_wconf 92' lang='lat' dir='ltr'><strong>id</strong></span> <span class='ocrx_word' id='word_1_165' title='bbox 1278 2222 1325 2274; x_wconf 89' lang='lat' dir='ltr'><strong>est</strong></span> <span class='ocrx_word' id='word_1_166' title='bbox 1347 2232 1363 2273; x_wconf 90' lang='lat' dir='ltr'><strong>a</strong></span> <span class='ocrx_word' id='word_1_167' title='bbox 1386 2215 1496 2275; x_wconf 88' lang='lat' dir='ltr'><strong>virtute</strong></span> 
     </span>
     <span class='ocr_line' id='line_1_19' title="bbox 190 2317 1496 2403; baseline 0.001 -22"><span class='ocrx_word' id='word_1_168' title='bbox 190 2321 355 2403; x_wconf 86' lang='lat' dir='ltr'><strong>doctrinae,</strong></span> <span class='ocrx_word' id='word_1_169' title='bbox 384 2340 472 2400; x_wconf 92' lang='lat' dir='ltr'><strong>quam</strong></span> <span class='ocrx_word' id='word_1_170' title='bbox 500 2320 603 2381; x_wconf 87' lang='lat' dir='ltr'><strong>diserti</strong></span> <span class='ocrx_word' id='word_1_171' title='bbox 631 2322 687 2380; x_wconf 80' lang='lat' dir='ltr'><strong>vici</strong></span> <span class='ocrx_word' id='word_1_172' title='bbox 715 2322 805 2381; x_wconf 88' lang='lat' dir='ltr'><strong>unius</strong></span> <span class='ocrx_word' id='word_1_173' title='bbox 833 2322 978 2398; x_wconf 89' lang='lat' dir='ltr'><strong>cuiusque</strong></span> <span class='ocrx_word' id='word_1_174' title='bbox 1006 2317 1100 2380; x_wconf 89' lang='lat' dir='ltr'><strong>bonae</strong></span> <span class='ocrx_word' id='word_1_175' title='bbox 1129 2323 1172 2381; x_wconf 92' lang='lat' dir='ltr'><strong>rei</strong></span> <span class='ocrx_word' id='word_1_176' title='bbox 1201 2323 1355 2382; x_wconf 88' lang='lat' dir='ltr'><strong>scientiam</strong></span> <span class='ocrx_word' id='word_1_177' title='bbox 1383 2331 1496 2382; x_wconf 86' lang='lat' dir='ltr'><strong>vocant.</strong></span> 
     </span>
     <span class='ocr_line' id='line_1_20' title="bbox 190 2426 1495 2509; baseline 0.001 -21"><span class='ocrx_word' id='word_1_178' title='bbox 190 2427 320 2488; x_wconf 90' lang='lat' dir='ltr'><strong>secundo</strong></span> <span class='ocrx_word' id='word_1_179' title='bbox 349 2427 385 2487; x_wconf 90' lang='lat' dir='ltr'><strong>de</strong></span> <span class='ocrx_word' id='word_1_180' title='bbox 414 2436 477 2487; x_wconf 86' lang='lat' dir='ltr'><strong>arte</strong></span> <span class='ocrx_word' id='word_1_181' title='bbox 506 2426 667 2509; x_wconf 88' lang='lat' dir='ltr'><strong>rhetorica,</strong></span> <span class='ocrx_word' id='word_1_182' title='bbox 696 2446 771 2506; x_wconf 91' lang='lat' dir='ltr'><strong>quae</strong></span> <span class='ocrx_word' id='word_1_183' title='bbox 798 2436 921 2506; x_wconf 90' lang='lat' dir='ltr'><strong>propter</strong></span> <span class='ocrx_word' id='word_1_184' title='bbox 949 2429 1076 2487; x_wconf 82' lang='lat' dir='ltr'><strong>nitorem</strong></span> <span class='ocrx_word' id='word_1_185' title='bbox 1105 2436 1135 2488; x_wconf 90' lang='lat' dir='ltr'><strong>et</strong></span> <span class='ocrx_word' id='word_1_186' title='bbox 1164 2429 1279 2506; x_wconf 88' lang='lat' dir='ltr'><strong>copiam</strong></span> <span class='ocrx_word' id='word_1_187' title='bbox 1310 2427 1495 2506; x_wconf 89' lang='lat' dir='ltr'><strong>eloquentiae</strong></span> 
     </span>
     <span class='ocr_line' id='line_1_21' title="bbox 190 2531 1494 2611; baseline 0.001 -17"><span class='ocrx_word' id='word_1_188' title='bbox 190 2554 259 2594; x_wconf 90' lang='lat' dir='ltr'><strong>suae</strong></span> <span class='ocrx_word' id='word_1_189' title='bbox 279 2536 404 2594; x_wconf 81' lang='lat' dir='ltr'><strong>manime</strong></span> <span class='ocrx_word' id='word_1_190' title='bbox 423 2537 454 2594; x_wconf 95' lang='lat' dir='ltr'><strong>in</strong></span> <span class='ocrx_word' id='word_1_191' title='bbox 473 2531 609 2594; x_wconf 86' lang='lat' dir='ltr'><strong>civilibus</strong></span> <span class='ocrx_word' id='word_1_192' title='bbox 628 2531 852 2611; x_wconf 90' lang='lat' dir='ltr'><strong>quaestionibus</strong></span> <span class='ocrx_word' id='word_1_193' title='bbox 871 2534 1038 2592; x_wconf 89' lang='lat' dir='ltr'><strong>necessaria</strong></span> <span class='ocrx_word' id='word_1_194' title='bbox 1058 2534 1145 2593; x_wconf 90' lang='lat' dir='ltr'><strong>nimis</strong></span> <span class='ocrx_word' id='word_1_195' title='bbox 1165 2542 1195 2594; x_wconf 89' lang='lat' dir='ltr'><strong>et</strong></span> <span class='ocrx_word' id='word_1_196' title='bbox 1213 2532 1393 2594; x_wconf 89' lang='lat' dir='ltr'><strong>honorabilis</strong></span> <span class='ocrx_word' id='word_1_197' title='bbox 1408 2537 1494 2595; x_wconf 90' lang='lat' dir='ltr'><strong>aesti-</strong></span> 
     </span>
     <span class='ocr_line' id='line_1_22' title="bbox 148 2638 1494 2720; baseline 0 -18"><span class='ocrx_word' id='word_1_198' title='bbox 148 2654 174 2691; x_wconf 70' lang='lat'><strong>20</strong></span> <span class='ocrx_word' id='word_1_199' title='bbox 189 2651 294 2702; x_wconf 89' lang='lat' dir='ltr'><strong>matur.</strong></span> <span class='ocrx_word' id='word_1_200' title='bbox 326 2643 413 2701; x_wconf 89' lang='lat' dir='ltr'><strong>tertio</strong></span> <span class='ocrx_word' id='word_1_201' title='bbox 433 2641 468 2702; x_wconf 94' lang='lat' dir='ltr'><strong>de</strong></span> <span class='ocrx_word' id='word_1_202' title='bbox 488 2640 590 2720; x_wconf 90' lang='lat' dir='ltr'><strong>logica,</strong></span> <span class='ocrx_word' id='word_1_203' title='bbox 609 2658 683 2718; x_wconf 87' lang='lat' dir='ltr'><strong>quae</strong></span> <span class='ocrx_word' id='word_1_204' title='bbox 703 2638 856 2700; x_wconf 89' lang='lat' dir='ltr'><strong>dialectica</strong></span> <span class='ocrx_word' id='word_1_205' title='bbox 876 2647 1079 2718; x_wconf 89' lang='lat' dir='ltr'><strong>nuncupatur:</strong></span> <span class='ocrx_word' id='word_1_206' title='bbox 1097 2638 1180 2720; x_wconf 92' lang='lat' dir='ltr'><strong>haec,</strong></span> <span class='ocrx_word' id='word_1_207' title='bbox 1199 2649 1342 2719; x_wconf 91' lang='lat' dir='ltr'><strong>qnantum</strong></span> <span class='ocrx_word' id='word_1_208' title='bbox 1361 2643 1494 2720; x_wconf 84' lang='lat' dir='ltr'><strong>magistri</strong></span> 
     </span>
    </p>
   </div>
   <div class='ocr_carea' id='block_1_5' title="bbox 150 2738 1494 3360">
    <p class='ocr_par' dir='ltr' id='par_1_5' title="bbox 150 2738 1494 3360">
     <span class='ocr_line' id='line_1_23' title="bbox 190 2738 1494 2829; baseline -0.002 -20"><span class='ocrx_word' id='word_1_209' title='bbox 190 2748 356 2809; x_wconf 87' lang='lat' dir='ltr'><strong>saeculares</strong></span> <span class='ocrx_word' id='word_1_210' title='bbox 367 2738 491 2829; x_wconf 90' lang='lat' dir='ltr'><strong>dicunt,</strong></span> <span class='ocrx_word' id='word_1_211' title='bbox 510 2743 759 2826; x_wconf 82' lang='lat' dir='ltr'><strong>disputationibus</strong></span> <span class='ocrx_word' id='word_1_212' title='bbox 778 2744 980 2806; x_wconf 88' lang='lat' dir='ltr'><strong>subtilissimis</strong></span> <span class='ocrx_word' id='word_1_213' title='bbox 998 2765 1032 2807; x_wconf 88' lang='lat' dir='ltr'><strong>ac</strong></span> <span class='ocrx_word' id='word_1_214' title='bbox 1051 2745 1191 2807; x_wconf 86' lang='lat' dir='ltr'><strong>brevibus</strong></span> <span class='ocrx_word' id='word_1_215' title='bbox 1209 2764 1277 2807; x_wconf 87' lang='lat' dir='ltr'><strong>vera</strong></span> <span class='ocrx_word' id='word_1_216' title='bbox 1297 2756 1494 2826; x_wconf 90' lang='lat' dir='ltr'><strong>sequestrata</strong></span> 
     </span>
     <span class='ocr_line' id='line_1_24' title="bbox 189 2852 1493 2936; baseline 0.001 -22"><span class='ocrx_word' id='word_1_217' title='bbox 189 2855 278 2918; x_wconf 84' lang='lat' dir='ltr'><strong>salsis.</strong></span> <span class='ocrx_word' id='word_1_218' title='bbox 316 2863 421 2934; x_wconf 88' lang='lat' dir='ltr'><strong>quarto</strong></span> <span class='ocrx_word' id='word_1_219' title='bbox 450 2854 485 2914; x_wconf 92' lang='lat' dir='ltr'><strong>de</strong></span> <span class='ocrx_word' id='word_1_220' title='bbox 510 2852 729 2932; x_wconf 89' lang='lat' dir='ltr'><strong>mathematica,</strong></span> <span class='ocrx_word' id='word_1_221' title='bbox 758 2870 832 2932; x_wconf 94' lang='lat' dir='ltr'><strong>quae</strong></span> <span class='ocrx_word' id='word_1_222' title='bbox 857 2860 997 2931; x_wconf 89' lang='lat' dir='ltr'><strong>quattuor</strong></span> <span class='ocrx_word' id='word_1_223' title='bbox 1021 2852 1228 2932; x_wconf 88' lang='lat' dir='ltr'><strong>complectitur</strong></span> <span class='ocrx_word' id='word_1_224' title='bbox 1252 2853 1436 2936; x_wconf 85' lang='lat' dir='ltr'><strong>disprlinas,</strong></span> <span class='ocrx_word' id='word_1_225' title='bbox 1464 2855 1493 2915; x_wconf 93' lang='lat' dir='ltr'><strong>id</strong></span> 
     </span>
     <span class='ocr_line' id='line_1_25' title="bbox 188 2960 1494 3041; baseline -0.001 -18"><span class='ocrx_word' id='word_1_226' title='bbox 188 2971 234 3023; x_wconf 92' lang='lat' dir='ltr'><strong>est</strong></span> <span class='ocrx_word' id='word_1_227' title='bbox 257 2963 473 3023; x_wconf 90' lang='lat' dir='ltr'><strong>arithmeticam</strong></span> <span class='ocrx_word' id='word_1_228' title='bbox 496 2961 706 3040; x_wconf 83' lang='lat' dir='ltr'><strong>geometricam</strong></span> <span class='ocrx_word' id='word_1_229' title='bbox 729 2960 872 3020; x_wconf 90' lang='lat' dir='ltr'><strong>musicam</strong></span> <span class='ocrx_word' id='word_1_230' title='bbox 896 2968 926 3018; x_wconf 91' lang='lat' dir='ltr'><strong>et</strong></span> <span class='ocrx_word' id='word_1_231' title='bbox 949 2962 1171 3041; x_wconf 87' lang='lat' dir='ltr'><strong>astronomiam,</strong></span> <span class='ocrx_word' id='word_1_232' title='bbox 1199 2978 1288 3039; x_wconf 90' lang='lat' dir='ltr'><strong>quam</strong></span> <span class='ocrx_word' id='word_1_233' title='bbox 1311 2960 1494 3023; x_wconf 90' lang='lat' dir='ltr'><strong>mathemati·</strong></span> 
     </span>
     <span class='ocr_line' id='line_1_26' title="bbox 188 3065 1494 3146; baseline -0.001 -17"><span class='ocrx_word' id='word_1_234' title='bbox 188 3087 251 3129; x_wconf 92' lang='lat' dir='ltr'><strong>cam</strong></span> <span class='ocrx_word' id='word_1_235' title='bbox 282 3068 371 3130; x_wconf 90' lang='lat' dir='ltr'><strong>latino</strong></span> <span class='ocrx_word' id='word_1_236' title='bbox 402 3086 539 3128; x_wconf 91' lang='lat' dir='ltr'><strong>sermone</strong></span> <span class='ocrx_word' id='word_1_237' title='bbox 571 3065 764 3128; x_wconf 90' lang='lat' dir='ltr'><strong>doctrinalem</strong></span> <span class='ocrx_word' id='word_1_238' title='bbox 793 3084 954 3146; x_wconf 89' lang='lat' dir='ltr'><strong>possumus</strong></span> <span class='ocrx_word' id='word_1_239' title='bbox 985 3065 1140 3145; x_wconf 88' lang='lat' dir='ltr'><strong>appellare.</strong></span> <span class='ocrx_word' id='word_1_240' title='bbox 1184 3084 1243 3145; x_wconf 90' lang='lat' dir='ltr'><strong>quo</strong></span> <span class='ocrx_word' id='word_1_241' title='bbox 1275 3069 1393 3126; x_wconf 93' lang='lat' dir='ltr'><strong>nomine</strong></span> <span class='ocrx_word' id='word_1_242' title='bbox 1424 3067 1494 3129; x_wconf 89' lang='lat' dir='ltr'><strong>licet</strong></span> 
     </span>
     <span class='ocr_line' id='line_1_27' title="bbox 150 3171 1492 3253; baseline 0 -19"><span class='ocrx_word' id='word_1_243' title='bbox 150 3187 175 3226; x_wconf 74' lang='lat'><strong>²5</strong></span> <span class='ocrx_word' id='word_1_244' title='bbox 190 3176 288 3235; x_wconf 91' lang='lat' dir='ltr'><strong>omnia</strong></span> <span class='ocrx_word' id='word_1_245' title='bbox 316 3173 489 3234; x_wconf 88' lang='lat' dir='ltr'><strong>doctrinalia</strong></span> <span class='ocrx_word' id='word_1_246' title='bbox 517 3174 616 3234; x_wconf 89' lang='lat' dir='ltr'><strong>dicere</strong></span> <span class='ocrx_word' id='word_1_247' title='bbox 645 3171 807 3249; x_wconf 86' lang='lat' dir='ltr'><strong>valeamus,</strong></span> <span class='ocrx_word' id='word_1_248' title='bbox 835 3189 1040 3251; x_wconf 90' lang='lat' dir='ltr'><strong>quaecumque</strong></span> <span class='ocrx_word' id='word_1_249' title='bbox 1068 3171 1189 3253; x_wconf 85' lang='lat' dir='ltr'><strong>docent,</strong></span> <span class='ocrx_word' id='word_1_250' title='bbox 1216 3171 1289 3232; x_wconf 91' lang='lat' dir='ltr'><strong>haec</strong></span> <span class='ocrx_word' id='word_1_251' title='bbox 1313 3171 1369 3232; x_wconf 92' lang='lat' dir='ltr'><strong>sibi</strong></span> <span class='ocrx_word' id='word_1_252' title='bbox 1393 3181 1492 3234; x_wconf 90' lang='lat' dir='ltr'><strong>tamen</strong></span> 
     </span>
     <span class='ocr_line' id='line_1_28' title="bbox 188 3276 1491 3360; baseline -0.002 -19"><span class='ocrx_word' id='word_1_253' title='bbox 188 3299 344 3341; x_wconf 88' lang='lat' dir='ltr'><strong>commune</strong></span> <span class='ocrx_word' id='word_1_254' title='bbox 363 3280 537 3342; x_wconf 87' lang='lat' dir='ltr'><strong>vocabulum</strong></span> <span class='ocrx_word' id='word_1_255' title='bbox 556 3286 679 3360; x_wconf 87' lang='lat' dir='ltr'><strong>propter</strong></span> <span class='ocrx_word' id='word_1_256' title='bbox 698 3295 782 3339; x_wconf 90' lang='lat' dir='ltr'><strong>suam</strong></span> <span class='ocrx_word' id='word_1_257' title='bbox 800 3276 1004 3339; x_wconf 82' lang='lat' dir='ltr'><strong>excedentiam</strong></span> <span class='ocrx_word' id='word_1_258' title='bbox 1023 3281 1143 3358; x_wconf 89' lang='lat' dir='ltr'><strong>proprie</strong></span> <span class='ocrx_word' id='word_1_259' title='bbox 1162 3278 1331 3358; x_wconf 83' lang='lat' dir='ltr'><strong>vindicavit,</strong></span> <span class='ocrx_word' id='word_1_260' title='bbox 1354 3286 1388 3338; x_wconf 92' lang='lat' dir='ltr'><strong>ut</strong></span> <span class='ocrx_word' id='word_1_261' title='bbox 1404 3287 1491 3357; x_wconf 90' lang='lat' dir='ltr'><strong>poeta</strong></span> 
     </span>
    </p>
   </div>
   <div class='ocr_carea' id='block_1_6' title="bbox 186 3447 1493 3768">
    <p class='ocr_par' dir='ltr' id='par_1_6' title="bbox 186 3447 1493 3768">
     <span class='ocr_line' id='line_1_29' title="bbox 260 3447 1492 3519; baseline -0.002 -13"><span class='ocrx_word' id='word_1_262' title='bbox 260 3451 456 3506; x_wconf 82' lang='lat' dir='ltr'><strong>lincideretB</strong></span> <span class='ocrx_word' id='word_1_263' title='bbox 493 3449 668 3519; x_wconf 68' lang='lat' dir='ltr'><strong>ascripsisse</strong></span> <span class='ocrx_word' id='word_1_264' title='bbox 677 3448 735 3502; x_wconf 91' lang='lat' dir='ltr'><strong>BD</strong></span> <span class='ocrx_word' id='word_1_265' title='bbox 745 3447 941 3518; x_wconf 80' lang='lat' dir='ltr'><strong>conscripsisse</strong></span> <span class='ocrx_word' id='word_1_266' title='bbox 952 3448 996 3507; x_wconf 77' lang='lat' dir='ltr'><strong>Os</strong></span> <span class='ocrx_word' id='word_1_267' title='bbox 1037 3449 1231 3505; x_wconf 81' lang='lat' dir='ltr'><strong>tlforleselB</strong></span> <span class='ocrx_word' id='word_1_268' title='bbox 1273 3448 1492 3509; x_wconf 72' lang='lat' dir='ltr'><strong>5abecindnnts</strong></span> 
     </span>
     <span class='ocr_line' id='line_1_30' title="bbox 261 3529 1493 3602; baseline -0.001 -16"><span class='ocrx_word' id='word_1_269' title='bbox 261 3535 301 3586; x_wconf 83' lang='lat' dir='ltr'><strong>In</strong></span> <span class='ocrx_word' id='word_1_270' title='bbox 324 3535 456 3602; x_wconf 77' lang='lat' dir='ltr'><strong>excerptis</strong></span> <span class='ocrx_word' id='word_1_271' title='bbox 483 3534 549 3587; x_wconf 80' lang='lat' dir='ltr'><strong>libri</strong></span> <span class='ocrx_word' id='word_1_272' title='bbox 571 3531 684 3586; x_wconf 79' lang='lat' dir='ltr'><strong>secundi</strong></span> <span class='ocrx_word' id='word_1_273' title='bbox 711 3530 867 3598; x_wconf 72' lang='lat' dir='ltr'><strong>adscriptae</strong></span> <span class='ocrx_word' id='word_1_274' title='bbox 893 3534 957 3583; x_wconf 78' lang='lat' dir='ltr'><strong>sunl</strong></span> <span class='ocrx_word' id='word_1_275' title='bbox 986 3530 1109 3585; x_wconf 75' lang='lat' dir='ltr'><strong>lectiones</strong></span> <span class='ocrx_word' id='word_1_276' title='bbox 1136 3530 1236 3584; x_wconf 82' lang='lat' dir='ltr'><strong>codicis</strong></span> <span class='ocrx_word' id='word_1_277' title='bbox 1260 3529 1493 3599; x_wconf 77' lang='lat' dir='ltr'><strong>Wirceburpeneia</strong></span> 
     </span>
     <span class='ocr_line' id='line_1_31' title="bbox 187 3609 1491 3680; baseline -0.002 -13"><span class='ocrx_word' id='word_1_278' title='bbox 187 3614 235 3679; x_wconf 67' lang='lat'><strong>[5</strong></span> <span class='ocrx_word' id='word_1_279' title='bbox 258 3615 310 3680; x_wconf 93' lang='lat' dir='ltr'><strong>(A)</strong></span> <span class='ocrx_word' id='word_1_280' title='bbox 337 3629 398 3667; x_wconf 74' lang='lat' dir='ltr'><strong>nrm</strong></span> <span class='ocrx_word' id='word_1_281' title='bbox 425 3611 658 3666; x_wconf 63' lang='lat' dir='ltr'><strong>coronationibus</strong></span> <span class='ocrx_word' id='word_1_282' title='bbox 684 3610 780 3664; x_wconf 79' lang='lat' dir='ltr'><strong>celeria</strong></span> <span class='ocrx_word' id='word_1_283' title='bbox 808 3611 967 3664; x_wconf 81' lang='lat' dir='ltr'><strong>correctoris</strong></span> <span class='ocrx_word' id='word_1_284' title='bbox 988 3613 1031 3676; x_wconf 85' lang='lat' dir='ltr'><strong>(a)</strong></span> <span class='ocrx_word' id='word_1_285' title='bbox 1052 3614 1078 3664; x_wconf 81' lang='lat' dir='ltr'><strong>et</strong></span> <span class='ocrx_word' id='word_1_286' title='bbox 1099 3610 1223 3663; x_wconf 79' lang='lat' dir='ltr'><strong>lectiones</strong></span> <span class='ocrx_word' id='word_1_287' title='bbox 1247 3610 1349 3663; x_wconf 84' lang='lat' dir='ltr'><strong>codicis</strong></span> <span class='ocrx_word' id='word_1_288' title='bbox 1372 3609 1491 3679; x_wconf 73' lang='lat' dir='ltr'><strong>Souper-</strong></span> 
     </span>
     <span class='ocr_line' id='line_1_32' title="bbox 186 3686 1492 3768; baseline -0.002 -12"><span class='ocrx_word' id='word_1_289' title='bbox 186 3702 323 3755; x_wconf 68' lang='lat' dir='ltr'><strong>manensn</strong></span> <span class='ocrx_word' id='word_1_290' title='bbox 346 3706 404 3756; x_wconf 77' lang='lat' dir='ltr'><strong>aee</strong></span> <span class='ocrx_word' id='word_1_291' title='bbox 427 3700 472 3768; x_wconf 75' lang='lat' dir='ltr'><strong>(s)</strong></span> <span class='ocrx_word' id='word_1_292' title='bbox 555 3697 771 3754; x_wconf 74' lang='lat' dir='ltr'><strong>cessionem</strong></span> <span class='ocrx_word' id='word_1_293' title='bbox 793 3695 997 3753; x_wconf 80' lang='lat' dir='ltr'><strong>suunrcnrs</strong></span> <span class='ocrx_word' id='word_1_294' title='bbox 1020 3697 1286 3753; x_wconf 78' lang='lat' dir='ltr'><strong>merirurronn</strong></span> <span class='ocrx_word' id='word_1_295' title='bbox 1309 3686 1492 3753; x_wconf 71' lang='lat' dir='ltr'><strong>prumano</strong></span> 
     </span>
    </p>
   </div>
   <div class='ocr_carea' id='block_1_7' title="bbox 164 3776 1492 4898">
    <p class='ocr_par' dir='ltr' id='par_1_7' title="bbox 164 3776 1492 4736">
     <span class='ocr_line' id='line_1_33' title="bbox 187 3776 1491 3844; baseline -0.001 -1"><span class='ocrx_word' id='word_1_296' title='bbox 187 3777 350 3844; x_wconf 73' lang='lat' dir='ltr'><strong>urrunnu</strong></span> <span class='ocrx_word' id='word_1_297' title='bbox 370 3789 465 3843; x_wconf 75' lang='lat' dir='ltr'><strong>nnec</strong></span> <span class='ocrx_word' id='word_1_298' title='bbox 492 3789 601 3842; x_wconf 83' lang='lat' dir='ltr'><strong>cinna</strong></span> <span class='ocrx_word' id='word_1_299' title='bbox 625 3786 762 3842; x_wconf 80' lang='lat' dir='ltr'><strong>PRIMVS</strong></span> <span class='ocrx_word' id='word_1_300' title='bbox 789 3785 887 3841; x_wconf 79' lang='lat' dir='ltr'><strong>utcu&gt;</strong></span> <span class='ocrx_word' id='word_1_301' title='bbox 912 3787 1043 3842; x_wconf 79' lang='lat' dir='ltr'><strong>crusna</strong></span> <span class='ocrx_word' id='word_1_302' title='bbox 1070 3786 1305 3842; x_wconf 78' lang='lat' dir='ltr'><strong>SEOULARIUM</strong></span> <span class='ocrx_word' id='word_1_303' title='bbox 1330 3776 1491 3842; x_wconf 67' lang='lat' dir='ltr'><strong>clarano</strong></span> 
     </span>
     <span class='ocr_line' id='line_1_34' title="bbox 186 3867 1491 3938; baseline -0.002 -14"><span class='ocrx_word' id='word_1_304' title='bbox 186 3869 294 3924; x_wconf 81' lang='lat' dir='ltr'><strong>LIBER</strong></span> <span class='ocrx_word' id='word_1_305' title='bbox 313 3869 502 3925; x_wconf 82' lang='lat' dir='ltr'>SECUNDUS</span> <span class='ocrx_word' id='word_1_306' title='bbox 521 3868 594 3923; x_wconf 88' lang='lat' dir='ltr'><strong>DEO</strong></span> <span class='ocrx_word' id='word_1_307' title='bbox 613 3868 771 3923; x_wconf 80' lang='lat' dir='ltr'><strong>GRATIAS</strong></span> <span class='ocrx_word' id='word_1_308' title='bbox 789 3867 909 3937; x_wconf 81' lang='lat' dir='ltr'><strong>presolio</strong></span> <span class='ocrx_word' id='word_1_309' title='bbox 923 3868 989 3923; x_wconf 88' lang='lat' dir='ltr'><strong>libri</strong></span> <span class='ocrx_word' id='word_1_310' title='bbox 1002 3869 1028 3923; x_wconf 89' lang='lat' dir='ltr'><strong>ll</strong></span> <span class='ocrx_word' id='word_1_311' title='bbox 1045 3868 1082 3936; x_wconf 88' lang='lat' dir='ltr'><strong>B,</strong></span> <span class='ocrx_word' id='word_1_312' title='bbox 1100 3870 1199 3938; x_wconf 80' lang='lat' dir='ltr'><strong>inquo</strong></span> <span class='ocrx_word' id='word_1_313' title='bbox 1213 3869 1337 3937; x_wconf 52' lang='lat' dir='ltr'><strong>pomino</strong></span> <span class='ocrx_word' id='word_1_314' title='bbox 1350 3869 1491 3937; x_wconf 80' lang='lat' dir='ltr'><strong>praefatio</strong></span> 
     </span>
     <span class='ocr_line' id='line_1_35' title="bbox 185 3948 1490 4018; baseline -0.002 -15"><span class='ocrx_word' id='word_1_315' title='bbox 185 3951 237 4003; x_wconf 84' lang='lat' dir='ltr'><strong>illa</strong></span> <span class='ocrx_word' id='word_1_316' title='bbox 250 3967 331 4018; x_wconf 82' lang='lat' dir='ltr'><strong>quom</strong></span> <span class='ocrx_word' id='word_1_317' title='bbox 345 3950 420 4014; x_wconf 77' lang='lat' dir='ltr'><strong>dedii</strong></span> <span class='ocrx_word' id='word_1_318' title='bbox 434 3951 563 4005; x_wconf 82' lang='lat' dir='ltr'><strong>Goretiua</strong></span> <span class='ocrx_word' id='word_1_319' title='bbox 578 3954 677 4018; x_wconf 64' lang='lat'><strong><em>1252&amp;</em></strong></span> <span class='ocrx_word' id='word_1_320' title='bbox 689 3950 794 4017; x_wconf 75' lang='lat' dir='ltr'><strong>canpto</strong></span> <span class='ocrx_word' id='word_1_321' title='bbox 807 3953 857 4016; x_wconf 81' lang='lat' dir='ltr'><strong>est,</strong></span> <span class='ocrx_word' id='word_1_322' title='bbox 876 3950 948 4003; x_wconf 77' lang='lat' dir='ltr'><strong>rieul</strong></span> <span class='ocrx_word' id='word_1_323' title='bbox 960 3950 1095 4004; x_wconf 76' lang='lat' dir='ltr'><strong>indicavit</strong></span> <span class='ocrx_word' id='word_1_324' title='bbox 1111 3950 1246 4014; x_wconf 65' lang='lat' dir='ltr'><strong>Haedus,</strong></span> <span class='ocrx_word' id='word_1_325' title='bbox 1264 3948 1362 4002; x_wconf 63' lang='lat' dir='ltr'><strong>ddnde</strong></span> <span class='ocrx_word' id='word_1_326' title='bbox 1374 3963 1490 4016; x_wconf 74' lang='lat' dir='ltr'><strong>sequen·</strong></span> 
     </span>
     <span class='ocr_line' id='line_1_36' title="bbox 186 4027 1492 4098; baseline -0.002 -14"><span class='ocrx_word' id='word_1_327' title='bbox 186 4035 233 4084; x_wconf 81' lang='lat' dir='ltr'><strong>tur</strong></span> <span class='ocrx_word' id='word_1_328' title='bbox 250 4031 327 4096; x_wconf 78' lang='lat' dir='ltr'><strong>haec,</strong></span> <span class='ocrx_word' id='word_1_329' title='bbox 346 4029 377 4082; x_wconf 92' lang='lat' dir='ltr'><strong>In</strong></span> <span class='ocrx_word' id='word_1_330' title='bbox 396 4046 451 4097; x_wconf 90' lang='lat' dir='ltr'><strong>quo</strong></span> <span class='ocrx_word' id='word_1_331' title='bbox 469 4029 542 4083; x_wconf 91' lang='lat' dir='ltr'><strong>libro</strong></span> <span class='ocrx_word' id='word_1_332' title='bbox 561 4027 683 4096; x_wconf 88' lang='lat' dir='ltr'><strong>primum</strong></span> <span class='ocrx_word' id='word_1_333' title='bbox 701 4028 781 4083; x_wconf 85' lang='lat' dir='ltr'><strong>nobie</strong></span> <span class='ocrx_word' id='word_1_334' title='bbox 799 4028 948 4083; x_wconf 88' lang='lat' dir='ltr'><strong>dicendum</strong></span> <span class='ocrx_word' id='word_1_335' title='bbox 966 4032 1009 4084; x_wconf 82' lang='lat' dir='ltr'><strong>eol</strong></span> <span class='ocrx_word' id='word_1_336' title='bbox 1027 4029 1136 4084; x_wconf 78' lang='lat' dir='ltr'><strong>doario</strong></span> <span class='ocrx_word' id='word_1_337' title='bbox 1154 4027 1341 4098; x_wconf 79' lang='lat' dir='ltr'><strong>grammatica</strong></span> <span class='ocrx_word' id='word_1_338' title='bbox 1359 4044 1431 4096; x_wconf 84' lang='lat' dir='ltr'><strong>quae</strong></span> <span class='ocrx_word' id='word_1_339' title='bbox 1448 4030 1492 4081; x_wconf 79' lang='lat' dir='ltr'><strong>esi</strong></span> 
     </span>
     <span class='ocr_line' id='line_1_37' title="bbox 186 4105 1490 4177; baseline -0.002 -14"><span class='ocrx_word' id='word_1_340' title='bbox 186 4109 319 4163; x_wconf 79' lang='lat' dir='ltr'><strong>uidelicet</strong></span> <span class='ocrx_word' id='word_1_341' title='bbox 336 4125 390 4177; x_wconf 80' lang='lat' dir='ltr'><strong>sqq.</strong></span> <span class='ocrx_word' id='word_1_342' title='bbox 415 4108 463 4161; x_wconf 86' lang='lat' dir='ltr'><strong>DE</strong></span> <span class='ocrx_word' id='word_1_343' title='bbox 482 4105 727 4162; x_wconf 84' lang='lat' dir='ltr'><strong><em>GRAMMATICA</em></strong></span> <span class='ocrx_word' id='word_1_344' title='bbox 746 4106 891 4161; x_wconf 81' lang='lat' dir='ltr'><strong>ARTE-S.</strong></span> <span class='ocrx_word' id='word_1_345' title='bbox 920 4107 1065 4176; x_wconf 69' lang='lat' dir='ltr'><strong>inscriptio</strong></span> <span class='ocrx_word' id='word_1_346' title='bbox 1083 4109 1183 4162; x_wconf 80' lang='lat' dir='ltr'><strong>ornisea</strong></span> <span class='ocrx_word' id='word_1_347' title='bbox 1200 4113 1239 4162; x_wconf 79' lang='lat' dir='ltr'><strong>eal</strong></span> <span class='ocrx_word' id='word_1_348' title='bbox 1256 4109 1290 4162; x_wconf 80' lang='lat' dir='ltr'><strong>in</strong></span> <span class='ocrx_word' id='word_1_349' title='bbox 1307 4107 1335 4160; x_wconf 90' lang='lat' dir='ltr'><strong><em>A</em></strong></span> <span class='ocrx_word' id='word_1_350' title='bbox 1407 4112 1423 4159; x_wconf 83' lang='lat'>9</span> <span class='ocrx_word' id='word_1_351' title='bbox 1442 4121 1490 4160; x_wconf 87' lang='lat' dir='ltr'><strong>ne-</strong></span> 
     </span>
     <span class='ocr_line' id='line_1_38' title="bbox 164 4183 1490 4256; baseline -0.003 -13"><span class='ocrx_word' id='word_1_352' title='bbox 164 4192 261 4243; x_wconf 82' lang='lat' dir='ltr'><strong>&#39;cesse</strong></span> <span class='ocrx_word' id='word_1_353' title='bbox 281 4206 330 4242; x_wconf 90' lang='lat' dir='ltr'><strong>nos</strong></span> <span class='ocrx_word' id='word_1_354' title='bbox 350 4190 392 4242; x_wconf 82' lang='lat' dir='ltr'><strong>est</strong></span> <span class='ocrx_word' id='word_1_355' title='bbox 410 4186 583 4241; x_wconf 73' lang='lat' dir='ltr'><strong>inchoares</strong></span> <span class='ocrx_word' id='word_1_356' title='bbox 665 4192 696 4239; x_wconf 90' lang='lat'><strong>11</strong></span> <span class='ocrx_word' id='word_1_357' title='bbox 716 4186 889 4256; x_wconf 82' lang='lat' dir='ltr'><strong>liberalium]</strong></span> <span class='ocrx_word' id='word_1_358' title='bbox 908 4185 1071 4241; x_wconf 80' lang='lat' dir='ltr'><strong>liberarium</strong></span> <span class='ocrx_word' id='word_1_359' title='bbox 1088 4187 1116 4240; x_wconf 97' lang='lat' dir='ltr'><strong><em>A</em></strong></span> <span class='ocrx_word' id='word_1_360' title='bbox 1200 4191 1232 4240; x_wconf 81' lang='lat'><strong>12</strong></span> <span class='ocrx_word' id='word_1_361' title='bbox 1251 4185 1375 4255; x_wconf 79' lang='lat' dir='ltr'><strong>copiam]</strong></span> <span class='ocrx_word' id='word_1_362' title='bbox 1391 4183 1490 4239; x_wconf 88' lang='lat' dir='ltr'><strong>inuen-</strong></span> 
     </span>
     <span class='ocr_line' id='line_1_39' title="bbox 185 4264 1490 4341; baseline -0.004 -18"><span class='ocrx_word' id='word_1_363' title='bbox 185 4268 290 4324; x_wconf 79' lang='lat' dir='ltr'><strong>tionem</strong></span> <span class='ocrx_word' id='word_1_364' title='bbox 309 4268 336 4320; x_wconf 93' lang='lat' dir='ltr'><em>B</em></span> <span class='ocrx_word' id='word_1_365' title='bbox 410 4273 442 4320; x_wconf 87' lang='lat'><strong>13</strong></span> <span class='ocrx_word' id='word_1_366' title='bbox 462 4265 652 4320; x_wconf 80' lang='lat' dir='ltr'><strong>discribebent</strong></span> <span class='ocrx_word' id='word_1_367' title='bbox 670 4267 697 4319; x_wconf 93' lang='lat' dir='ltr'><strong><em>A</em></strong></span> <span class='ocrx_word' id='word_1_368' title='bbox 716 4264 911 4320; x_wconf 80' lang='lat' dir='ltr'><strong>describebant</strong></span> <span class='ocrx_word' id='word_1_369' title='bbox 928 4265 1050 4336; x_wconf 88' lang='lat' dir='ltr'><strong>Ideoque</strong></span> <span class='ocrx_word' id='word_1_370' title='bbox 1068 4265 1183 4341; x_wconf 73' lang='lat' dir='ltr'><strong>licentia</strong></span> <span class='ocrx_word' id='word_1_371' title='bbox 1200 4266 1243 4318; x_wconf 80' lang='lat' dir='ltr'><strong>est</strong></span> <span class='ocrx_word' id='word_1_372' title='bbox 1256 4281 1329 4318; x_wconf 87' lang='lat' dir='ltr'><strong>nune</strong></span> <span class='ocrx_word' id='word_1_373' title='bbox 1344 4266 1372 4318; x_wconf 82' lang='lat' dir='ltr'><strong>ei</strong></span> <span class='ocrx_word' id='word_1_374' title='bbox 1390 4264 1490 4319; x_wconf 82' lang='lat' dir='ltr'><strong>breues</strong></span> 
     </span>
     <span class='ocr_line' id='line_1_40' title="bbox 185 4341 1489 4418; baseline -0.005 -16"><span class='ocrx_word' id='word_1_375' title='bbox 185 4347 270 4402; x_wconf 89' lang='lat' dir='ltr'><strong>libros</strong></span> <span class='ocrx_word' id='word_1_376' title='bbox 295 4347 387 4402; x_wconf 82' lang='lat' dir='ltr'><strong>lacere</strong></span> <span class='ocrx_word' id='word_1_377' title='bbox 411 4350 440 4402; x_wconf 86' lang='lat' dir='ltr'><strong>et</strong></span> <span class='ocrx_word' id='word_1_378' title='bbox 462 4347 626 4418; x_wconf 84' lang='lat' dir='ltr'><strong>prolixiores</strong></span> <span class='ocrx_word' id='word_1_379' title='bbox 649 4346 811 4413; x_wconf 78' lang='lat' dir='ltr'><strong>erbendere3</strong></span> <span class='ocrx_word' id='word_1_380' title='bbox 837 4345 971 4415; x_wconf 82' lang='lat' dir='ltr'><strong>quoniam</strong></span> <span class='ocrx_word' id='word_1_381' title='bbox 996 4345 1069 4400; x_wconf 86' lang='lat' dir='ltr'><strong>sicut</strong></span> <span class='ocrx_word' id='word_1_382' title='bbox 1093 4345 1186 4399; x_wconf 84' lang='lat' dir='ltr'><strong>corbex</strong></span> <span class='ocrx_word' id='word_1_383' title='bbox 1214 4344 1243 4396; x_wconf 81' lang='lat' dir='ltr'><strong>ei</strong></span> <span class='ocrx_word' id='word_1_384' title='bbox 1266 4341 1390 4411; x_wconf 81' lang='lat' dir='ltr'><strong>virgulta</strong></span> <span class='ocrx_word' id='word_1_385' title='bbox 1415 4359 1489 4397; x_wconf 89' lang='lat' dir='ltr'><strong>com·</strong></span> 
     </span>
     <span class='ocr_line' id='line_1_41' title="bbox 184 4421 1489 4499; baseline -0.003 -17"><span class='ocrx_word' id='word_1_386' title='bbox 184 4429 319 4499; x_wconf 80' lang='lat' dir='ltr'><strong>plectitur</strong></span> <span class='ocrx_word' id='word_1_387' title='bbox 333 4433 362 4484; x_wconf 81' lang='lat' dir='ltr'><strong>et</strong></span> <span class='ocrx_word' id='word_1_388' title='bbox 380 4431 475 4482; x_wconf 75' lang='lat' dir='ltr'><strong>ueslm</strong></span> <span class='ocrx_word' id='word_1_389' title='bbox 490 4428 601 4482; x_wconf 86' lang='lat' dir='ltr'><strong>arbores</strong></span> <span class='ocrx_word' id='word_1_390' title='bbox 616 4425 736 4492; x_wconf 84' lang='lat' dir='ltr'><strong>claudit,</strong></span> <span class='ocrx_word' id='word_1_391' title='bbox 753 4424 796 4480; x_wconf 80' lang='lat' dir='ltr'><strong>ila</strong></span> <span class='ocrx_word' id='word_1_392' title='bbox 812 4441 863 4494; x_wconf 91' lang='lat' dir='ltr'><strong>pro</strong></span> <span class='ocrx_word' id='word_1_393' title='bbox 877 4441 971 4479; x_wconf 89' lang='lat' dir='ltr'><strong>rerum</strong></span> <span class='ocrx_word' id='word_1_394' title='bbox 985 4423 1122 4494; x_wconf 83' lang='lat' dir='ltr'><strong>qualitate</strong></span> <span class='ocrx_word' id='word_1_395' title='bbox 1136 4422 1303 4491; x_wconf 83' lang='lat' dir='ltr'><strong>permissum</strong></span> <span class='ocrx_word' id='word_1_396' title='bbox 1318 4425 1361 4477; x_wconf 81' lang='lat' dir='ltr'><strong>est</strong></span> <span class='ocrx_word' id='word_1_397' title='bbox 1375 4421 1489 4478; x_wconf 89' lang='lat' dir='ltr'><strong>modum</strong></span> 
     </span>
     <span class='ocr_line' id='line_1_42' title="bbox 185 4503 1489 4579; baseline -0.006 -14"><span class='ocrx_word' id='word_1_398' title='bbox 185 4510 263 4565; x_wconf 88' lang='lat' dir='ltr'><strong>libris</strong></span> <span class='ocrx_word' id='word_1_399' title='bbox 280 4510 412 4579; x_wconf 85' lang='lat' dir='ltr'><strong>inponere</strong></span> <span class='ocrx_word' id='word_1_400' title='bbox 430 4508 458 4560; x_wconf 90' lang='lat' dir='ltr'><strong><em>B</em></strong></span> <span class='ocrx_word' id='word_1_401' title='bbox 532 4513 564 4560; x_wconf 78' lang='lat'><strong>17</strong></span> <span class='ocrx_word' id='word_1_402' title='bbox 583 4504 727 4560; x_wconf 75' lang='lat' dir='ltr'><strong>doctrinae</strong></span> <span class='ocrx_word' id='word_1_403' title='bbox 741 4520 792 4559; x_wconf 84' lang='lat' dir='ltr'><strong>om.</strong></span> <span class='ocrx_word' id='word_1_404' title='bbox 805 4503 834 4558; x_wconf 89' lang='lat' dir='ltr'><em>B</em></span> <span class='ocrx_word' id='word_1_405' title='bbox 906 4505 996 4559; x_wconf 85' lang='lat' dir='ltr'><strong>bonae</strong></span> <span class='ocrx_word' id='word_1_406' title='bbox 1014 4520 1065 4559; x_wconf 86' lang='lat' dir='ltr'><strong>om.</strong></span> <span class='ocrx_word' id='word_1_407' title='bbox 1083 4503 1112 4558; x_wconf 85' lang='grc' dir='ltr'><strong><em>Β</em></strong></span> <span class='ocrx_word' id='word_1_408' title='bbox 1181 4503 1272 4558; x_wconf 81' lang='lat' dir='ltr'><strong>bonae</strong></span> <span class='ocrx_word' id='word_1_409' title='bbox 1289 4504 1489 4573; x_wconf 67' lang='lat' dir='ltr'><strong>(recuperem.)</strong></span> 
     </span>
     <span class='ocr_line' id='line_1_43' title="bbox 185 4581 1488 4656; baseline -0.004 -12"><span class='ocrx_word' id='word_1_410' title='bbox 185 4589 331 4644; x_wconf 83' lang='lat' dir='ltr'><strong>scientiam</strong></span> <span class='ocrx_word' id='word_1_411' title='bbox 349 4590 377 4642; x_wconf 89' lang='lat' dir='ltr'><strong><em>A</em></strong></span> <span class='ocrx_word' id='word_1_412' title='bbox 448 4585 804 4656; x_wconf 59' lang='lat' dir='ltr'><strong>consummantum</strong></span> <span class='ocrx_word' id='word_1_413' title='bbox 822 4585 850 4638; x_wconf 89' lang='lat' dir='ltr'><strong><em>A</em></strong></span> <span class='ocrx_word' id='word_1_414' title='bbox 873 4593 930 4655; x_wconf 72' lang='lat' dir='ltr'><strong>qne</strong></span> <span class='ocrx_word' id='word_1_415' title='bbox 948 4588 1009 4640; x_wconf 85' lang='lat' dir='ltr'><strong>tum</strong></span> <span class='ocrx_word' id='word_1_416' title='bbox 1028 4601 1046 4638; x_wconf 85' lang='lat' dir='ltr'><strong>o</strong></span> <span class='ocrx_word' id='word_1_417' title='bbox 1118 4589 1151 4637; x_wconf 81' lang='lat'><strong>23</strong></span> <span class='ocrx_word' id='word_1_418' title='bbox 1174 4581 1389 4638; x_wconf 77' lang='lat' dir='ltr'><strong>astronomicam</strong></span> <span class='ocrx_word' id='word_1_419' title='bbox 1408 4584 1488 4652; x_wconf 86' lang='lat' dir='ltr'><strong>(corr.</strong></span> 
     </span>
     <span class='ocr_line' id='line_1_44' title="bbox 185 4661 1417 4736; baseline -0.004 -13"><span class='ocrx_word' id='word_1_420' title='bbox 185 4668 394 4736; x_wconf 79' lang='lat' dir='ltr'><strong>astronomiam)</strong></span> <span class='ocrx_word' id='word_1_421' title='bbox 418 4665 646 4723; x_wconf 78' lang='lat' dir='ltr'><strong>mathematicam</strong></span> <span class='ocrx_word' id='word_1_422' title='bbox 669 4680 736 4719; x_wconf 89' lang='lat' dir='ltr'><strong>uero</strong></span> <span class='ocrx_word' id='word_1_423' title='bbox 758 4664 847 4720; x_wconf 80' lang='lat' dir='ltr'><strong>latino</strong></span> <span class='ocrx_word' id='word_1_424' title='bbox 869 4666 898 4721; x_wconf 88' lang='lat' dir='ltr'><em>B</em></span> <span class='ocrx_word' id='word_1_425' title='bbox 993 4669 1027 4720; x_wconf 77' lang='lat'><strong>25</strong></span> <span class='ocrx_word' id='word_1_426' title='bbox 1050 4663 1204 4734; x_wconf 81' lang='lat' dir='ltr'><strong>valeamus]</strong></span> <span class='ocrx_word' id='word_1_427' title='bbox 1228 4661 1365 4732; x_wconf 82' lang='lat' dir='ltr'><strong>possimus</strong></span> <span class='ocrx_word' id='word_1_428' title='bbox 1388 4663 1417 4718; x_wconf 88' lang='lat' dir='ltr'><em>B</em></span> 
     </span>
    </p>

    <p class='ocr_par' dir='ltr' id='par_1_8' title="bbox 183 4741 1488 4898">
     <span class='ocr_line' id='line_1_45' title="bbox 184 4741 1488 4819; baseline -0.003 -16"><span class='ocrx_word' id='word_1_429' title='bbox 184 4757 218 4805; x_wconf 78' lang='lat'><strong>26</strong></span> <span class='ocrx_word' id='word_1_430' title='bbox 243 4752 281 4804; x_wconf 83' lang='lat' dir='ltr'><strong>ub</strong></span> <span class='ocrx_word' id='word_1_431' title='bbox 304 4751 389 4818; x_wconf 82' lang='lat' dir='ltr'><strong>poete</strong></span> <span class='ocrx_word' id='word_1_432' title='bbox 414 4748 504 4803; x_wconf 82' lang='lat' dir='ltr'><strong>dicbus</strong></span> <span class='ocrx_word' id='word_1_433' title='bbox 533 4748 708 4819; x_wconf 74' lang='lat' dir='ltr'><strong>intellegitur</strong></span> <span class='ocrx_word' id='word_1_434' title='bbox 737 4745 813 4815; x_wconf 79' lang='lat' dir='ltr'><strong>apud</strong></span> <span class='ocrx_word' id='word_1_435' title='bbox 839 4763 935 4817; x_wconf 85' lang='lat' dir='ltr'><strong>grecos</strong></span> <span class='ocrx_word' id='word_1_436' title='bbox 963 4748 1094 4801; x_wconf 87' lang='lat' dir='ltr'><strong>homerus</strong></span> <span class='ocrx_word' id='word_1_437' title='bbox 1123 4743 1198 4814; x_wconf 84' lang='lat' dir='ltr'><strong>epud</strong></span> <span class='ocrx_word' id='word_1_438' title='bbox 1225 4741 1329 4798; x_wconf 74' lang='lat' dir='ltr'><strong>latinos</strong></span> <span class='ocrx_word' id='word_1_439' title='bbox 1353 4742 1488 4814; x_wconf 83' lang='lat' dir='ltr'><strong>uergilius</strong></span> 
     </span>
     <span class='ocr_line' id='line_1_46' title="bbox 183 4823 1486 4898; baseline -0.004 -14"><span class='ocrx_word' id='word_1_440' title='bbox 183 4832 276 4884; x_wconf 77' lang='lat' dir='ltr'><strong>orator</strong></span> <span class='ocrx_word' id='word_1_441' title='bbox 295 4828 456 4884; x_wconf 78' lang='lat' dir='ltr'><strong>enuntiatus</strong></span> <span class='ocrx_word' id='word_1_442' title='bbox 474 4828 549 4898; x_wconf 83' lang='lat' dir='ltr'><strong>apud</strong></span> <span class='ocrx_word' id='word_1_443' title='bbox 567 4843 664 4898; x_wconf 84' lang='lat' dir='ltr'><strong>grecos</strong></span> <span class='ocrx_word' id='word_1_444' title='bbox 683 4825 878 4882; x_wconf 77' lang='lat' dir='ltr'><strong>demosthenes</strong></span> <span class='ocrx_word' id='word_1_445' title='bbox 895 4825 971 4897; x_wconf 83' lang='lat' dir='ltr'><strong>apud</strong></span> <span class='ocrx_word' id='word_1_446' title='bbox 989 4825 1092 4880; x_wconf 78' lang='lat' dir='ltr'><strong>latinos</strong></span> <span class='ocrx_word' id='word_1_447' title='bbox 1106 4823 1196 4880; x_wconf 84' lang='lat' dir='ltr'><strong>cicero</strong></span> <span class='ocrx_word' id='word_1_448' title='bbox 1212 4823 1372 4880; x_wconf 73' lang='lat' dir='ltr'><strong>declaratur</strong></span> <span class='ocrx_word' id='word_1_449' title='bbox 1390 4840 1486 4893; x_wconf 84' lang='lat' dir='ltr'><strong>quom·</strong></span> 
     </span>
    </p>
   </div>
   <div class='ocr_carea' id='block_1_8' title="bbox 0 0 1662 5474">
    <p class='ocr_par' dir='ltr' id='par_1_9' title="bbox 0 0 1662 5474">
     <span class='ocr_line' id='line_1_47' title="bbox 0 0 1662 5474; baseline 0 3"><span class='ocrx_word' id='word_1_450' title='bbox 0 0 1662 5474; x_wconf 95' lang='lat' dir='ltr'><strong> </strong></span> 
     </span>
    </p>
   </div>
  </div>
 </body>
</html>
