3316 5474
200 350 262 416 198
661 415 665 424 ,
740 347 970 406 casalonoeu

199 464 219 500 p.
235 453 288 492 2310
302 453 326 491 P.
1036 458 1040 466 '

199 537 322 598 eandem
348 545 449 596 tenere
475 535 618 617 litteram,
647 546 680 596 ut
704 538 767 596 vivo
791 536 862 610 vixi,
893 534 1047 595 sciendum
1072 535 1150 614 qnod
1174 538 1263 596 etiam
1287 535 1405 596 illamv
1430 535 1505 595 litte·

201 662 262 704 ram
292 643 422 704 vocalem
450 660 504 723 pro
533 651 714 704 consonante
745 641 872 703 habeant
899 645 930 702 in
958 644 1115 722 scriptura.
1159 644 1184 702 si
1212 661 1282 702 vero
1312 645 1507 722 praeteritum

201 769 291 830 supra
315 750 426 811 dictum
455 752 486 809 in
515 748 567 810 bul
596 752 699 810 autin
724 752 749 809 si
773 751 877 810 autin
900 751 946 828 psi
970 747 1094 829 syllabas
1118 749 1246 831 desinat,
1276 768 1330 829 per
1354 749 1371 809 b
1396 759 1507 809 inulam

203 858 266 917 sine
286 855 376 916 dubio
396 855 575 939 scribentur,
591 867 624 918 nt
642 856 770 937 praebeo
790 857 922 939 praebui,
936 856 1024 916 iubeo
1043 859 1126 936 iussi,
1141 856 1238 917 scribo
1253 859 1360 937 scripsi
1379 876 1413 918 ae
1431 856 1507 917 talia.

170 1038 178 1054 ·
290 962 385 1023 Credo
415 965 502 1023 etiam
532 964 568 1024 de
593 963 690 1025 verbis
720 964 794 1023 banc
817 963 950 1042 regulam
974 982 1028 1023 nos
1051 962 1168 1024 dedisse
1197 963 1412 1045 plenissimam,
1440 981 1535 1025 etima

202 1072 345 1149 temporis
368 1072 465 1130 omnis
489 1072 643 1150 praeteriti
665 1072 833 1149 imperiecti
857 1070 989 1131 ultimam
1013 1069 1166 1151 syllabam,
1197 1069 1274 1130 modi
1298 1070 1411 1131 scilicet
1434 1070 1506 1130 indi·

203 1178 303 1255 cativi,
331 1195 385 1255 per
408 1176 427 1236 b
451 1187 579 1258 mutam,
606 1185 640 1238 ut
663 1176 794 1237 amabam
819 1176 983 1252 volvebam,
1007 1187 1038 1237 et
1059 1179 1213 1257 praeteriti
1236 1178 1360 1256 perlecti
1385 1177 1507 1237 eandem

204 1282 336 1344 ultimam
351 1291 382 1343 et
399 1283 682 1364 plusquamperieoti
701 1284 910 1363 paenultimam
930 1301 983 1364 per
999 1303 1014 1343 v
1032 1283 1161 1344 vocalem
1180 1284 1245 1344 loco
1264 1286 1389 1363 positam
1404 1303 1506 1345 conso·

204 1392 315 1470 nantiS,
344 1399 377 1450 nt
399 1390 491 1450 amavi
515 1409 693 1466 amaveram,
721 1391 796 1451 volvi
820 1390 966 1451 volueram
996 1385 1105 1473 (futuri
1129 1409 1248 1470 quoque
1272 1392 1405 1451 eiusdem
1428 1394 1510 1451 modi

204 1499 364 1577 terminus,
393 1499 417 1557 si
445 1499 557 1576 primae
582 1506 611 1558 et
635 1497 782 1559 secundae
806 1499 971 1578 tertiaeque
994 1498 1156 1577 productae
1181 1500 1395 1577 coniugationis
1419 1499 1507 1558 verba
1524 1521 1548 1557 ro

205 1603 328 1684 inerint,
346 1606 401 1682 per
419 1603 438 1663 b
457 1612 568 1664 mutam
587 1603 750 1686 scribetur,
769 1616 803 1665 ut
821 1621 887 1664 amo
906 1604 1023 1684 amabo,
1041 1622 1113 1664 voco
1134 1603 1257 1687 vocabo,
1275 1605 1368 1666 doceo
1387 1605 1510 1686 docebo,

186 1728 311 1791 moneo
340 1710 480 1793 monebo,
507 1714 608 1772 nutrio
639 1711 772 1786 nutribo,
805 1710 892 1772 audio
920 1705 1058 1794 audibo),
1091 1720 1122 1772 et
1150 1712 1330 1774 subiunclivi
1359 1732 1411 1773 scu
1441 1731 1509 1773 con·

205 1819 329 1878 iunctivi
354 1817 471 1877 ultimas
490 1835 544 1897 per
564 1838 580 1876 v
599 1818 728 1879 vocalem
748 1836 802 1897 pro
821 1827 1002 1879 consonante
1022 1818 1112 1879 scribi
1131 1817 1241 1879 debere
1261 1822 1398 1899 antiquos
1422 1819 1509 1880 tradi-

206 1922 285 1983 disse
305 1925 524 2006 cognoscimus,
548 1934 581 1986 ut
603 1927 716 1986 volvam
735 1925 883 1985 volverem
903 1924 1044 1985 voluerim
1064 1925 1219 1985 volvissem
1239 1923 1355 1985 volvero
1377 1945 1411 1987 ae
1435 1926 1511 2006 talia,

207 2048 311 2090 eorum
336 2029 449 2091 scilicet
477 2031 649 2113 verborum,
677 2050 805 2112 quorum
832 2034 926 2111 prima
954 2050 1080 2112 persona
1104 2041 1155 2092 aut
1178 2052 1194 2090 v
1218 2031 1347 2093 vocalem
1374 2031 1512 2094 babuerit
1527 2054 1552 2091 rs

208 2155 263 2216 pro
287 2146 468 2198 consonante
491 2140 521 2198 in
545 2140 646 2201 ultima
669 2139 791 2221 syllaba,
814 2148 847 2199 nt
870 2138 933 2198 levo
953 2140 1051 2220 privo,
1074 2149 1125 2199 ant
1147 2141 1267 2218 penitus
1286 2139 1388 2199 eadem
1412 2139 1510 2200 littera

207 2262 266 2304 non
291 2252 464 2325 apparente,
492 2244 595 2307 eodem
624 2246 688 2306 loco
713 2245 826 2306 scilicet
856 2245 1017 2324 cademque
1041 2263 1181 2327 persona,
1209 2256 1242 2307 ut
1264 2245 1363 2306 habito
1387 2246 1511 2307 hiberno

208 2368 273 2409 amo
296 2350 389 2410 doceo
413 2370 446 2410 ac
470 2350 546 2413 talia.
584 2371 650 2413 nam
671 2371 745 2432 quae
769 2350 920 2411 habebunt
943 2350 961 2410 b
981 2361 1092 2412 mutam
1111 2353 1140 2412 in
1159 2352 1255 2432 prima
1279 2371 1404 2432 persona
1428 2373 1510 2433 prae·

280 2529 293 2576 1
311 2521 510 2590 sciendumque
525 2524 610 2578 etiam
624 2524 703 2578 illam
713 2524 741 2577 Β
756 2523 899 2578 sciendum
909 2523 985 2592 quod
998 2523 1077 2578 illam
1087 2524 1114 2577 A
1129 2524 1327 2594 sciendumque
1342 2527 1385 2580 eet
1399 2525 1477 2578 illam
1493 2524 1516 2579 0

140 2672 143 2676 Ι
245 2600 373 2658 thaberi
386 2601 414 2655 Β
468 2609 484 2656 6
499 2602 656 2672 imperfecti
671 2635 703 2643 —
720 2603 894 2673 ipreeteriti
907 2603 1025 2658 ornato
1078 2605 1267 2677 lvolvebam]
1283 2605 1412 2660 uolebam
1428 2605 1477 2662 ςΒ

210 2680 369 2736 oeiuadem
386 2680 522 2735 terminus
542 2683 590 2740 ςΒ
610 2684 733 2738 eiusdem
752 2684 886 2738 terminos
905 2682 963 2736 AO
1034 2689 1063 2736 11
1090 2684 1176 2752 perb
1200 2686 1306 2737 mutam
1332 2682 1468 2739 scribetur
1486 2686 1513 2738 B

209 2778 258 2831 per
275 2760 294 2814 b
313 2763 421 2814 mutam
440 2762 594 2817 scribentur
613 2764 661 2820 §A
680 2779 730 2833 per
747 2763 766 2817 b
785 2765 891 2817 mutam
909 2761 996 2817 uerba.
1014 2762 1170 2817 scribentur
1190 2762 1213 2817 O
1275 2769 1308 2816 14
1326 2764 1439 2818 volvem
1454 2765 1512 2818 vol·

209 2840 315 2911 vetem]
335 2840 465 2896 uolebam
484 2842 627 2897 nolueram
647 2842 696 2900 ςΒ
714 2843 815 2897 uolebo
833 2843 977 2897 nolueram
995 2843 1054 2897 AG
1122 2840 1283 2912 volvissem]
1304 2842 1426 2896 uoluisse
1443 2843 1471 2895 Β

212 2929 245 2978 16
263 2923 296 2976 ut
313 2922 379 2976 leuo
392 2922 473 2991 prino
486 2925 536 2978 aut
553 2922 664 2992 penitus
679 2923 776 2977 eadem
795 2922 892 2977 littere
910 2922 963 2980 ςΒ
982 2925 1014 2977 ut
1031 2921 1111 2992 priuo
1125 2938 1161 2977 sn
1176 2920 1288 2990 penitus
1302 2921 1418 2976 eandem
1437 2922 1512 2976 litte·

209 2982 316 3056 ram'A
334 3000 422 3070 prino.
442 3019 466 3056 a.
486 3003 598 3072 penitus
617 3003 732 3057 eandem
752 3002 876 3058 litteram
896 3002 920 3056 0
990 3009 1022 3057 l'l
1042 3001 1140 3057 eodem
1159 3000 1267 3056 seilicet
1284 3002 1346 3056 loeo
1364 3002 1423 3056 AO

606 3151 613 3156 -
630 3151 1312 3159 .———--———-——-——..—--
1326 3152 1513 3159 -——--—-

663 3251 844 3307 MARTYRII
862 3252 910 3306 Db]
930 3253 953 3306 B
971 3252 1019 3307 ΕΤ
1039 3251 1063 3306 V

301 3417 396 3478 Credo
420 3420 509 3479 etiam
532 3419 568 3479 de
594 3419 690 3479 vorbis
713 3419 788 3480 lianc
812 3421 945 3499 regulam
968 3420 1085 3482 dedisse
1109 3421 1325 3503 plenissimam,
1350 3440 1418 3482 cum
1444 3431 1514 3481 tenr-

211 3527 293 3606 poris
316 3527 413 3585 omnis
435 3527 588 3604 praeteriti
611 3527 778 3605 imperfecti
808 3526 939 3587 ultimam
964 3527 1104 3606 syllabam
1127 3528 1207 3588 modi
1230 3528 1343 3588 scilicet
1366 3529 1515 3589 indicativi

212 3651 265 3711 per
289 3631 307 3691 b
331 3641 442 3692 rnutam
468 3630 600 3709 [scribi],
624 3639 657 3690 nt
680 3631 812 3691 amabam
831 3631 994 3712 volvebam,
1018 3639 1048 3691 et
1070 3634 1224 3711 praeteriti
1248 3634 1371 3711 perlecti
1392 3635 1514 3693 carvdern

212 3738 343 3798 ultimam
360 3746 389 3796 et
408 3737 690 3816 plusquamperfecti
710 3737 919 3816 paenultimam
937 3756 991 3816 per
1006 3757 1022 3795 v
1037 3738 1167 3798 vocalem
1186 3738 1250 3798 loeo
1270 3743 1396 3818 positam
1411 3759 1513 3801 conso-

212 3844 323 3922 nantis,
352 3852 384 3903 nl
407 3845 498 3903 amavi
522 3860 700 3924 amaveram,
728 3843 802 3903 volvi
826 3841 985 3924 volverem,
1013 3843 1105 3903 futuri
1137 3863 1256 3923 quoque
1280 3847 1413 3907 eiusdem
1437 3848 1541 3906 orodis

212 3951 386 4030 terminum,
410 3951 434 4008 si
454 3951 484 4009 in
504 3948 541 4007 bo
561 3946 689 4029 desinat,
707 3967 761 4027 per
780 3948 799 4008 b
818 3957 943 4028 mittam,
968 3956 1000 4008 ut
1019 3935 1122 4008 amabo
1141 3948 1269 4034 docebo,
1287 3962 1318 4013 et
1336 3953 1515 4013 subiunctivi

212 4075 266 4117 seu
290 4057 470 4115 coniunctivi
494 4055 612 4115 ultimas
636 4055 883 4134 et‘paenultimas
907 4073 960 4134 per
979 4075 995 4114 v
1014 4055 1144 4117 vocalem
1167 4074 1223 4137 pro
1242 4069 1422 4120 consonante
1442 4061 1514 4118 anti-

213 4181 288 4243 quos
311 4161 402 4222 scribi
427 4161 582 4223 tradidisse
602 4164 823 4244 cognoscimus,
846 4173 880 4225 ut
903 4163 1014 4224 volvam
1033 4162 1181 4225 volverem
1201 4165 1341 4227 volverim
1360 4166 1515 4226 volvissem

213 4269 330 4330 volvero
358 4288 392 4330 ac
420 4269 501 4352 talia,
528 4288 632 4330 eorum
656 4269 770 4330 scilicet
797 4270 970 4350 verborum,
998 4289 1125 4349 quorum
1152 4274 1247 4351 prima
1276 4290 1402 4352 persona
1426 4281 1515 4332 autv

215 4362 343 4439 vocalem
376 4377 514 4438 habuerit
545 4395 599 4457 pro
629 4387 809 4439 consonante
839 4380 868 4438 in
897 4378 998 4438 ultima
1027 4377 1148 4458 syllaba,
1175 4389 1214 4440 'ut
1242 4379 1305 4440 levo
1337 4381 1435 4460 privo,
1466 4389 1557 4440 aul10

214 4488 333 4565 penitus
362 4485 464 4545 eadem
493 4485 589 4546 littera
618 4487 648 4546 in
677 4485 780 4547 eodem
808 4487 873 4547 loco
902 4487 1035 4548 eiusdem
1058 4504 1117 4547 non
1147 4487 1277 4566 lulgente
1302 4502 1460 4566 personae,
1484 4495 1517 4546 ut

286 4664 302 4710 2
317 4656 474 4725 imperfecti
488 4673 538 4712 om.
549 4657 588 4724 N,
603 4658 666 4712 odd.
682 4656 710 4711 P
760 4666 776 4711 3
791 4656 874 4713 scribi
888 4674 938 4713 om.
955 4658 983 4711 P
1036 4665 1051 4712 6
1066 4657 1243 4714 terminantis
1257 4657 1287 4712 in
1302 4659 1336 4713 bo
1351 4658 1480 4714 desinant
1494 4659 1521 4712 P

189 4745 197 4755 ·
251 4736 369 4808 docebo]
385 4737 458 4792 dabo
478 4737 506 4792 P
556 4744 709 4806 sonorum
724 4737 815 4806 prime
829 4738 926 4807 Pquo
941 4738 1080 4808 exprime
1096 4737 1130 4791 N
1179 4744 1213 4792 10
1232 4739 1282 4792 aut
1295 4737 1405 4807 penitus
1419 4738 1517 4794 eedem

215 4816 311 4872 littera
328 4815 357 4870 in
376 4814 493 4871 eundem
512 4817 605 4872 locum
625 4817 653 4870 P
668 4833 703 4870 an
722 4817 833 4886 penitus
852 4817 969 4872 eandem
987 4816 1112 4871 litteram
1131 4816 1160 4871 in
1179 4816 1298 4872 eundem
1316 4818 1409 4872 locum
1427 4816 1461 4871 N
