3316 5474
221 377 287 443 302
813 380 937 434 ALBINI

221 491 243 528 p.
257 480 317 520 auos.
332 481 357 521 oo
371 480 397 519 e.

221 565 299 644 qnod
329 575 375 625 est
404 564 559 644 deformis,
587 582 641 643 per
670 563 833 643 simplicem
863 584 893 644 eq
922 564 1040 638 foedus,
1068 563 1147 642 quod
1177 573 1223 624 est
1250 571 1383 644 pactum,
1411 584 1467 644 per
1491 583 1536 633 ‚oe

221 671 427 752 diphthongon
448 669 598 731 scribitur.
628 669 712 730 falso
732 688 840 730 nomen
860 670 978 732 ablativi
997 688 1083 729 casus
1104 680 1134 729 et
1153 669 1275 731 verbum
1296 674 1408 751 primae
1428 675 1535 733 coniu-

220 783 347 861 gationis
366 788 396 839 et
415 778 595 838 adverbium.
634 776 755 855 flagitia
775 796 850 856 quae
871 780 901 837 iu
921 777 1009 837 deum
1034 795 1205 857 peccamus,
1229 779 1358 839 facinora
1382 782 1413 840 in
1437 780 1534 840 bomi-

222 905 297 947 nem.
336 886 436 946 Fimus
456 895 486 944 et
505 885 604 944 fumus
624 886 716 945 fames
735 886 853 946 faenum
873 893 903 945 et
926 884 964 944 fel
988 884 1131 963 pluralem
1151 903 1309 945 nnmerum
1330 905 1387 947 non
1411 886 1535 948 babent.

221 995 312 1055 Fidus
332 993 491 1054 fidissimus
510 994 742 1070 comparativum
761 1010 819 1051 uon
839 991 938 1071 babet,
959 991 1010 1051 sed
1030 1010 1085 1072 pro
1100 1011 1135 1051 eo
1156 991 1313 1052 dicendum
1334 997 1426 1072 magis
1445 994 1564 1077 fidus,5

222 1105 319 1162 minus
339 1100 423 1161 frdus.
461 1098 572 1177 Fulgeo
592 1108 622 1158 et
646 1098 735 1158 fulcio
754 1099 881 1159 eundem
905 1097 1015 1159 babent
1038 1100 1204 1178 perlectum
1224 1098 1301 1160 ftrlsi.
1340 1100 1362 1159 F
1380 1100 1479 1161 littera
1501 1105 1533 1162 iu

221 1211 350 1288 speciem
376 1208 498 1285 figurata
519 1215 563 1265 est
588 1205 741 1265 cuiusdam
766 1205 880 1266 litterae
905 1224 980 1284 quae
1004 1204 1148 1283 digamma
1170 1208 1347 1286 nominatur,
1366 1211 1434 1286 qnia
1455 1209 1534 1269 duos

223 1317 322 1394 apices
346 1333 381 1374 ex
410 1331 523 1393 gamma
552 1312 648 1372 littera
677 1311 786 1372 babere
810 1312 954 1373 rideatur.
991 1312 1026 1372 ad
1056 1312 1146 1373 buius
1170 1316 1236 1373 soni
1266 1313 1491 1375 similitudinem
1517 1336 1535 1374 v

223 1429 435 1482 consonantem
459 1420 524 1480 loco
547 1422 612 1479 eius
637 1422 730 1479 nostri
760 1428 940 1499 posuerunt,
967 1427 1000 1479 ut
1027 1428 1127 1510 votum
1158 1421 1254 1498 virgo:
1282 1421 1426 1499 digamma
1451 1425 1534 1483 euim

222 1531 353 1608 oportuit
372 1530 451 1608 poni,
470 1526 575 1587 fotum
595 1526 691 1606 Firgo.
725 1527 889 1606 festucam,
909 1545 968 1585 non
988 1526 1121 1585 fistucam
1141 1524 1241 1586 dicito.
1275 1525 1405 1587 forfices
1424 1546 1532 1590 secun·
1551 1555 1576 1591 ιιι

221 1635 290 1695 dum
311 1633 530 1714 etymologiam,
554 1637 579 1693 si
598 1652 613 1692 a
634 1633 682 1692 frlo
702 1632 851 1711 dicuntur,
876 1633 890 1691 f
910 1634 1040 1711 ponitur,
1064 1639 1096 1691 ut
1120 1631 1252 1711 forfices,
1276 1638 1350 1710 quae
1375 1643 1445 1694 sunt
1469 1654 1533 1696 sar·

224 1752 339 1817 torum3
360 1744 384 1800 si
405 1759 420 1800 a
440 1740 509 1819 pilo,
528 1759 581 1819 per
601 1758 628 1817 p,
648 1747 681 1799 ut
701 1741 839 1818 forpices,
859 1757 933 1816 quae
954 1748 1021 1798 sunt
1044 1748 1212 1818 tonsorum,
1232 1741 1257 1798 si
1277 1739 1312 1798 ab
1333 1736 1337 1817 l
1358 1742 1533 1819 accipiendo

223 1867 276 1927 per
296 1868 320 1927 c,
340 1859 373 1909 ut
392 1849 535 1925 forcipes,
558 1865 593 1906 eo
614 1847 692 1926 quod
713 1849 840 1907 formum
861 1849 994 1927 capiunt,
1020 1865 1094 1924 quae
1114 1855 1185 1906 sunt
1205 1845 1363 1908 fabrorum.
1402 1849 1533 1910 formum

223 1958 301 2015 enim
326 1955 466 2014 eliserunt
488 1957 601 2033 antiqui
626 1954 765 2034 calidum,
790 1953 867 2014 trude
892 1962 921 2013 et
945 1954 1101 2014 formosus.
1139 1953 1221 2013 Paris
1245 1955 1323 2014 fatur
1347 1973 1361 2013 a
1386 1956 1474 2016 laudo
1493 1967 1535 2039 et,

223 2080 280 2121 nou
307 2061 393 2121 babet
417 2063 540 2139 primam
565 2078 730 2138 personam.
768 2058 848 2119 Felix
871 2061 922 2137 qui
941 2061 1061 2139 accipit,
1086 2059 1151 2119 filex
1175 2079 1229 2140 per
1248 2081 1336 2139 quem
1356 2062 1443 2123 dator
1468 2064 1529 2125 feli·
1550 2087 1575 2126 ιι

223 2171 305 2228 citas.
343 2167 435 2245 Fiugo
464 2167 534 2226 finxi
563 2168 663 2225 fctum
692 2167 817 2225 botrrrus
841 2166 923 2246 facit,
952 2165 1030 2225 frodo
1060 2165 1108 2224 frdi
1133 2167 1276 2247 fissurus,
1299 2170 1355 2247 figo
1379 2170 1428 2229 dxi
1452 2171 1532 2232 facit.

222 2272 325 2335 Fuudo
355 2274 460 2333 ftrndas
489 2292 503 2332 a
533 2272 697 2350 fundando,
726 2272 817 2332 londo
846 2272 945 2332 fundis
973 2292 988 2332 a
1019 2273 1177 2333 fundendo.
1220 2273 1305 2335 ferio
1335 2284 1364 2336 et
1394 2279 1532 2354 percutio

224 2399 314 2440 ιιιιιιιιι
339 2383 531 2459 praeteritum
556 2378 678 2458 babent,
707 2379 734 2439 id
764 2389 810 2438 est
834 2381 984 2459 percussi,
1009 2388 1038 2438 et
1061 2380 1118 2439 boc
1142 2398 1196 2458 per
1219 2381 1277 2441 diro
1302 2402 1316 2441 s
1340 2381 1533 2444 scribendum

222 2495 281 2566 est,
306 2487 384 2546 siout
408 2505 461 2546 uro
486 2489 556 2545 ussi.
603 2485 678 2545 Pero
709 2488 768 2545 fers
793 2487 850 2546 fert
881 2487 950 2545 facit
973 2485 1157 2547 differentiae
1181 2506 1268 2548 cansa
1294 2491 1322 2548 in
1347 2489 1477 2549 secunda
1501 2499 1533 2549 et

224 2597 310 2655 tertia
338 2612 478 2673 persona,
507 2613 557 2673 ne,
587 2596 610 2653 si
642 2594 713 2652 ieris
743 2594 810 2652 ferit
835 2592 994 2673 diceretur,
1023 2611 1038 2651 a
1068 2594 1142 2653 ferio
1172 2595 1243 2654 ieris
1277 2595 1345 2655 ferit
1373 2604 1575 2674 putaretnrso

221 2703 330 2762 venire.
377 2701 452 2761 Fero
481 2710 510 2760 et
543 2701 613 2760 tollo
649 2701 761 2760 faciunt
795 2701 987 2777 praeteritum
1018 2699 1079 2759 tuli.
1127 2699 1205 2760 Foro
1234 2711 1264 2760 et
1293 2704 1409 2761 insanio
1437 2722 1532 2763 ιιιιιιιιι

222 2807 331 2869 babent
354 2811 547 2888 praeteritum
571 2809 702 2866 insanivi.
741 2805 828 2865 facio
848 2809 1053 2884 imperativum
1075 2808 1144 2866 facit
1163 2808 1208 2867 fac
1228 2808 1412 2869 differentiae
1432 2830 1533 2892 causa,

223 2935 273 2995 ue,
297 2918 322 2976 si
342 2917 404 2975 lace
424 2914 553 2994 diceres,
577 2934 592 2973 a
615 2916 732 2973 nomine
753 2920 909 2991 putaretur
928 2916 1044 2994 venire,
1068 2914 1145 2992 quod
1167 2925 1213 2974 est
1236 2915 1290 2974 fax.
1329 2916 1465 2976 similiter
1483 2918 1532 2977 dic

222 3022 279 3083 darc
299 3032 328 3083 et
353 3025 398 3083 fer
420 3023 603 3083 differentiae
624 3039 712 3082 causa
736 3039 790 3099 per
814 3038 973 3099 apocopam
997 3022 1205 3100 proferuntur:
1229 3024 1340 3080 namsi
1364 3022 1439 3081 duce
1464 3022 1531 3083 dice

223 3131 285 3190 fere
309 3131 490 3210 diceremus,
515 3128 592 3188 aliud
618 3129 784 3206 siguificare
809 3135 990 3205 putaremur.
1547 3152 1574 3191 ιι

312 3237 425 3296 Gnatus
448 3255 501 3315 per
520 3257 538 3314 g
558 3246 588 3295 et
607 3255 625 3295 u
650 3234 855 3313 scribendum,
879 3236 956 3293 sicut
979 3253 1105 3313 giranus,
1131 3237 1198 3313 quia
1223 3245 1253 3294 et
1277 3238 1306 3294 in
1326 3239 1532 3313 conpositione

200 3321 204 3330 ⁸
225 3348 317 3424 ipsam
338 3346 468 3403 retinent
486 3364 517 3424 g,
542 3354 575 3403 ut
598 3351 722 3421 agnatus
747 3344 876 3420 ignavus.
915 3340 1060 3401 Gaudium
1080 3343 1183 3421 animi,
1207 3341 1316 3402 laetitia
1335 3351 1366 3401 et
1389 3342 1533 3404 exultatio

222 3455 310 3512 etiam
332 3450 489 3510 verborum
510 3461 597 3529 atque
618 3448 829 3509 membrorum.
864 3447 1016 3507 Gremium
1036 3450 1172 3527 interius,
1191 3451 1288 3508 sinum
1309 3451 1449 3509 exterius.
1482 3449 1533 3510 Git

224 3567 415 3637 monoptoton
440 3567 466 3616 et
493 3557 635 3635 pluralem
657 3574 814 3617 numerum
836 3574 892 3615 non
918 3553 1023 3635 babet3
1049 3564 1094 3615 est
1120 3564 1218 3615 autem
1239 3558 1336 3614 neutri
1358 3559 1476 3633 generis
1502 3570 1532 3618 et

222 3684 275 3744 per
306 3682 409 3723 ornnes
438 3682 524 3723 casus
557 3662 731 3721 ‹leoliuatur
778 3660 908 3740 Gnarus,
941 3641 1047 3720 doctus
1081 3662 1231 3739 perfectus
1267 3665 1378 3742 sciens3
1411 3682 1575 3743 gnarus,so

223 3773 309 3833 fortis
328 3770 419 3848 agilis.
453 3770 561 3848 (luerit,
582 3768 734 3828 subtiliter
756 3777 936 3847 muunurat3
956 3768 1103 3849 garrulus,
1122 3769 1264 3829 verbosus
1284 3769 1398 3847 loquax.
1427 3768 1533 3850 Gestit,

224 3878 285 3938 ruit
308 3880 390 3957 cupit
414 3885 495 3955 optat
519 3875 683 3954 desiderat3
707 3885 815 3953 gestat,
839 3881 945 3952 portat.
983 3873 1135 3934 Gloriosus
1159 3894 1174 3933 a
1199 3877 1364 3954 frequentia
1389 3874 1533 3936 claritatis
1573 3957 1576 3961 ⁴

313 4059 325 4104 1
349 4068 397 4119 per
416 4048 572 4118 simplicem
592 4064 607 4100 e
627 4047 664 4098 M
679 4063 729 4114 per
748 4062 762 4098 e
781 4047 891 4099 tantum
907 4045 956 4113 pS
1045 4063 1095 4113 per
1113 4064 1146 4100 oe
1166 4046 1321 4116 diptongon
1345 4047 1477 4101 scribitur
1498 4049 1534 4101 M

223 4148 272 4200 per
291 4149 324 4185 oe
343 4131 474 4184 scribitur
488 4130 537 4196 pS
610 4128 717 4180 'tdrros
741 4125 834 4194 apices
861 4123 925 4177 SM
993 4126 1159 4195 tigammn]
1179 4126 1291 4194 gemina
1311 4127 1348 4178 M
1420 4135 1451 4180 lt
1472 4128 1532 4196 filo!

223 4211 280 4265 filio
296 4210 317 4264 S
372 4219 404 4263 13
424 4212 544 4264 formum
560 4208 676 4276 capiunt
691 4225 711 4274 p
727 4206 846 4260 formam
862 4204 976 4273 copiunt
990 4206 1011 4257 S
1029 4206 1149 4259 formum
1164 4204 1306 4274 occipiunt
1322 4207 1358 4259 Μ
1413 4215 1445 4261 lt
1465 4208 1532 4262 eali·

223 4292 288 4345 dum
304 4310 326 4360 p
345 4291 488 4359 qualidum
509 4290 571 4342 SM
630 4285 822 4341 formosumS
878 4291 910 4338 lo
929 4285 1006 4340 filex
1026 4284 1128 4337 dicitur
1147 4284 1195 4351 qui
1215 4283 1377 4338 felicitutem
1397 4287 1447 4341 dui
1464 4289 1532 4343 felix

223 4372 270 4440 qui
295 4372 458 4425 felicitatem
482 4369 586 4438 accipit
609 4370 685 4422 filex
711 4384 762 4435 per
785 4383 868 4433 quem
891 4365 974 4418 datur
996 4364 1117 4418 felicitas
1141 4364 1176 4417 Μ
1249 4370 1280 4416 19
1305 4365 1333 4417 in
1357 4368 1480 4422 secunda
1505 4375 1535 4424 et

224 4453 309 4506 tertia
327 4470 446 4522 persono
464 4469 514 4506 om.
535 4450 572 4503 Μ
649 4457 683 4502 20
704 4449 845 4502 diceretur
863 4448 936 4516 qood
957 4465 975 4501 a
993 4447 1062 4501 ferio
1082 4448 1147 4500 SM
1228 4444 1294 4497 ferit
1307 4449 1458 4513 posteriore
1476 4451 1533 4506 loeo

223 4549 273 4585 om.
288 4532 354 4601 pM
423 4539 453 4584 21
476 4531 550 4600 furo]
570 4530 641 4583 furio
662 4528 698 4581 M
767 4534 800 4580 23
820 4528 927 4583 diceres
946 4528 1186 4597 quodonomine
1207 4527 1244 4580 M
1315 4532 1348 4578 26
1375 4528 1533 4598 significare

224 4608 366 4664 uideretur
390 4612 425 4663 M
513 4617 545 4663 tt
572 4615 601 4663 et
621 4626 672 4662 orn.
690 4608 767 4676 pM,
797 4609 860 4663 odd.
884 4609 939 4661 S·
994 4614 1027 4660 27
1052 4609 1156 4661 retinet
1176 4607 1269 4675 pSM
1357 4611 1389 4661 ui
1413 4615 1533 4679 agnatus

224 4691 343 4757 ignauus
372 4691 392 4742 S
416 4695 447 4742 ut
470 4692 581 4759 ignatus
606 4690 725 4756 ignauus
748 4687 785 4738 M
809 4691 841 4740 ut
867 4690 986 4758 agnotus
1014 4690 1149 4757 cognatus
1171 4705 1193 4756 p
1283 4689 1416 4759 gaudium
1445 4693 1533 4745 autimi

223 4771 279 4836 (est
296 4770 361 4823 odd.
383 4770 431 4835 M)
456 4768 613 4823 laetificet
636 4766 771 4821 exultatio
791 4768 855 4845 SM
873 4768 1007 4837 gandium
1032 4769 1117 4822 animi
1142 4770 1252 4825 laetitia
1277 4775 1332 4835 est,
1358 4773 1533 4840 exultatiop

277 4856 311 4905 28
330 4849 391 4920 gith
412 4849 477 4902 SM

1363 4950 1380 4983 Q
