3316 5474
163 335 230 400 400
688 332 861 388 DOSITHEI

163 448 185 485 ιι.
200 436 233 477 89.
247 437 274 476 80
288 434 317 474 Η.

165 541 181 582 a
204 523 291 602 citra,
314 521 438 580 inferior
456 519 588 600 iniimus,
607 519 745 599 superior
763 536 911 602 summus,
929 522 1012 600 prior
1030 521 1118 580 eiiam
1138 522 1252 599 primos
1267 524 1306 583 oh
1321 525 1471 586 adverbio

165 630 257 709 prius.
290 625 433 705 quaedam
462 633 533 686 suot
556 629 587 687 ιἰι
611 625 719 705 quihus
742 634 857 688 tautum
879 627 989 706 gradus
1013 625 1210 706 superlativus
1238 629 1409 710 iuvenitur,
1437 638 1471 692 ui

167 737 343 797 novissimos
366 751 532 812 supremus.
579 731 722 811 quaedam
746 741 815 793 suoi
838 750 913 811 quae
937 733 1061 794 dirersis
1090 735 1192 812 iigoris
1221 736 1250 794 io
1279 734 1470 799 collationem

166 843 301 923 veniunt,
329 849 362 901 ut
385 839 479 901 malus
502 841 586 919 peior
608 839 771 921 pessimus,
800 838 897 901 bonos
920 838 1024 900 melior
1055 842 1197 920 optimus:
1229 839 1277 901 his
1306 844 1387 904 onim
1416 863 1471 922 por

166 968 269 1015 omues
293 957 355 1010 ires
377 946 486 1027 gradus
510 947 689 1026 comparatio
712 946 872 1028 processit,
895 963 951 1005 neo
970 954 1067 1006 tameo
1087 965 1176 1008 uuam
1196 949 1319 1010 formam
1339 953 1497 1014 nomioiso

166 1064 277 1120 teuent.
323 1063 394 1116 soni
416 1053 471 1114 alia
494 1050 628 1113 absoluta
652 1070 726 1131 quae
750 1050 830 1112 uuiio
854 1052 974 1130 quidem
996 1053 1089 1132 grado
1108 1054 1272 1116 collationis
1292 1057 1471 1140 figurantur,

167 1166 316 1245 rooipiuni
339 1172 437 1224 tameo
461 1160 662 1241 collationem,
689 1161 716 1220 si
738 1158 796 1220 iilis
820 1161 911 1239 magis
935 1158 1106 1220 adverbium
1130 1163 1284 1244 iungatur,
1314 1173 1346 1224 ut
1374 1167 1472 1246 magis

167 1271 263 1352 rudis,
286 1271 379 1349 magis
401 1270 483 1349 pius,
506 1275 536 1328 ot
559 1269 684 1327 maxime
708 1264 857 1348 similium
880 1267 957 1328 siout
976 1286 992 1327 ο
1012 1270 1160 1328 contrario
1180 1271 1278 1330 minus
1297 1280 1327 1332 et
1347 1273 1471 1335 minimo

167 1371 350 1460 adduntur!

255 1484 373 1546 Uiiruur
396 1492 494 1544 autem
518 1482 610 1563 gradu
635 1483 901 1562 comparativorum
925 1483 955 1541 io
979 1501 1038 1543 ooo
1063 1490 1093 1544 et
1120 1483 1212 1544 altero
1240 1503 1332 1565 prope
1361 1504 1471 1567 aequa·
1486 1502 1513 1543 ιο

168 1593 246 1655 iibus
268 1611 302 1653 ao
325 1590 471 1652 similibus
494 1582 577 1673 (nam
601 1588 787 1650 dissimilium
811 1591 991 1668 comparatio
1015 1589 1093 1651 uuiia
1114 1583 1185 1674 est),
1209 1601 1242 1652 ιιι
1265 1587 1306 1651 ‘iu
1330 1591 1389 1653 duo
1414 1596 1473 1656 riri

169 1702 274 1782 sorios,
297 1698 348 1760 sod
372 1698 420 1759 hio
443 1698 536 1759 aliero
560 1692 687 1758 ioriior’.
733 1698 805 1757 ilem
828 1699 1045 1777 comparativus
1068 1697 1178 1776 gradus
1207 1707 1237 1759 et
1264 1695 1312 1758 his
1341 1702 1393 1778 qui
1424 1705 1472 1763 soi

168 1808 286 1887 generis
310 1815 380 1867 suoi
402 1814 433 1866 et
455 1805 501 1865 his
525 1806 576 1883 qui
598 1804 720 1865 alterius
744 1810 813 1863 sum
836 1812 1037 1884 comparatur,
1061 1812 1094 1864 ut
1119 1824 1215 1884 equus
1239 1805 1367 1866 velocior
1390 1826 1472 1887 equo

169 1916 291 1994 dicitur,
314 1915 365 1990 qui
389 1912 520 1972 eiusdem
545 1913 663 1991 generis
687 1919 745 1992 osi,
768 1912 839 1970 iiam
864 1909 992 1971 velocior
1016 1929 1102 1992 cano,
1130 1915 1182 1991 qui
1205 1912 1326 1973 alterius
1349 1917 1472 1992 generis

168 2072 380 2082 .-..--——-—

213 2218 217 2225 ,
259 2157 348 2210 Corios
375 2156 570 2223 Sonooiieruio.
627 2160 639 2206 1
670 2153 707 2207 ab
734 2152 868 2208 adverbio
895 2173 945 2208 σοι.
1036 2161 1052 2209 2
1076 2158 1142 2210 suot
1164 2157 1264 2224 quibus
1354 2165 1370 2210 3
1397 2176 1473 2227 quos

170 2237 303 2293 odiosisis
381 2234 582 2304 boomporiiio
662 2232 826 2302 sequidem
907 2233 1015 2287 8sioui
1033 2235 1171 2288 contrario
1254 2243 1286 2290 10
1305 2240 1401 2292 autom
1419 2255 1473 2293 om.

196 2386 270 2393 —--
276 2384 381 2391 -ω-

260 2466 403 2537 otonem]
430 2466 522 2520 tonuit
551 2466 693 2519 Charisius
716 2482 746 2534 p.
772 2468 862 2530 157,4,
889 2480 944 2520 νοω.
964 2464 1072 2519 Charis.
1096 2484 1126 2535 μ.
1151 2472 1252 2533 536,39
1277 2511 1283 2523 .
1307 2470 1339 2522 iu
1365 2473 1475 2539 ροαοοίι

170 2545 370 2621 προύχώρησεν
394 2548 507 2602 coniecit
525 2547 659 2615 Ηαμοπιω
728 2545 806 2600 nullo
829 2544 941 2614 quidem
960 2544 998 2597 Μ
1067 2551 1081 2599 'i
1106 2563 1156 2599 εαν
1180 2565 1276 2609 αντοις
1297 2546 1322 2600 si
1345 2547 1385 2603 eis
1410 2552 1415 2614 Ι
1440 2571 1475 2605 το

172 2633 275 2701 μαλλον
293 2627 383 2698 magis
394 2628 431 2680 M
502 2632 518 2679 8
533 2644 564 2679 εκ
579 2645 629 2679 του
644 2645 774 2681 εναντιον
788 2643 822 2679 ex
836 2624 974 2680 contrario
987 2624 1078 2678 miuus
1093 2627 1122 2678 et
1135 2626 1248 2680 minime
1264 2629 1268 2694 Ι
1284 2629 1475 2696 προσβαλιται

170 2710 329 2765 adiciuntur
349 2707 385 2761 M
466 2711 498 2758 10
517 2709 651 2776 χρωμοθα
670 2709 702 2761 δε
722 2704 826 2759 utimur
844 2707 938 2759 autem
959 2707 996 2759 M
1075 2712 1107 2759 13
1126 2710 1224 2760 θαοσω
1245 2726 1325 2761 aanor
1348 2709 1476 2768 uelocior

171 2807 244 2861 equo
260 2793 264 2857 Ι
280 2794 390 2857 iuretur
408 2807 460 2842 του
478 2786 581 2841 dicitur
599 2786 647 2856 qui
663 2788 669 2857 Ι
684 2804 840 2856 ομουγενον
859 2805 953 2848 moror
972 2785 1094 2840 eiusdem
1112 2785 1222 2856 generis
1240 2789 1284 2841 est
1303 2788 1340 2842 M
1347 2830 1349 2836 .

170 3091 318 3161 ἀπὸτοῦ
399 3100 490 3179 .prior
512 3092 567 3158 καὶ
590 3100 704 3177 primus
727 3089 791 3159 ἀπὸ
814 3095 875 3159 τοῦ
899 3089 1120 3178 έπιρρήματος
1138 3102 1236 3175 prius.
1281 3091 1356 3160 τινὰ
1381 3099 1475 3163 ἔστιν

172 3202 212 3267 έν
236 3194 286 3279 οἷς
312 3198 420 3285 μόνον
448 3196 465 3266 ὁ
495 3196 627 3285 βαθμδς
654 3196 672 3265 ὁ
700 3196 921 3282 ὑπερθετικός
949 3195 1134 3283 εὑρίσκεται
1198 3198 1303 3266 ,τινὰ
1332 3206 1422 3269 ἔστιν
1451 3199 1475 3270 ἃ

172 3305 349 3393 διαφόροις
371 3304 487 3384 τύποις
510 3309 556 3383 εἰς
580 3303 755 3391 σύγκρισιν
783 3310 910 3392 ἔρχεται
979 3303 1131 3383 ,τούτοις
1158 3304 1222 3392 γὰρ
1251 3306 1307 3373 διὰ
1334 3306 1474 3377 πάντων

171 3416 240 3482 τῶν
262 3415 365 3499 τριῶν
386 3414 530 3499 βαθμῶν
555 3409 574 3497 ἡ
595 3410 771 3497 ,σύγκρισις
792 3410 1016 3507 προχωρήσει,
1040 3407 1113 3478 ἀλλ’
1140 3408 1229 3498 ὅμως
1248 3410 1308 3479 οὐκ
1328 3419 1392 3500 ἔχει
1413 3417 1474 3482 ἕνα

170 3519 277 3588 τύπον
309 3523 369 3587 τοῦ
402 3515 576 3605 ὀνόματος.
630 3523 720 3585 ἔστιν
750 3516 834 3585 ἄλλα
871 3516 1018 3586 ἀπόλυτα
1050 3514 1071 3585 ἃ
1105 3516 1219 3586 οὐδενὶ
1256 3519 1317 3606 μὲν
1348 3526 1472 3613 βαθμῷ
1503 3555 1516 3593 ο

172 3632 375 3713 συγκρίσεως
397 3630 574 3710 τυποῦται,
602 3623 796 3712 ἀναδέχεται
824 3626 938 3713 μέντοι
966 3623 1026 3714 τὴν
1055 3624 1242 3712 σύγκρισιν,
1272 3625 1330 3694 ἐὰν
1359 3625 1475 3710 αὐτοῖς

171 3734 208 3804 τὸ
232 3738 360 3821 μᾶλλον
388 3733 551 3817 ἐπίρρημα
581 3731 794 3819 ξενχθήσεται
820 3731 877 3798 καὶ
907 3730 945 3799 τό
1014 3784 1023 3818 ,
1048 3730 1170 3819 ὁμοίως
1202 3730 1311 3818 ὥσπερ
1344 3737 1378 3803 ἐκ
1410 3741 1474 3805 τοῦ

173 3844 329 3910 ἐναντίου
418 3837 693 3924 προσβάλλεται.Ι

261 3944 429 4032 Χρύμεθα
453 3943 490 4012 δὲ
508 3948 552 4035 τῷ
572 3948 692 4034 βαθμῷ
712 3947 779 4012 τῶν
799 3949 1019 4030 συγκριτικῶν
1037 3947 1074 4013 ἐν
1094 3947 1144 4014 ἑνὶ
1162 3948 1217 4015 καὶ
1237 3950 1335 4040 ἑτέρῳ
1351 3949 1473 4037 σχεδὸν

173 4062 259 4132 ίσοις
272 4052 327 4119 καὶ
343 4050 471 4139 ὁμοίοις
493 4052 574 4140 (τῶν
598 4049 661 4138 γὰρ
684 4048 855 4139 ἀνομοίων
879 4051 1049 4140 σύγκρισις
1073 4050 1211 4141 οὐδεμία
1231 4057 1346 4142 ἐστίν),
1371 4053 1416 4136 ὡς
1434 4057 1472 4126 τὸ
1491 4091 1518 4128 ιο

174 4150 293 4245 ,οὗτοι
317 4161 353 4224 οί
373 4157 435 4224 δύο
460 4156 581 4244 ἄνδρες
605 4162 752 4245 ἰσχυροί,
781 4155 854 4225 ἀλλ’
882 4149 979 4238 οὗτος
1000 4163 1061 4227 τοῦ
1085 4161 1199 4246 ἑτέρον
1224 4163 1473 4250 ίσχυρότερος“.

174 4264 298 4352 ὁμοίως
327 4262 345 4333 ὁ
378 4263 586 4352 συγκριτικὸς
617 4261 749 4351 βαθμδς
780 4264 999 4345 καὶτούτοις
1032 4281 1101 4347 τοῖς
1135 4273 1194 4335 τού
1222 4267 1326 4336 αὐτοῦ
1353 4270 1474 4354 γένους

174 4365 270 4442 οὖσιν
294 4373 348 4439 καί
371 4372 501 4452 τούτοις
523 4388 592 4453 τοῖς
616 4374 731 4460 ἑτέρου
755 4364 852 4440 οὖσιν
876 4378 1102 4459 συγκρίνεται,
1131 4372 1176 4454 ὡς
1205 4372 1242 4442 τὸ
1267 4379 1364 4454 ἵππος
1387 4379 1472 4444 θάσ-

174 4500 243 4547 σων
266 4483 369 4547 ἵππου
392 4481 519 4566 λέγεται
543 4485 602 4548 τοῦ
627 4479 809 4567 ὁμογενοῦς
832 4478 944 4565 ὄντος,
973 4477 1096 4567 ὁμοίως
1118 4482 1258 4548 θάσσων
1286 4480 1388 4562 κυνὸς
1410 4490 1473 4554 τοῦ

265 4729 384 4800 lprior]
403 4730 465 4799 pior
536 4731 611 4800 prius
630 4748 680 4785 om.
757 4725 825 4784 Ην
843 4745 894 4785 σοι.
971 4737 1173 4800 4τροχωρησιι
1255 4726 1387 4787 συδδενὶ
1405 4733 1472 4809 μέν]

174 4810 293 4881 ονδενμε
368 4809 506 4881 Ίμᾶλίον
525 4826 573 4863 om.
646 4815 819 4878 9σῦκριιαν
893 4816 926 4864 14
945 4830 1026 4865 ιπποι
1045 4829 1197 4880 Ιομογενους
