3316 5474
684 386 975 442 ORTHOGRAPHIA
1414 382 1480 448 305

173 502 196 538 p.
211 489 270 529 ιιεε.
285 489 312 527 ιε
325 489 350 528 ι».

173 572 317 654 bendum,
345 573 373 632 id
403 579 449 631 est
476 580 692 650 argumentum.
738 571 846 651 Macte,
873 571 902 630 id
932 578 977 630 εει
1005 570 1097 647 magis
1121 579 1214 630 aucte.
1260 570 1370 651 Mollis,
1394 571 1420 630 si
1443 568 1479 629 ad

174 671 340 750 mollitiem,
363 689 418 749 ρετ
441 669 500 729 duo
524 667 544 748 l;
571 668 677 748 moles,
702 671 727 727 si
751 668 786 728 ad
810 668 941 749 ροιιιιιιε,
964 686 1130 747 perunum
1152 667 1160 726 l
1185 668 1340 729 scribatur.
1378 668 1479 727 Manes

174 769 216 829 dii
243 769 418 848 inlernaleS,
447 786 530 826 mane
559 769 661 827 sines
689 766 748 826 diei
775 768 901 827 initium.
947 766 1149 844 Marsuppium
1178 785 1232 845 ρετ
1263 767 1321 826 duo
1345 786 1372 845 p.
1418 766 1480 825 Mas

174 869 369 948 primitivum,
394 865 542 926 masculus
565 864 781 925 diminutivum.
824 864 977 924 Macbaera
1002 882 1055 942 ρει·
1078 882 1094 923 c
1119 872 1149 924 et
1172 863 1205 944 b,
1229 863 1259 924 id
1282 873 1328 924 εει
1351 863 1508 942 gladius3·

133 977 147 1016 ⁵
175 967 315 1044 maceria,
337 964 366 1024 id
392 973 437 1024 est
461 980 578 1041 murus,
601 979 655 1040 per
679 961 843 1041 simplicem
867 982 883 1021 ε
907 960 1099 1023 scribendum
1122 970 1176 1022 εει.
1216 961 1319 1022 Μειιιιι
1344 962 1479 1040 deceptio

174 1062 219 1123 vel
249 1063 343 1140 lraus,
371 1061 441 1122 iudo
465 1058 589 1119 mendax
614 1067 645 1119 ει
672 1059 740 1119 inde
766 1060 959 1120 mendacium.
1005 1058 1154 1120 Metallum
1178 1079 1232 1139 ρετ
1255 1061 1314 1121 duo
1338 1060 1355 1119 l.
1401 1059 1479 1119 Mars

175 1169 206 1221 et
234 1160 347 1220 Mavors
379 1176 472 1220 unum
503 1166 566 1239 est,
596 1158 674 1217 unde
706 1168 736 1218 ει
762 1158 903 1218 Mavortia
933 1157 1051 1236 quidam
1082 1157 1140 1218 dici
1171 1158 1281 1219 volunt.
1327 1158 1479 1218 Manuviae

175 1256 315 1317 oblivium
343 1256 485 1317 diluvium
514 1256 648 1315 suavium
684 1254 790 1315 lividus
817 1255 924 1316 Navius
952 1256 1069 1315 Flavius
1102 1256 1204 1317 avidus
1236 1256 1344 1316 lluvius
1377 1259 1480 1315 civitas

175 1357 296 1416 exuviae
324 1373 378 1435 por
402 1373 419 1412 v
442 1359 654 1413 consonantem
682 1355 745 1412 eti
774 1352 893 1414 brevem
917 1354 1121 1433 proferuntur.
1167 1355 1280 1415 Mulceo
1305 1363 1336 1415 et
1363 1355 1479 1432 mulgeo

133 1466 161 1504 10
174 1455 205 1513 in
226 1472 318 1514 unum
342 1452 507 1531 perlectum
527 1452 651 1510 veniunt
669 1449 765 1510 mulsi.
802 1450 967 1512 Matthaeus
986 1460 1017 1511 et
1035 1451 1171 1513 Matthias
1195 1471 1248 1532 ρετ
1273 1453 1332 1512 duo
1352 1461 1377 1532 t,
1401 1452 1479 1531 quod
1561 1526 1568 1541 ι

175 1550 279 1611 Graeci
306 1569 362 1630 per
388 1569 407 1608 τ
435 1557 465 1609 ει
491 1551 518 1609 θ
545 1546 689 1607 scribunt.
735 1546 824 1628 Malo,
851 1548 880 1607 id
909 1558 955 1609 est
983 1551 1079 1627 magis,
1103 1549 1182 1630 volo,
1211 1559 1240 1610 et
1268 1550 1349 1630 nolo,
1377 1550 1407 1609 id
1435 1556 1482 1610 est

175 1649 292 1729 nevolo,
316 1666 485 1726 perunum
509 1646 531 1725 l;
561 1645 646 1704 mallo
669 1652 699 1704 ει
722 1643 795 1704 velle
819 1652 850 1704 ει
873 1645 949 1705 nolle
978 1663 1032 1725 per
1055 1644 1114 1706 drvo
1137 1647 1155 1708 l.
1192 1647 1297 1706 Mando
1321 1646 1481 1706 mandasa

109 1803 112 1809 .
176 1746 349 1827 mandando,
364 1744 469 1805 mando
484 1743 598 1803 mandis
613 1762 629 1802 a
645 1741 856 1802 manducando.
886 1742 969 1804 Mitto
984 1762 1039 1823 per
1052 1743 1111 1804 duo
1127 1754 1151 1824 t,
1172 1753 1202 1805 et
1220 1745 1286 1805 ideo
1302 1747 1332 1805 in
1350 1755 1481 1823 praeter·

174 1846 217 1905 ito
236 1845 369 1923 perlecto
393 1861 446 1922 per
465 1842 524 1903 duo
543 1861 557 1900 ε
577 1839 739 1919 scribatur,
761 1839 791 1900 id
815 1848 861 1900 est
880 1843 970 1901 missi.
1007 1841 1143 1923 Magnus,
1161 1863 1180 1922 g
1198 1846 1334 1921 sequenti
1355 1842 1480 1922 syllabae

135 1943 324 2020 otungatur.
370 1941 510 2019 Magister
537 1940 631 1998 maior
659 1940 688 1998 in
718 1940 858 1999 statione:
886 1958 954 2000 nam
981 1942 1093 2001 isteron
1124 1960 1229 2020 graece
1253 1943 1340 2001 statio
1353 1941 1481 2002 dicitur.

263 2039 396 2100 Nanctus
423 2056 520 2118 pern
549 2045 618 2096 etc
646 2036 737 2097 scribi
764 2037 866 2118 debet,
894 2047 1036 2099 nacturus
1069 2042 1258 2119 participium
1286 2041 1379 2100 luturi
1408 2050 1481 2101 tem·

175 2140 257 2217 poris
284 2156 338 2216 per
362 2155 377 2196 o
405 2135 509 2195 solum.
555 2133 657 2194 Navita
686 2144 716 2194 et
744 2143 847 2216 nauta,
875 2144 1035 2215 utrumque
1064 2145 1145 2198 rmte
1177 2138 1294 2199 dicitur.
1339 2137 1481 2197 Nummu-

175 2235 266 2296 larius
290 2253 344 2314 per
367 2234 425 2294 duo
450 2252 492 2313 m,
515 2233 594 2312 quod
618 2243 664 2292 est
688 2250 878 2293 nummorum
901 2233 1035 2314 largitor3
1064 2238 1241 2295 nummisma
1269 2235 1405 2295 similiter
1427 2253 1482 2314 per

176 2333 235 2393 duo
256 2351 298 2412 m,
322 2332 400 2411 quod
420 2340 466 2392 est
485 2333 598 2391 nummi
623 2350 811 2410 percussura.
848 2331 959 2412 Navus,
979 2331 1057 2409 quod
1078 2341 1124 2393 est
1141 2341 1282 2393 strenuus
1303 2332 1346 2392 vel
1368 2334 1482 2413 ellicax,

72 2502 81 2519 .
135 2445 164 2484 2⁰
176 2450 230 2511 per
249 2431 307 2492 duo
327 2448 352 2490 v.
390 2429 483 2489 Nimis
503 2430 613 2490 dicitur
632 2429 773 2508 quicquid
798 2429 864 2508 plus
888 2430 979 2490 inerit
1002 2448 1090 2509 quam
1113 2440 1239 2509 oportet.
1260 2425 1265 2512 Ι
1286 2450 1352 2491 nam
1376 2449 1479 2510 parum

176 2539 222 2590 est
241 2528 320 2608 quod
340 2530 437 2588 minus
456 2537 504 2589 εει
522 2546 610 2608 quam
629 2538 755 2608 oportet.
783 2527 889 2588 borum
909 2530 940 2588 in
960 2527 1057 2587 medio
1077 2528 1182 2588 modos
1201 2538 1255 2608 εει,
1274 2529 1353 2607 qood
1372 2529 1482 2590 dicitur

176 2622 259 2687 ‘satis
287 2621 353 2687 est'.
391 2626 442 2686 sed
470 2625 626 2705 aliquando
655 2626 743 2686 latina
772 2625 870 2704 lingua
889 2625 954 2696 *boc
978 2624 1068 2685 verbo
1093 2628 1135 2685 sic
1163 2625 1308 2707 abutitur,
1338 2636 1370 2687 ut
1394 2629 1481 2687 nimis

175 2742 230 2803 pro
249 2742 284 2783 eo
304 2723 381 2801 quod
406 2732 451 2784 est
471 2724 551 2783 valde
575 2733 712 2804 ponatur,
735 2723 826 2784 veluti
850 2725 978 2800 positum
1002 2725 1170 2783 invenimus
1194 2727 1223 2784 in
1248 2724 1355 2784 litteris
1374 2726 1481 2784 sacris:

177 2839 242 2881 nam
271 2828 302 2880 et
329 2824 358 2880 in
387 2821 498 2900 psalmo
527 2817 583 2882 ‘tu
611 2823 832 2900 praecepisti
861 2820 1021 2880 mandata
1050 2829 1110 2881 tua
1134 2822 1320 2882 custodire
1350 2815 1482 2900 nimis',

136 2920 205 2980 zaid
233 2927 280 2980 est
306 2918 396 2979 valdo.
443 2919 548 2979 Nullus
576 2928 622 2979 εει
651 2929 709 2979 tam
738 2922 768 2979 in
793 2938 824 2979 re
849 2937 936 2997 quam
965 2920 995 2978 in
1025 2937 1166 3000 persona,
1190 2938 1277 2979 nemo
1300 2923 1330 2980 in
1355 2936 1480 2999 persona

176 3017 293 3098 dicitur,
317 3027 351 3076 ιιι
365 3016 508 3077 nebomo.
550 3017 622 3076 Novi
647 3016 811 3077 declinatur
835 3019 913 3077 sicut
931 3025 961 3077 ει
979 3017 1028 3076 odi
1047 3025 1079 3077 et
1096 3020 1224 3077 memini.
1262 3017 1353 3078 Nubit
1373 3018 1480 3077 lomina

175 3117 252 3197 rivo,
279 3117 325 3175 vir
354 3124 452 3175 autem
479 3115 563 3175 ducit
590 3134 723 3177 uxorem.
769 3114 876 3175 mulier
902 3114 999 3195 nulrit,
1029 3118 1096 3195 qnia
1124 3115 1211 3195 pallio
1239 3115 1364 3177 obnubit
1392 3125 1481 3195 caput

175 3232 333 3293 genasque.
370 3212 464 3292 narbo,
489 3233 556 3273 cum
580 3213 688 3273 vocalis
711 3215 856 3293 sequitur,
882 3211 902 3271 b
926 3211 1015 3273 debet
1042 3232 1122 3294 esse;
1150 3233 1217 3274 cum
1245 3233 1424 3294 consonanS,
1452 3232 1481 3293 p,

176 3321 209 3372 ut
239 3312 335 3390 nupsi.
386 3310 464 3370 Nibil
497 3310 669 3371 adverbium
699 3319 760 3391 εει,
796 3309 879 3371 nihili
909 3329 1017 3371 nomen
1048 3321 1110 3372 est:
1144 3311 1231 3372 bomo
1262 3315 1340 3374 enim
1371 3313 1480 3373 nullius

26 3490 33 3500 ι
135 3420 162 3458 ³⁰
176 3411 317 3469 momenti
341 3407 424 3468 nihili
443 3407 560 3469 dicitur.
598 3407 753 3487 Navigium
772 3410 868 3468 omnis
888 3407 1008 3468 classica
1028 3410 1187 3491 profectio,
1210 3419 1298 3470 nauta
1317 3420 1363 3471 est
1382 3411 1479 3470 omnis

175 3508 226 3584 qui
249 3504 379 3564 laborem
403 3505 472 3564 lacit
502 3504 664 3583 navigandi.
707 3508 789 3565 navis
816 3505 972 3566 ablativum
997 3509 1079 3566 etin
1104 3510 1112 3566 i
1137 3511 1220 3568 etin
1243 3529 1259 3569 o
1283 3512 1381 3569 mittit.
1424 3508 1480 3568 Ne·

174 3621 263 3682 qrram
291 3622 350 3662 non
375 3602 483 3662 malum
511 3604 669 3685 siguificat,
698 3603 749 3663 sed
778 3603 921 3665 inutilem.
967 3604 1132 3683 Neglegens
1162 3624 1216 3685 per
1239 3627 1257 3685 g
1281 3605 1480 3686 scribendum,

174 3704 258 3780 quasi
287 3700 456 3780 neclegens,
485 3719 501 3760 o
530 3703 560 3761 in
591 3720 610 3779 g
638 3719 789 3763 converso.
835 3702 947 3764 Nobilis
976 3702 1093 3762 mobilis
1120 3703 1225 3764 debilis
1252 3703 1357 3766 babilis
1384 3722 1438 3784 ρετ
1461 3702 1480 3762 b

177 3798 333 3859 scribenda
357 3806 435 3858 sunt.
481 3797 575 3858 Narro
599 3809 629 3859 ει
653 3802 781 3860 narratio
805 3819 860 3879 per
883 3821 898 3861 r
917 3800 1073 3862 scribatur.

136 3904 162 3944 ³⁵
264 3895 310 3956 Ob
333 3897 512 3974 praepositio
535 3895 685 3956 interdum
708 3899 830 3975 ponitur
852 3899 952 3979 plena,
976 3909 1009 3959 ut
1032 3907 1080 3959 est
1102 3899 1185 3960 obire
1208 3900 1362 3980 obstare,
1388 3903 1479 3959 inter·

175 3993 245 4054 dum
269 3994 299 4052 in
323 3991 446 4053 eandem
470 3992 597 4053 litteram
620 3995 741 4070 transit,
768 4014 784 4054 a
808 4015 865 4074 qua
889 4015 1018 4076 sequens
1042 4015 1139 4057 sermo
1163 4000 1282 4079 incipit,
1312 4007 1347 4058 ut
1369 3995 1481 4057 oliulsit

175 4093 333 4151 ommutuit
361 4092 513 4171 opposuit3
541 4099 684 4170 sequente
714 4110 783 4152 vero
812 4112 828 4151 v
856 4092 921 4153 loco
950 4097 1140 4154 consonantis
1169 4098 1283 4174 integra
1306 4103 1419 4175 manet,
1447 4103 1480 4153 ut

176 4223 292 4230 —...-
305 4223 308 4229 .
321 4222 387 4229 ..—

265 4297 277 4343 1
306 4290 417 4343 mactae
441 4285 470 4338 id
495 4288 538 4339 εει
563 4288 654 4357 magia
678 4290 778 4343 auctae
798 4290 836 4342 M
856 4291 951 4343 macta
973 4290 1004 4344 id
1027 4293 1070 4345 eat
1091 4292 1182 4361 magia
1200 4294 1283 4345 aucta
1301 4307 1370 4346 corr.
1389 4292 1425 4345 al.
1444 4307 1479 4345 m.

174 4372 265 4424 macte
285 4401 318 4409 —
338 4367 461 4423 aucteS
523 4366 616 4421 mollis
634 4384 652 4421 a
670 4367 791 4422 mollitia
811 4370 849 4422 M
910 4370 1046 4442 imolen]
1065 4371 1147 4426 molis
1168 4372 1206 4423 M
1272 4377 1367 4425 3mar
1385 4369 1479 4439 primi-

173 4450 264 4503 iiuum
283 4452 325 4504 eet
343 4465 433 4503 mares
452 4447 650 4502 diminutiuum
671 4447 708 4501 M
790 4454 941 4503 limarum
961 4450 998 4504 M
1083 4449 1268 4504 bmetallum
1283 4467 1305 4518 p
1323 4449 1481 4505 mecenas

173 4529 290 4583 metallo
305 4530 343 4583 M
396 4530 503 4584 'tunde
518 4531 547 4583 et
561 4526 664 4582 Martia
673 4527 741 4594 pM
753 4529 826 4583 unde
840 4529 1016 4585 mauortiaS
1069 4530 1218 4583 manuuiae
1228 4530 1294 4597 pM
1306 4529 1480 4583 monuuioS

210 4608 347 4662 8liuidus
357 4627 379 4679 ρ
394 4610 513 4664 liuidum
527 4608 593 4663 SM
644 4605 770 4678 Flavius]
792 4609 911 4664 fleuidus
927 4611 965 4663 M
1019 4610 1094 4665 tuin
1108 4629 1194 4664 unum
1208 4610 1324 4679 perfecti
1338 4610 1421 4664 mulsi
1431 4610 1481 4680 pS

173 4687 202 4740 in
217 4705 301 4740 unum
317 4689 386 4758 perf.
403 4691 465 4744 hab.
481 4689 565 4743 mulsi
581 4688 619 4742 M
682 4692 714 4739 16
728 4687 854 4745 Nanctus
868 4690 897 4744 id
912 4693 954 4745 est
966 4690 1097 4745 inuentus
1111 4690 1156 4743 uel
1171 4689 1287 4759 adeptus
1302 4707 1384 4759 pern
1400 4690 1437 4744 M

175 4770 327 4822 nunciatus
340 4785 410 4823 corr.
425 4771 536 4825 nach
592 4776 623 4823 17
639 4770 841 4824 nummolarius
856 4770 893 4824 M
941 4776 976 4824 24
990 4768 1162 4825 custodiriS
1211 4776 1244 4823 29
1259 4770 1291 4822 ut
1304 4768 1436 4839 nupsitS

174 4852 209 4899 34
219 4846 308 4901 Narro
318 4865 368 4917 per
377 4849 630 4906 duoracribuntur.
641 4849 720 4905 Nihil
730 4850 808 4905 etnil
818 4852 967 4919 utrumqne
976 4851 1032 4905 dici
1041 4853 1136 4921 polest
1150 4851 1187 4905 M
1221 4857 1255 4905 37
1265 4851 1434 4906 οιιιιιιιιιειιίι
1444 4852 1482 4905 Μ

230 4956 384 4987 onumxm
399 4958 485 4989 mm
500 4960 542 4991 vu.
1231 4947 1266 4994 20
