3316 5474
241 361 307 426 360
811 359 969 415 AVDAGIS

240 462 394 510 omnm

240 546 357 626 plenius
380 565 451 626 ergo
475 545 688 606 intendendum
712 554 759 605 est
781 548 893 628 animo,
919 554 954 606 ut
980 544 1052 605 haec
1080 544 1252 624 intellegere
1280 547 1459 625 possimus.
1484 564 1545 605 non

241 671 343 714 omnes
369 662 470 733 partes
499 654 641 713 orationis
671 653 807 732 aequales
831 663 901 714 sunt
925 701 932 714 .
956 671 1024 713 nam
1052 670 1159 713 nomen
1188 662 1218 713 et
1245 651 1367 714 verbum
1396 662 1426 714 et
1453 655 1544 732 parti-

240 762 351 839 cipium
379 762 458 821 inter
487 767 588 838 partes
615 778 719 820 omnes
748 760 910 841 excellunt3
942 769 1060 820 ceterae
1088 759 1134 820 bis
1166 759 1343 840 adpendices
1370 759 1508 820 videntur
1538 804 1545 818 .

240 875 362 950 0010,οῑ
384 884 546 946 pronomen
571 864 706 927 subiacet
728 869 854 947 nomini,
879 875 908 927 et
931 866 1021 928 verbo
1046 870 1137 928 servit
1155 867 1326 928 adverbium
1346 915 1352 927 .
1372 865 1545 927 coniunctio

240 991 359 1054 quoque
378 982 408 1035 et
425 975 606 1053 praepositio
629 972 664 1033 ad
689 973 856 1034 clientelam
879 976 1023 1035 maiorum
1045 977 1175 1055 partium
1197 977 1349 1055 pertinent
1367 1023 1375 1035 .
1392 973 1447 1033 bae
1471 990 1543 1051 ergo
1572 988 1586 1028 ⁵

239 1089 355 1163 partes,
386 1099 461 1161 quae
485 1080 662 1161 adpendices
686 1089 770 1161 suut,
798 1083 840 1142 sic'
867 1080 1029 1143 maioribus
1057 1082 1246 1164 copulantur,
1274 1090 1308 1143 ut
1335 1091 1484 1160 tamquam
1512 1081 1544 1140 in

240 1206 329 1249 unam
351 1198 466 1268 partem
489 1189 633 1248 orationis
656 1186 836 1269 coalescant,
864 1191 1018 1268 proprium
1046 1207 1116 1250 vero
1146 1190 1294 1268 fastigium
1321 1189 1460 1268 perdant,
1483 1205 1544 1246 non

240 1312 342 1355 omnes
366 1295 530 1375 dumtaxat,
554 1293 606 1354 sed
629 1293 789 1375 pleraeque
814 1344 820 1356 .
843 1294 981 1357 adverbia
1004 1314 1097 1376 pauca
1120 1296 1268 1374 fastigium
1292 1298 1443 1375 amittunt,
1466 1311 1543 1372 quae

240 1410 310 1462 sunt
331 1401 479 1482 locorum,
502 1401 620 1481 quando
643 1403 843 1463 confirmativa
866 1412 937 1464 sunt
960 1451 966 1463 .
990 1421 1058 1464 nam
1081 1406 1107 1464 si
1129 1405 1337 1482 interrogativa
1362 1402 1486 1481 luerint,
1509 1412 1545 1460 ut

240 1517 285 1569 est
309 1503 394 1588 ‘quo
417 1517 465 1591 te,
487 1508 612 1589 Moeri,
635 1503 781 1588 pedest'
806 1518 836 1570 et
854 1504 940 1589 ‘quo
963 1509 1072 1591 iugis,
1095 1504 1250 1570 Aeneai'
1270 1518 1300 1570 et
1319 1503 1395 1588 ‘qui
1413 1525 1544 1587 genus,
1559 1525 1586 1564 ro

239 1615 331 1675 unde
359 1609 498 1676 domo?'
526 1624 556 1676 et
584 1611 714 1695 ‘quove
746 1619 800 1678 ire
831 1615 951 1697 iubes,
984 1614 1043 1677 ubi
1071 1633 1206 1696 ponere
1234 1610 1386 1695 sedesi',
1415 1617 1543 1675 circum·

239 1721 401 1783 sseetonttu
431 1721 476 1782 vel
510 1731 658 1783 acuuntur
686 1725 767 1784 iuxta
795 1723 912 1804 regulas
941 1741 1016 1803 quae
1048 1723 1215 1803 praedictae
1247 1732 1317 1784 sont
1347 1770 1353 1782 .
1384 1724 1410 1782 si
1442 1730 1543 1782 autem

241 1829 442 1889 confirmativa
466 1829 576 1890 luerint
599 1830 702 1890 eadem
725 1830 875 1906 adverbia,
898 1829 1113 1912 gravabuntur,
1135 1839 1169 1892 ut

443 1935 519 2016 ille,
542 1936 653 2017 vides,
677 1955 766 2016 pura
789 1937 934 1998 iuvenis
958 1939 1019 2015 qui
1042 1938 1177 1997 nititur
1200 1936 1302 1998 basta
1326 1985 1333 1997 .

238 2043 287 2104 bic
306 2045 384 2104 enim
404 2037 479 2122 ‘qui'
498 2060 661 2122 pronomen
682 2022 799 2122 gravem
819 2046 909 2105 sumit
928 2051 1098 2126 accentum,
1122 2047 1189 2123 quia
1209 2062 1268 2104 non
1287 2045 1542 2125 interrogativum,
1558 2061 1584 2099 15

239 2149 291 2211 sed
312 2145 572 2232 'confirmativum
600 2157 646 2210 cst
674 2196 681 2209 .
709 2149 846 2211 adverbia
873 2150 1073 2210 confirmativa
1106 2160 1189 2231 sunt,
1221 2159 1255 2211 ut
1287 2145 1416 2229 ‘genus
1448 2150 1542 2211 tvnde

239 2251 423 2317 Latinum'
447 2265 477 2317 et
500 2256 585 2331 illud,

401 2373 458 2425 est
480 2363 552 2445 hic,
576 2371 631 2424 est
654 2366 791 2424 animus
814 2363 908 2425 lucis
932 2373 1163 2452 cont-emptor
1186 2373 1220 2425 et
1244 2367 1350 2426 istum

398 2473 459 2550 qui
481 2473 555 2532 vita
578 2469 667 2531 bene
692 2471 817 2532 credat
839 2474 924 2555 emi,
947 2490 1016 2552 quo
1039 2473 1174 2552 tendis,
1198 2472 1372 2532 bonorem
1396 2518 1402 2531 .

238 2578 286 2639 bic
310 2596 381 2658 ergo
405 2586 436 2638 et
459 2573 561 2639 ‘unde'
585 2588 615 2639 et
638 2574 721 2658 ‘quo'
744 2588 775 2640 et
798 2574 883 2660 ‘qui',
911 2581 979 2659 quia
1007 2580 1208 2640 confirmativa
1237 2587 1322 2660 sunt,
1350 2588 1509 2657 gravantur
1534 2592 1586 2640 .2⁰

240 2686 291 2747 sed
320 2684 393 2745 baec
423 2687 454 2745 in
486 2685 712 2765 pronominibus
740 2696 769 2748 et
797 2685 942 2747 adverbiis
975 2704 1068 2765 pauca
1101 2695 1184 2768 sunt,
1216 2689 1247 2746 in
1279 2683 1541 2746 coniunctionibus

237 2793 322 2873 plura
342 2840 349 2854 .
368 2810 436 2852 nam
455 2793 637 2872 copulativae
661 2803 691 2854 et
715 2795 907 2855 disiunctivae
931 2811 1024 2873 prope
1048 2812 1151 2854 omnes
1174 2802 1359 2873 gravantur.
1379 2791 1541 2872 expletivae

237 2899 339 2980 plures
358 2900 473 2979 fastigia
492 2904 649 2963 retinent.
669 2900 800 2963 causales
819 2909 918 2961 autem
936 2908 968 2961 et
986 2899 1143 2961 rationales
1158 2900 1301 2978 quaedam
1320 2917 1388 2959 eum
1408 2899 1543 2982 lastigiiS,

237 3006 309 3068 aliae
337 3009 419 3086 gravi
446 3017 570 3069 accentu
599 3008 822 3089 deprimuntur,
854 3006 931 3087 quod
964 3009 995 3068 in
1026 3011 1267 3088 pronuntiatione
1300 3007 1504 3088 deprehendes
1534 3057 1540 3069 .

237 3116 472 3194 praepositiones
491 3134 561 3175 vero
581 3134 684 3176 omnes
703 3118 766 3176 sine
786 3115 902 3193 lastigie
921 3122 1012 3175 sunt.
1032 3133 1103 3176 sane
1123 3115 1285 3176 notandum
1304 3124 1350 3176 est
1368 3114 1582 3175 adverbiorum

238 3327 451 3336 -ῃ

327 3465 575 3538 lintendendum]
594 3466 759 3544 intuendqm
778 3465 809 3520 F
877 3469 911 3521 ut
927 3466 998 3522 11000
1027 3467 1192 3537 intellegere
1219 3466 1356 3536 possimne
1377 3466 1406 3518 Β
1429 3467 1461 3519 01
1487 3465 1541 3519 hec

236 3545 399 3616 intellegere
418 3563 564 3616 possumus
580 3546 618 3599 M
633 3548 665 3599 ut
679 3546 869 3602 autintsllere
883 3547 1021 3616 possimus
1035 3547 1066 3601 F
1135 3546 1203 3615 non]
1218 3563 1283 3601 nam
1300 3547 1336 3599 Μ
1405 3551 1541 3614 3uppen-

237 3625 312 3682 dices
331 3642 390 3681 esse
409 3627 539 3682 videntur
558 3626 720 3693 Muellerus,
738 3625 905 3696 appendices
924 3644 983 3682 esse
1002 3627 1133 3682 uidentur
1151 3627 1234 3681 codex
1247 3626 1389 3681 Leidensrs
1403 3646 1412 3678 .·
1424 3627 1541 3692 fortasse

235 3716 404 3785 adpendices
427 3716 566 3770 habentur
637 3714 735 3768 uident
759 3714 789 3767 F
858 3721 875 3768 4
898 3701 1001 3771 serires
1024 3715 1056 3768 F
1129 3721 1146 3768 5
1169 3714 1337 3770 clientellum
1364 3715 1401 3768 M
1405 3714 1435 3767 F
1455 3712 1540 3768 clien-

235 3795 322 3850 tulem
340 3796 368 3849 Β
440 3795 588 3866 maiorum]
608 3794 745 3848 malarum
764 3793 795 3847 F
863 3794 918 3850 bne
936 3811 1003 3866 ergo
1022 3796 1053 3850 F
1068 3797 1139 3851 haec
1157 3811 1225 3865 ergo
1242 3795 1270 3848 Β
1288 3795 1340 3850 hec
1360 3811 1426 3864 ergo
1448 3795 1484 3847 Μ

236 3882 251 3930 't
272 3877 434 3931 coalescunt
453 3879 490 3932 M
561 3877 704 3947 proprium
723 3891 789 3929 nero
809 3874 840 3928 F
855 3880 879 3928 et
898 3877 981 3930 codex
999 3875 1154 3944 Leidenss's,
1172 3877 1316 3948 proprium
1335 3892 1401 3945 ergo
1419 3874 1490 3927 ΒΜ

235 3955 355 4023 perdent
367 3973 417 4013 om.
434 3958 478 4023 M,
492 3959 556 4015 ndei.
571 3958 613 4011 B:
626 3957 789 4028 perdent-
800 3972 889 4025 pauca
902 3955 1046 4026 festigium
1059 3959 1091 4012 in
1104 3975 1189 4028 marg.
1204 3958 1268 4012 add.
1283 3957 1314 4010 F
1383 3963 1399 4010 8
1413 3954 1541 4026 plerique

237 4035 273 4088 M
344 4037 481 4092 emittunt
504 4039 671 4103 Muellerus,
698 4035 851 4089 admittunt
877 4036 983 4090 BMF
1008 4042 1033 4091 et
1059 4039 1142 4093 codex
1165 4038 1307 4092 tattone
1379 4033 1540 4105 equando]

235 4123 283 4185 qm
302 4117 333 4171 F
404 4126 437 4173 10
456 4137 511 4188 quo
530 4122 559 4174 te
579 4134 671 4174 meere
691 4115 722 4169 F
739 4131 793 4183 qno
818 4118 848 4169 te
867 4114 973 4169 moneri
992 4116 1030 4170 Μ
1050 4120 1079 4172 10
1103 4117 1209 4173 moueri
1228 4118 1269 4171 B:
1293 4116 1370 4187 Verp.
1389 4118 1475 4170 bucol.
1494 4122 1539 4183 9,1

271 4216 326 4266 qno
345 4199 431 4270 iugis]
456 4199 534 4269 Verp.
554 4201 622 4254 Aen.
645 4198 675 4251 X
692 4201 747 4251 649
819 4194 867 4263 qui
890 4211 977 4265 genus
1000 4196 1072 4249 ΒΜ
1095 4198 1169 4267 quod
1192 4214 1280 4267 genus
1304 4198 1347 4251 F:
1372 4196 1539 4266 1700011000.

241 4276 399 4340 11111114
472 4286 502 4333 11
523 4280 618 4350 domo]
639 4278 724 4332 domu
744 4275 781 4327 M
851 4275 953 4345 quove]
979 4275 1057 4346 Verg.
1072 4279 1141 4332 Aeo.
1157 4279 1221 4331 ΙΙΙ
1232 4284 1272 4333 88
1344 4277 1435 4345 sedes]
1456 4277 1540 4330 debes

237 4360 271 4413 M
346 4367 377 4415 12
397 4359 504 4430 eutem]
523 4363 572 4414 001
591 4359 622 4413 F
692 4365 724 4412 13
743 4359 897 4426 grnuentnr
916 4355 947 4409 F
1018 4363 1051 4410 lt
1069 4357 1128 4428 ille]
1155 4358 1233 4428 Verg.
1251 4361 1321 4413 Aeo.
1347 4353 1392 4408 VI
1411 4361 1465 4409 760

237 4446 270 4493 16
290 4441 365 4511 0001]
386 4441 443 4495 sint
460 4441 488 4493 Β
568 4438 667 4509 genus]
698 4437 774 4506 Verg.
798 4439 868 4490 Aen.
893 4438 914 4489 Ι
931 4443 949 4492 6
1033 4441 1065 4491 18
1084 4441 1128 4492 est
1154 4438 1201 4492 hic
1229 4439 1303 4492 enim
1330 4436 1440 4490 enimus
1468 4434 1539 4489 lucis

236 4525 395 4590 quotemtor
414 4521 544 4575 01101010
565 4519 596 4573 F
611 4523 655 4573 est
677 4517 724 4572 hie
751 4517 825 4571 enlm
853 4515 961 4571 animus
984 4516 1054 4571 lucis
1074 4534 1130 4585 qno
1148 4519 1360 4587 temptorestum
1380 4515 1417 4568 M
1433 4519 1475 4569 001
1493 4514 1540 4568 bic

236 4601 310 4655 enim
329 4618 437 4655 ammos
459 4599 529 4654 lucis
553 4616 608 4669 quo
630 4600 754 4665 temptor
778 4600 839 4651 0010
863 4596 904 4649 B:
929 4596 1007 4666 Verg.
1026 4599 1094 4651 Aen.
1122 4597 1229 4650 VIIII
1245 4601 1303 4651 203
1377 4602 1409 4649 19
1434 4595 1494 4649 uite
1510 4593 1538 4645 B

235 4679 296 4733 0110
318 4680 348 4732 F
369 4679 458 4733 uitam
483 4682 520 4735 M
594 4679 649 4734 emi
674 4678 712 4731 M
732 4677 778 4732 eni
800 4677 828 4729 Β
852 4693 888 4731 00
911 4676 942 4728 F
1011 4684 1045 4731 23
1067 4676 1174 4747 plures]
1198 4675 1320 4744 plurales
1344 4675 1374 4727 F
1444 4677 1539 4728 autem

236 4764 286 4814 001
299 4760 329 4812 F
398 4759 493 4814 rodem
507 4778 570 4814 cum
584 4759 694 4828 fastigio
710 4759 747 4811 M
760 4779 768 4810 :
781 4759 896 4825 fortasse
909 4758 1047 4825 quaedem
1062 4775 1124 4811 cum
1138 4755 1253 4826 fastigio
1268 4757 1333 4808 0001
1405 4760 1438 4808 24
1453 4752 1538 4823 eliae]

236 4839 299 4894 eliis
318 4839 348 4893 F
417 4839 607 4909 deprimentur
627 4838 654 4890 Β
726 4835 931 4906 depraecendas
951 4837 989 4890 M
1057 4842 1091 4891 25
1111 4834 1277 4890 adverbium
1295 4849 1345 4889 orn.
1366 4833 1404 4887 M
1421 4840 1429 4855 ⁸
