3316 5474
285 1198 398 1298 ΑΒΕ
431 1198 721 1299 attondit
757 1198 834 1298 DE
866 1197 1340 1299 ORTHOGRAPHIA

347 1524 520 1592 DOMINO
544 1523 771 1592 EVOHERIO
794 1521 1005 1591 EPISOOPO
1028 1523 1255 1592 AGROEOIV
1257 1526 1279 1593 S

161 1643 184 1680 p.
199 1632 290 1672 22651‘.

248 1706 394 1769 Libellum
422 1707 509 1788 Capri
540 1707 576 1769 de
600 1709 809 1789 orthographia
832 1710 940 1771 misisti
963 1708 1044 1768 mihi.
1085 1707 1158 1769 haec
1182 1727 1301 1789 quoque
1324 1728 1374 1770 res
1396 1728 1464 1789 pro·

160 1817 257 1895 posito
281 1823 332 1876 tuo
356 1823 386 1876 et
409 1814 543 1876 moribus
566 1818 625 1876 tuis
649 1833 780 1895 congrua
806 1825 861 1898 est,
884 1824 925 1897 nt,
949 1818 999 1895 qni
1023 1833 1077 1876 nos
1095 1817 1126 1875 in
1145 1815 1234 1876 huius
1252 1818 1329 1878 vitae
1348 1814 1463 1877 actibus

161 1923 312 2001 corrigere
339 1924 396 2002 ris,
424 1924 512 1982 etiam
539 1923 570 1981 in
598 1920 749 1983 scribendi
771 1923 878 1984 studiis
906 1921 1088 1984 emendares.
1130 1922 1203 1983 nihil
1231 1942 1302 2003 ergo
1331 1923 1410 1999 quod
1434 1924 1464 1983 in

162 2030 248 2091 nobis
271 2041 317 2091 est
339 2030 468 2091 alienum
491 2047 507 2088 a
531 2031 721 2108 castigatione
745 2038 795 2091 tua
819 2029 930 2091 credis:
957 2031 1055 2090 omnia
1078 2038 1193 2113 nostra,
1221 2039 1251 2092 et
1280 2048 1355 2110 qnae
1384 2030 1465 2092 dictu

134 2144 251 2217 bparsa
275 2145 358 2219 sunt,
388 2136 523 2198 sollicita·
536 2136 640 2216 indage
664 2139 796 2220 rimaris,
823 2156 839 2197 a
863 2136 987 2198 vivendo
1010 2137 1047 2198 ad
1070 2137 1276 2219 scribendum,
1304 2137 1340 2197 ab
1368 2140 1465 2198 animo

162 2244 198 2305 ad
227 2262 359 2326 manum,
386 2262 404 2304 a
432 2244 522 2305 corde
545 2243 580 2305 ad
609 2243 768 2306 articulum
795 2246 941 2324 pervenis.
983 2244 1039 2306 hoc
1068 2253 1114 2306 est
1142 2263 1211 2306 vere
1240 2262 1389 2307 summum
1418 2245 1465 2304 dei

162 2351 347 2413 sacerdotem
376 2371 453 2426 esse,
484 2353 659 2413 commissos
690 2350 745 2412 sihi
775 2350 924 2433 homines,
956 2360 991 2413 nt
1020 2355 1078 2432 ipsi
1101 2352 1213 2434 dicitis,
1243 2362 1273 2412 et
1301 2349 1466 2412 secundnm

161 2462 298 2540 spiritum
322 2458 456 2520 imbuere
481 2467 510 2520 et
533 2457 697 2520 secundum
715 2457 844 2519 litteram
863 2458 1035 2538 perdocere.
1072 2459 1142 2521 huic
1162 2476 1232 2539 ergo
1252 2458 1339 2538 Capri
1358 2456 1467 2538 libello,

161 2569 212 2645 qui
235 2574 281 2627 est
304 2567 341 2626 de
364 2565 573 2646 orthographia
597 2573 628 2627 et
657 2566 693 2627 de
716 2567 897 2644 proprietate
921 2584 954 2625 ac
978 2565 1144 2627 differentia
1168 2583 1355 2646 sermonum,
1378 2584 1466 2644 qnae·

122 2682 147 2720 ¹⁰
161 2672 228 2733 dam
252 2672 404 2734 adicienda
428 2672 551 2753 subieci,
574 2691 633 2733 non
657 2671 737 2752 quod
760 2674 805 2732 vir
827 2680 925 2733 tantae
948 2674 1072 2752 peritiae
1095 2673 1205 2753 aliquid
1224 2674 1466 2753 praetermiserit,

162 2788 221 2839 tam
252 2779 352 2840 multis
379 2782 554 2860 praesertim
583 2779 748 2840 litterarum
778 2779 919 2859 operibns
942 2778 1110 2841 celebratus
1133 2783 1217 2843 etin
1241 2766 1466 2842 commentando

162 2888 251 2946 etiam
279 2885 421 2948 Cicerone
450 2888 643 2968 praecipuus,
674 2887 726 2946 sed
754 2887 823 2965 qnia
850 2905 905 2947 nos
933 2885 1062 2947 difficilia
1088 2895 1229 2966 putamus
1256 2906 1332 2968 quae
1362 2888 1410 2949 iile
1434 2897 1467 2949 nt

252 3097 288 3150 M
305 3097 389 3151 codex
408 3095 668 3164 Montepcssutanus
686 3098 742 3148 306

251 3175 279 3228 Β
298 3176 382 3231 codex
398 3175 548 3230 chmsis
566 3179 622 3230 432

252 3254 277 3308 0
292 3257 376 3311 codex
391 3256 542 3314 Bernessss's
560 3259 617 3310 338

321 3337 473 3391 eddadem
490 3337 592 3391 codicia
609 3339 743 3391 corrector

250 3432 266 3474 ς
289 3417 420 3471 editiones
443 3419 651 3486 antiquissimae
672 3435 707 3473 ex
729 3417 846 3471 editiom
865 3413 966 3470 Vesuta
983 3415 1098 3470 Nicolas'
1115 3415 1232 3472 Ierteom'
1253 3432 1407 3487 expectem
1432 3433 1466 3472 cx

285 3497 385 3566 quidus
400 3514 496 3566 pauca
514 3498 656 3567 odom-ipio
673 3500 739 3552 mmt

245 3593 267 3646 p
273 3577 369 3668 [dim
391 3575 532 3644 Petronii,
550 3593 584 3632 cs
601 3594 657 3646 quo
674 3577 737 3632 item
751 3592 847 3646 posca
861 3576 1007 3668 [διαιρῶ
1023 3582 1089 3632 sunt
1303 3663 1357 3671 -

250 3673 346 3728 EPLA
364 3672 542 3765 Annonem
556 3675 606 3729 AD
624 3673 843 3730 EUCHERIUM
860 3674 936 3728 ΒΡΜ
951 3674 1071 3730 Domino
1084 3693 1147 3731 meo
1161 3677 1357 3769 eucherio-epo
1367 3693 1465 3747 agroe-

160 3773 216 3828 tius
247 3774 365 3829 salutem
393 3773 431 3826 M
461 3771 545 3825 INCP
573 3770 644 3825 Alis
666 3771 846 3841 {Annonem
872 3771 922 3825 DE
949 3770 1213 3829 OR'I'HOGRAFIA
1236 3774 1314 3830 DNO
1338 3773 1467 3829 eucherio

160 3871 291 3941 episcopo
310 3868 450 3940 agroetius
467 3869 496 3923 B
519 3857 621 3925 mori
637 3870 707 3924 mes
725 3868 900 3925 nonnam
924 3868 1106 3925 pernoram
1129 3872 1179 3926 me
1198 3870 1461 3927 osroenorum

161 3950 355 4005 FELICITER
376 3950 496 4007 Domino
522 3948 652 4005 eucherio
672 3950 803 4020 episcopo
826 3947 968 4020 agroetius
987 3947 1012 4002 0
1032 3949 1183 4020 Agroetius
1205 3954 1241 4008 de
1264 3952 1467 4022 orthographia

160 4033 190 4086 et
206 4031 377 4101 proprietate
397 4037 426 4087 et
443 4030 602 4086 differentis
619 4030 761 4085 sermonis.
788 4030 908 4085 Domino
927 4045 990 4085 meo
1003 4029 1142 4087 Eucherio
1155 4033 1295 4104 Episcopo
1314 4032 1465 4103 Agroetius

161 4111 280 4167 salntem
300 4113 405 4170 dieite
477 4119 491 4166 1
510 4111 623 4183 pposito
640 4112 668 4165 Β
743 4110 834 4166 Μιιίι
848 4110 939 4167 om,0
1007 4113 1040 4166 ut
1058 4113 1107 4181 qui
1125 4132 1176 4169 nos
1197 4115 1235 4168 M
1251 4116 1283 4168 nt
1301 4129 1355 4185 qup
1374 4128 1425 4165 nos
1444 4109 1468 4163 0

160 4194 193 4245 ut
211 4199 267 4259 quei
285 4209 349 4263 nos,
367 4194 413 4248 scd
431 4193 515 4247 deleto
533 4209 585 4247 nos
602 4193 640 4260 B,
658 4195 691 4246 ut
708 4191 776 4263 quia
793 4190 904 4246 scilicet
920 4205 971 4279 pos
988 4205 1005 4247 ς
1082 4197 1098 4246 3
1118 4209 1185 4262 ergo
1204 4192 1291 4263 quod]
1311 4207 1422 4259 quoque
1442 4188 1467 4243 0

213 4331 231 4379 4
250 4326 338 4381 credis
358 4327 452 4382 omnia
468 4327 497 4381 B
516 4273 611 4398 credda
630 4325 725 4381 omnis
744 4326 779 4379 M
798 4324 887 4382 credis
906 4342 969 4380 cum
988 4326 1082 4381 omnia
1101 4326 1126 4381 G
1195 4325 1280 4381 etiam
1299 4340 1409 4395 qnaep

161 4407 295 4478 sparos]
314 4424 403 4477 prauo
422 4407 456 4476 0,
475 4407 521 4462 nel
538 4423 628 4477 parus
645 4421 811 4476 simmam
891 4406 967 4477 sunt]
988 4405 1045 4460 sint
1061 4404 1089 4457 B
1171 4410 1266 4460 'iesse
1284 4420 1335 4460 oso.
1356 4404 1466 4460 MBG:

162 4505 302 4541 snmmnm
321 4486 495 4542 sacerdotem
514 4485 559 4541 dei
577 4486 675 4544 esses¹
741 4493 765 4556 8,
775 4486 927 4556 perducere
947 4486 984 4540 M
1045 4484 1122 4554 capri
1140 4483 1213 4540 libro
1232 4485 1278 4539 uel
1296 4485 1393 4541 libello
1411 4485 1466 4541 Bo

214 4568 298 4637 tiqui
316 4569 371 4639 est]
391 4583 474 4635 quem
493 4565 540 4632 M,
558 4582 608 4622 osa.
626 4566 686 4621 ΒΟ
765 4573 798 4621 10
816 4584 871 4623 non
890 4566 966 4636 qnod
983 4564 1043 4619 ΒΟ
1057 4581 1114 4619 ιιοιι
1133 4563 1201 4632 qnia
1217 4563 1256 4616 Μ
1334 4571 1366 4618 11
1389 4566 1418 4620 et
1435 4563 1464 4618 in

161 4649 381 4705 commendando
407 4648 493 4703 etiam
520 4647 646 4702 ciceroni
674 4647 842 4714 (ciceceroni
868 4664 937 4703 corr.
960 4662 1007 4700 -ne
1030 4645 1067 4714 0)
1090 4642 1258 4721 praecipuus
1279 4644 1339 4699 BG
1359 4647 1389 4700 et
1417 4645 1466 4715 qui

160 4729 375 4783 commentando
394 4729 481 4784 etism
500 4729 624 4784 cicerone
642 4725 809 4798 proecipuus
826 4728 868 4785 M.
894 4730 1010 4795 sortasse
1028 4729 1058 4781 et
1076 4724 1126 4795 qni
1144 4725 1359 4780 commentando
1378 4725 1465 4781 etism

163 4811 294 4867 Cicerone
314 4814 357 4866 est
374 4811 541 4883 praecipuus
616 4815 648 4864 12
667 4809 717 4864 sed
734 4808 812 4880 quia]
832 4807 892 4863 siue
911 4815 968 4879 qm's
985 4808 1014 4863 Β
1032 4805 1081 4861 sed
1099 4805 1125 4864 C

215 4920 370 4952 osmarrcr
384 4921 470 4952 carm
491 4919 534 4951 vn.
1235 4901 1252 4951 8
