3316 5474
630 386 679 438 DE
698 385 985 442 oauuouaal’ffln
1161 466 1165 474 Ι
1401 381 1466 446 195

156 499 178 534 p.
192 483 250 525 2808.
266 486 278 524 9
293 484 319 525 Ρ.

156 571 249 648 prima
275 571 426 629 nominum
450 567 558 647 syllaba
583 570 719 631 dedimus
742 575 887 632 rationem
911 565 996 653 (bibo
1019 587 1139 649 quoque
1162 577 1285 647 propter
1308 567 1463 626 discretio·

158 694 225 736 nem
248 694 264 736 a
288 678 345 736 vita
370 695 424 755 per
448 695 472 755 v,
496 694 512 734 a
536 686 607 756 potu
633 696 686 757 per
709 678 728 737 b
751 678 943 739 scribendum
967 685 1025 756 est3
1050 685 1080 736 et
1102 675 1190 756 abeo,
1213 674 1242 734 id
1266 682 1312 734 est
1335 671 1464 751 discedo,

157 782 232 843 obeo
251 786 415 863 circumeo,
439 783 531 844 subeo
551 784 680 845 succedo
700 804 734 845 ac
753 785 858 845 similia
882 785 1135 863 praepositionum
1153 782 1246 861 gratia
1269 799 1324 860 per
1344 780 1364 840 b
1386 779 1463 840 arbi·

158 897 221 949 tror
249 889 419 972 scribenda,
457 893 545 953 etiam
573 891 750 971 deponentia
779 891 798 951 b
827 899 937 951 mutam
966 893 996 951 in
1026 892 1173 970 scriptura
1202 879 1407 950 tenere‘nsus
1438 896 1469 948 et

131 998 342 1059 sconsuetudo
371 978 535 1076 antiquitus
565 993 714 1080 tradidit);
747 998 891 1079 reliquaS,
918 1007 952 1059 ut
981 1000 1059 1058 vires
1086 997 1251 1074 sufficiunt,
1280 1014 1337 1057 una
1366 994 1468 1073 regula

157 1103 287 1181 generali
313 1112 440 1165 tractare
464 1106 688 1188 temptabimus,
712 1108 821 1186 quippe
842 1105 953 1184 regulis
977 1108 1007 1166 in
1027 1106 1196 1168 nominibus
1220 1105 1295 1166 datis
1323 1105 1415 1165 brmis
1434 1121 1468 1162 ac

158 1210 360 1294 manentibus,
383 1215 471 1273 etiam
495 1215 574 1273 siin
598 1212 686 1273 verba
711 1213 885 1292 ligurantur.
922 1223 956 1274 ut
979 1216 1057 1274 enim
1079 1212 1168 1272 rerba
1191 1215 1222 1273 in
1247 1231 1353 1273 nomen
1380 1210 1467 1272 ducta

158 1316 317 1378 verborum
342 1319 459 1398 regulas
481 1339 541 1381 non
566 1323 717 1401 amittunt,
745 1323 784 1380 ita
808 1322 926 1380 nomina
956 1319 1021 1379 loco
1053 1321 1148 1399 posita
1171 1318 1332 1379 verborum
1355 1319 1469 1396 origine

160 1424 329 1503 regularum
353 1446 454 1487 carere
479 1447 538 1488 non
560 1436 694 1507 possunt
1104 1486 1111 1496 .

120 1548 146 1585 1⁰
248 1531 328 1610 Ergo
355 1535 380 1592 si
411 1542 527 1614 tempus
558 1538 752 1614 praeteritum
776 1535 856 1596 modi
878 1534 1029 1595 indicativi
1053 1536 1083 1595 in
1107 1536 1134 1593 vi
1158 1535 1361 1594 terminaverit
1383 1530 1468 1611 sylla·

160 1636 240 1718 bam,
269 1639 363 1699 media
393 1651 481 1720 atque
511 1641 612 1703 ultima
646 1623 755 1722 syllaba
779 1639 784 1723 Ι
810 1660 955 1721 personae
983 1644 1094 1721 primae
1129 1643 1271 1720 temporis
1302 1640 1469 1720 praesentis

160 1762 213 1823 per
236 1764 253 1803 v
278 1745 407 1807 vocalem
431 1746 496 1808 loco
521 1750 646 1828 positam
667 1750 858 1810 consonantis
881 1748 1043 1829 scribetur,
1068 1747 1200 1827 eoquod
1225 1766 1312 1807 omne
1336 1754 1467 1826 praeter·

160 1852 233 1912 itum
258 1854 425 1931 perlectum
449 1857 475 1915 vi
498 1855 609 1934 syllaba
633 1858 822 1917 terminatum
852 1864 971 1935 praeter
999 1855 1060 1916 bibi
1083 1874 1137 1935 per
1159 1875 1176 1913 v
1200 1854 1354 1936 scribitur,
1384 1855 1468 1914 foveo

160 1958 232 2038 lovi,
261 1960 343 2021 laveo
367 1962 437 2042 lavi,
468 1982 569 2023 moveo
593 1966 684 2044 movi,
713 1981 805 2042 paveo
828 1964 894 2042 pavi
918 1962 964 2022 vel
988 1961 1144 2042 [expaveo]
1169 1964 1285 2043 expavi,
1313 1962 1376 2022 lavo
1405 1962 1471 2041 lavi,

122 2080 147 2119 1⁵
162 2067 230 2127 iuvo
253 2069 327 2149 iuvi,
350 2071 447 2129 servio
471 2073 592 2151 servivi5
619 2073 752 2149 exceptis
775 2069 871 2129 lambo
894 2068 1025 2146 lambivi,
1048 2069 1145 2129 ambio
1165 2068 1272 2129 ambivi
1295 2088 1329 2128 ac
1352 2068 1471 2152 talibus,

234 2246 248 2292 1
268 2238 398 2294 dedimus
412 2242 472 2295 AB
487 2242 636 2297 didicimus
651 2241 675 2295 0
727 2248 743 2294 2
759 2241 872 2295 discedo
886 2241 936 2298 ςΑ
950 2240 1082 2297 discendo
1097 2240 1270 2296 Odescendo
1284 2240 1313 2294 Β
1366 2247 1382 2295 3
1402 2240 1472 2295 obeo

162 2315 300 2372 circumeo
311 2318 417 2390 Carrio,
428 2322 499 2377 abeo
509 2320 647 2377 circumeo
658 2319 749 2375 ABG
782 2319 903 2374 arbitror
915 2320 1062 2375 scribenda
1069 2320 1155 2375 etiam
1165 2320 1330 2390 deponenda
1338 2320 1357 2373 b
1365 2321 1472 2375 mutam

161 2397 189 2451 B
207 2398 328 2453 arbitror
346 2400 493 2455 scribenda
507 2405 536 2454 et
553 2399 724 2471 deponentia
737 2400 885 2454 mutamA
906 2395 1029 2456 arbitror
1047 2399 1194 2454 scribenda
1208 2416 1268 2454 esse
1287 2398 1472 2468 deputantum

162 2472 373 2544 (conf-andum
387 2482 412 2548 c)
428 2483 507 2534 muta
522 2479 546 2534 0
590 2488 605 2534 ὁ
620 2479 724 2549 qnippe
738 2479 843 2549 regulis
860 2479 933 2549 qu
946 2479 1051 2550 regulis
1065 2479 1092 2531 A
1107 2481 1277 2548 quapropter
1290 2477 1394 2548 regulis
1408 2478 1436 2531 B

163 2559 242 2612 'tetsi
258 2559 469 2628 (emetiamsi)
487 2561 516 2613 in
531 2559 616 2614 uerba
630 2561 658 2627 (a
672 2561 739 2627 ros.)
754 2559 781 2612 Β
796 2559 849 2613 etsi
863 2559 892 2613 in
907 2559 1036 2614 uerbisA
1052 2558 1127 2613 dein
1143 2558 1270 2613 uerbisG
1320 2558 1472 2614 innomine
1521 2558 1526 2568 ’

163 2636 282 2692 ductaG
320 2639 548 2694 8ammittuntB
590 2638 858 2709 ltssexpaveoomB
901 2646 932 2693 15
947 2640 1043 2694 lambo
1052 2639 1139 2693 lambi
1150 2638 1244 2694 ambio
1253 2638 1472 2693 ambibiAlam-

162 2716 210 2771 bio
224 2718 341 2773 lambibi
356 2719 450 2773 ambio
465 2719 572 2774 ambibi
585 2720 613 2773 Β
627 2719 721 2775 lambo
734 2719 852 2775 lambibi
867 2719 961 2775 ambio
976 2718 1083 2774 ambibi
1098 2718 1127 2774 0.
1144 2719 1225 2786 ‘sorte
1240 2717 1361 2772 cambio’
1372 2716 1472 2772 Carrio

887 2886 976 2891 .-
982 2886 985 2890 .
1197 2886 1226 2891 -
1232 2884 1285 2891 „-
1293 2882 1469 2890 --.-.-—---

617 2987 801 3041 Mnuut‘ttu
820 2986 868 3039 DE
890 2987 910 3040 B
929 2986 976 3039 ΕΤ
995 2984 1020 3039 V

165 3152 319 3233 scribitur,
354 3162 477 3233 excepto
512 3153 623 3234 baiolo,
656 3152 747 3214 bullio
775 3145 938 3231 ἆναπηδώ
969 3153 1057 3211 etiam
1087 3153 1167 3211 iuxta
1200 3170 1287 3231 quam
1318 3153 1349 3211 in
1378 3153 1472 3230 prima

165 3261 318 3319 nominum
342 3259 380 3319 bu
401 3259 509 3338 syllaba
536 3259 671 3319 dedimus
695 3261 854 3340 rationem,
877 3258 945 3318 bibo
969 3276 1088 3337 quoque
1111 3267 1234 3338 propter
1252 3257 1473 3336 discretionem,

165 3373 196 3425 et
218 3365 291 3426 abeo
315 3365 390 3425 obeo
414 3365 506 3425 subeo
530 3384 564 3425 ac
588 3364 692 3426 similia
715 3366 969 3445 praepositionum
991 3364 1099 3445 gratia,
1121 3364 1250 3425 arbitror
1272 3366 1359 3424 etiam
1383 3363 1471 3442 depo·

167 3490 241 3532 nens
264 3472 283 3531 b
307 3481 416 3533 mnam
441 3475 470 3532 in
495 3474 641 3551 scriptura
666 3481 769 3534 tenere
793 3490 865 3534 usus
889 3479 919 3531 et
942 3469 1127 3531 consuetodo
1151 3473 1314 3551 antiquitus
1338 3468 1472 3548 tradidit3

138 3569 316 3659 vrettqnas,
339 3587 371 3639 ut
394 3581 472 3638 vires
496 3580 661 3659 sufficiunt,
690 3597 747 3640 uua
771 3578 873 3658 regula
900 3578 1078 3658 generaliter
1102 3587 1229 3640 tractare
1253 3576 1472 3657 temptabimus,

121 3753 125 3761 ,
166 3687 275 3763 quippe
303 3684 414 3763 regulis
442 3687 472 3745 iu
502 3686 671 3746 nominibus
699 3687 774 3747 datis
803 3687 896 3746 tirmis
924 3685 1125 3766 manentibus,
1153 3688 1242 3747 etiam
1271 3688 1296 3746 si
1324 3686 1354 3745 in
1383 3682 1473 3743 verba

167 3791 338 3868 ligurantur.
377 3800 409 3851 ut
432 3793 510 3851 enim
530 3792 618 3853 verba
636 3795 668 3853 in
687 3812 795 3854 nomen
814 3793 903 3854 ducta
921 3791 1080 3852 verborum
1102 3792 1219 3871 regulas
1241 3812 1302 3853 non
1326 3793 1473 3864 amittunt,

166 3897 205 3956 ita
234 3900 351 3958 nomina
381 3898 445 3957 loco
474 3900 570 3977 posita
593 3897 752 3959 verborum
775 3901 889 3978 origine
913 3899 1083 3977 regidarum
1107 3917 1209 3959 carere
1233 3917 1293 3959 non
1321 3905 1472 3977 poterunt.

255 4003 333 4083 Ergo
358 4007 383 4063 si
407 4014 523 4084 tempus
546 4007 741 4084 praeteritum
759 4004 839 4065 modi
862 4005 1011 4065 indicativi
1031 4007 1061 4065 in
1080 4007 1108 4065 vi
1132 4007 1335 4066 terminaverit
1353 4002 1472 4083 syllaba,

130 4122 154 4159 1⁰
170 4109 264 4169 madia
288 4119 376 4188 atque
396 4111 497 4171 ultima
517 4110 626 4190 syllaba
648 4129 794 4190 personae
816 4113 930 4190 primae
949 4113 1092 4188 temporis
1115 4113 1253 4172 instantis
1276 4128 1329 4190 per
1348 4128 1366 4168 v
1389 4126 1472 4168 voca·

167 4215 225 4275 lem
253 4215 317 4275 loco
342 4220 466 4296 positam
491 4218 681 4277 consonantis
704 4215 887 4295 scribentur,
917 4234 952 4275 eo
976 4215 1054 4294 quod
1078 4235 1165 4277 omne
1188 4217 1382 4296 praeteritum
1405 4231 1471 4293 per·

168 4320 278 4382 lectum
297 4325 324 4383 vi
344 4324 452 4403 syllaba
476 4326 666 4384 terminatum
690 4331 808 4402 praeter
827 4320 887 4381 bibi
911 4340 964 4400 per
983 4340 1000 4378 v
1023 4320 1191 4400 digammon
1214 4321 1368 4400 scribitur,
1388 4322 1472 4381 loveo

169 4427 242 4507 lovi,
266 4429 348 4489 faveo
373 4433 443 4512 lavi,
467 4449 570 4490 moveo
594 4430 685 4509 movi,
708 4447 799 4507 paveo
823 4429 888 4507 pavi
913 4425 957 4486 vel
981 4429 1097 4508 expavi,
1124 4427 1188 4488 lavo
1212 4428 1283 4508 lavi,
1310 4429 1379 4487 iuvo
1403 4429 1472 4508 iuvi,

258 4611 387 4666 lbaiulo
406 4610 541 4665 Pbaiolo
559 4609 592 4662 N
656 4603 794 4678 ἀναπηδῶ
813 4625 864 4664 om.
884 4608 912 4663 P
975 4608 1040 4662 3et
1058 4607 1128 4663 abeo
1146 4608 1265 4663 obeo—
1285 4609 1304 4663 b
1321 4610 1429 4664 maim
1449 4609 1477 4662 P

168 4688 252 4744 tabeo
270 4690 341 4745 obeo
360 4692 446 4747 subeo
468 4692 498 4744 et
521 4688 624 4743 similia
647 4687 867 4758 prepositionum
889 4688 1053 4759 gratiatur
1076 4700 1202 4757 συναψαι
1225 4688 1358 4745 arbitror:
1387 4691 1472 4746 etiam

169 4769 310 4840 deponens
324 4788 374 4840 per
387 4773 406 4826 b
420 4773 527 4825 mutam
545 4770 578 4822 N
628 4767 864 4839 itemptavimus
883 4769 947 4823 NP
997 4767 1152 4823 'ideducta
1170 4767 1198 4822 P
1248 4771 1435 4840 aparuerunt
1448 4770 1477 4823 P

205 4857 221 4903 9
240 4850 269 4904 in
287 4865 337 4903 om.
360 4850 387 4903 P
459 4855 491 4904 12
510 4847 654 4921 scribitur]
675 4847 834 4909 scribuntur
850 4848 890 4917 N,
908 4866 959 4905 oro.
978 4848 1008 4904 P

1205 4941 1259 4993 ta*
