3316 5474
212 344 277 408 318
782 341 940 397 AVDACIS

213 529 349 588 codicum
390 530 568 607 scripturam
609 528 820 589 emendandam
858 525 992 586 valebant
1033 524 1189 604 adscripsi;
1237 542 1376 585 nurneros
1418 532 1519 584 autem

213 638 386 716 paginarum
417 646 446 697 et
470 654 609 696 versuum
634 635 771 696 editionis
795 635 952 710 Victorini,
981 630 1031 695 ubi
1055 633 1104 693 ille
1128 651 1196 693 cum
1220 634 1337 694 11111111
1361 634 1520 706 consentit,

213 746 244 803 in
268 742 450 822 marginibus
473 745 560 822 posui
584 791 590 803 .
614 743 695 803 locos
718 745 977 823 grammaticorum
1001 743 1052 821 qui
1075 741 1202 801 dudacis
1226 740 1301 800 libro
1325 743 1372 801 usi
1395 747 1466 802 serrat
1489 749 1521 800 et

214 850 295 910 locos
322 848 413 910 Probi
440 868 508 910 eum
532 849 581 910 illo
605 851 825 910 consentientes
848 854 915 950 ante,
939 847 1157 908 adnotationem
1182 849 1339 926 separatim
1363 847 1489 908 indicavi
1513 895 1520 908 .

215 959 337 1037 paginae
361 957 499 1017 editionis
522 955 657 1016 Halensis
681 958 711 1015 in
735 957 890 1035 superiore
914 955 1045 1033 margine
1069 952 1213 1014 indicatae
1237 961 1315 1015 sunt.

282 1062 324 1124 De
359 1064 463 1124 Scauri
501 1072 532 1123 et
563 1061 683 1123 Palladii
719 1062 817 1143 libris,
854 1081 889 1122 ex
923 1061 1032 1141 quibus
1070 1069 1208 1141 excerpta
1247 1081 1278 1121 se
1316 1063 1520 1140 composuisse

216 1172 409 1249 inscriptione
437 1168 506 1230 libri
534 1169 634 1229 Atrdax
664 1168 816 1249 indicavit,
850 1168 923 1229 nihil
956 1170 1115 1229 memoriae
1146 1168 1296 1248 proditum
1326 1179 1380 1229 est.
1423 1187 1522 1247 neque

216 1286 314 1338 tamen
338 1278 455 1338 videtur
479 1276 607 1337 dubitari
631 1294 718 1356 posse
739 1277 811 1355 quin
831 1275 937 1336 Scauri
960 1294 1067 1336 nomen
1092 1274 1127 1336 ad
1151 1278 1282 1355 priorem
1305 1286 1418 1355 partem
1443 1275 1522 1355 libri,

217 1387 247 1445 in
271 1402 328 1463 qua
351 1383 491 1465 plurima,
514 1392 548 1445 ut
567 1385 640 1464 dixi,
663 1402 732 1444 cum
750 1382 867 1444 dnobus
887 1382 1029 1443 Victorini
1047 1381 1154 1443 libellis
1173 1386 1377 1456 consentiunt,
1400 1382 1522 1443 Palladii
1578 1393 1580 1396 ⁴

218 1510 325 1552 nomen
357 1489 392 1551 ad
422 1509 455 1552 ea
488 1509 563 1570 qnae
596 1493 626 1550 in
659 1493 824 1570 posteriore
854 1498 937 1571 parte
962 1509 997 1551 ex
1024 1489 1115 1551 Probi
1142 1493 1286 1574 institutis
1309 1492 1418 1550 artium
1444 1507 1521 1568 quae

218 1599 356 1659 teruntur
379 1597 502 1658 collecta
526 1605 596 1658 saint
619 1600 828 1677 grammaticus
857 1600 1007 1678 pertinere
1037 1597 1172 1658 voluerit.
1210 1606 1240 1657 et
1264 1597 1376 1657 Scauro
1400 1595 1522 1675 quidem

219 1723 277 1764 non
311 1703 408 1765 rudlae
441 1705 628 1765 definitiones
661 1724 736 1784 qnae
774 1707 803 1764 in
841 1706 924 1765 initio
961 1702 1029 1763 libri
1062 1703 1098 1763 ab
1132 1703 1249 1763 Arrdace
1287 1706 1414 1783 scriptae
1453 1711 1524 1762 sunt

218 1810 393 1872 tribuuntur
416 1811 591 1872 aDiomede
616 1821 646 1872 et
669 1811 704 1872 ab
729 1831 763 1871 eo
788 1815 839 1892 qui
863 1811 1082 1891 explanationes
1105 1813 1135 1871 in
1160 1811 1306 1871 Donatum
1329 1829 1449 1889 gramm.
1474 1809 1523 1870 lat.

219 1939 243 1978 v.
272 1917 309 1977 lV
348 1938 376 1997 p.
409 1915 474 1979 486
514 1936 578 1997 sqq.
616 1918 709 1979 editas
751 1920 884 1998 scripsit,
928 1917 1060 1977 delinitio
1097 1919 1170 1977 artis
1207 1917 1283 1996 expl.
1320 1938 1347 1997 p.
1383 1914 1464 1996 486,
1503 1914 1523 1977 9

220 2027 358 2086 Scaurus
381 2043 452 2086 vero
476 2028 547 2085 111111
570 2029 669 2102 eoepit
692 2019 757 2084 ‘ars
776 2034 822 2086 est
839 2029 986 2100 caritasque
1005 2028 1054 2085 rei
1069 2028 1199 2085 seientia
1218 2043 1274 2085 usa
1294 2028 1342 2085 ael
1358 2028 1525 2085 traditione

219 2127 380 2208 suscepta',
409 2135 481 2207 quia
510 2141 607 2192 artem
636 2135 778 2192 doctriua
806 2134 854 2192 uel
881 2150 938 2192 asu
969 2134 1123 2192 cotidiano
1152 2135 1352 2211 percipimus,
1385 2131 1524 2191 elementi

221 2238 267 2298 vel
285 2240 361 2298 initii
380 2237 417 2297 ib.
437 2258 464 2318 p.
484 2234 563 2319 535,
582 2236 603 2300 5
621 2240 703 2298 uude
721 2239 860 2299 Scaurus
880 2233 1011 2299 ‘initiam
1029 2257 1049 2297 a
1067 2256 1126 2313 quo
1145 2242 1275 2299 sumitur
1294 2234 1524 2300 irreremeaturn'

222 2355 251 2405 et
279 2344 372 2405 Diom.
400 2364 428 2424 p.
456 2341 535 2424 421,
565 2341 619 2425 16,
647 2352 681 2404 ut
708 2343 838 2417 videtur,
867 2346 1007 2405 Scaurus
1033 2348 1079 2404 sic
1107 2364 1174 2406 cam
1203 2349 1319 2421 definit,
1350 2351 1452 2407 littera
1482 2355 1525 2406 est

222 2456 302 2514 uocis
326 2456 392 2513 eius
414 2470 494 2527 quae
516 2454 614 2512 scribi
632 2459 730 2527 potest
749 2451 867 2527 forma:
895 2456 1071 2514 elementum
1100 2461 1145 2512 est
1170 2457 1294 2514 minima
1323 2458 1367 2513 ais
1394 2457 1525 2514 11111111·-

223 2563 347 2623 risibilis
371 2563 500 2621 materia
524 2562 605 2620 vocis
628 2562 816 2621 articulatae
839 2564 887 2621 vel
907 2564 997 2621 unius
1021 2564 1169 2635 cuiusque
1191 2564 1241 2622 rei
1263 2565 1395 2634 initium,
1423 2581 1443 2620 a
1466 2580 1525 2636 quo

222 2673 351 2729 sumitur
375 2671 593 2728 incrementum
616 2674 646 2726 et
669 2670 700 2726 iu
724 2670 807 2742 qaod
833 2671 1007 2741 resoluitur,
1037 2668 1180 2727 orationis
1203 2666 1295 2728 Diam.
1323 2688 1351 2748 p.
1376 2666 1454 2750 300,
1485 2666 1525 2730 19
1633 2691 1640 2701 ·

224 2777 362 2836 Scaurus
384 2778 442 2848 sie,
467 2777 565 2834 oratio
589 2780 633 2834 est
656 2790 710 2833 ore
732 2777 824 2833 missa
847 2783 876 2834 et
895 2793 954 2851 per
973 2777 1120 2834 dictiones
1138 2776 1283 2834 ordinata
1298 2780 1527 2851 pronominum

224 2885 323 2943 aratio
355 2890 455 2941 autem
491 2883 611 2940 videtur
650 2882 734 2940 dicta
771 2884 860 2955 quasi
896 2885 959 2942 aris
1000 2885 1090 2941 ratio.
1129 2911 1171 2921 —
1210 2885 1310 2942 oratio
1348 2890 1392 2942 est
1427 2900 1526 2944 sermo

223 2997 382 3051 corrtextus
419 2990 463 3047 ad
497 2990 665 3047 elarrsulam
702 2989 827 3047 tendens
860 3035 865 3046 .
899 2990 1038 3048 clausula
1075 2996 1119 3047 est
1156 2992 1329 3064 compositio
1366 2991 1527 3050 uerborum

221 3098 392 3174 plausibilis
414 3102 591 3155 structurae
614 3096 699 3154 exitu
723 3097 887 3153 terminata
902 3140 909 3153 .
925 3093 1037 3172 reliqua
1062 3101 1160 3153 autem
1184 3113 1259 3173 qnae
1280 3094 1384 3155 Scauri
1408 3096 1526 3154 nomine

225 3205 260 3265 ab
284 3204 341 3264 illis
366 3202 457 3263 relata
480 3210 563 3282 sunt,
586 3200 678 3261 Diom.
703 3220 730 3280 p.
750 3197 830 3279 300,
853 3197 894 3260 27
920 3197 1053 3281 11320,
1079 3198 1118 3262 13
1142 3201 1178 3261 111
1203 3203 1321 3261 nomine
1347 3210 1377 3261 et
1400 3200 1526 3281 appella-

225 3314 306 3372 tione
330 3319 359 3370 et
382 3308 538 3388 vocabulo,
561 3326 588 3386 p.
612 3304 690 3381 318,
718 3305 757 3367 14
781 3306 817 3366 de
842 3309 967 3386 septimo
991 3326 1077 3386 casn,
1100 3327 1127 3387 p.
1151 3305 1230 3389 403,
1255 3305 1297 3368 20
1320 3308 1356 3368 de
1380 3308 1529 3389 adverbio,

225 3439 253 3498 p.
277 3413 357 3496 444,
381 3411 431 3475 29.
468 3411 548 3493 449,
571 3409 623 3473 26.
660 3408 738 3492 456,
758 3410 799 3473 27
820 3411 856 3472 111
876 3415 992 3494 liguris,
1015 3414 1090 3493 expl.
1111 3417 1141 3474 in
1160 3413 1234 3476 Don.
1252 3435 1280 3495 p.
1300 3412 1379 3495 560,
1407 3411 1444 3474 19
1464 3433 1529 3494 sqq.

227 3533 257 3585 et
275 3520 354 3604 562,
376 3519 392 3582 1
413 3521 449 3581 de
469 3518 728 3581 coniunctionibus
747 3528 775 3579 et
799 3521 1078 3600 praepositionibus,
1101 3524 1131 3582 in
1156 3504 1305 3602 excerptis
1324 3522 1449 3583 hudacis
1468 3540 1528 3582 non

227 3632 374 3710 leguntur.
412 3646 515 3689 rerum
538 3645 574 3686 ex
598 3624 643 3686 bis
668 3645 742 3704 quae
767 3627 844 3706 apud
868 3646 937 3688 eum
961 3630 990 3688 in
1014 3631 1098 3689 initio
1122 3628 1191 3689 libri
1215 3633 1324 3710 scripta
1348 3638 1417 3690 saint
1437 3629 1527 3690 multa

228 3756 296 3799 earm
324 3739 360 3797 iis
390 3754 464 3814 quae
493 3752 509 3793 a
536 3731 677 3793 Diomede
706 3734 736 3791 in
765 3735 859 3811 prima
888 3745 971 3813 parte
1002 3719 1124 3796 secundi
1153 3734 1222 3796 libri
1252 3737 1359 3797 tradita
1392 3745 1462 3797 sunt
1489 3739 1528 3797 ita

228 3846 431 3922 consentiunt,
456 3849 489 3901 ut
512 3858 545 3900 ea
570 3858 606 3899 ex
629 3838 733 3899 eodem
757 3840 838 3900 lonte
861 3839 949 3902 dueta
973 3861 1039 3903 osse
1064 3852 1218 3922 appareat,
1247 3843 1283 3904 de
1312 3853 1375 3904 arte
1405 3864 1431 3923 p.
1455 3840 1530 3925 421,

228 3950 263 4032 4,
286 3952 323 4012 de
346 3949 536 4029 grammatica
559 3964 626 4007 cunr
651 3946 821 4007 delinitione
841 3947 980 4009 elementi
998 3957 1028 4009 et
1047 3950 1213 4009 oiiiciornm
1233 3952 1304 4010 artis
1323 3953 1530 4029 grammaticae

229 4080 256 4140 p.
280 4055 358 4139 426,
386 4054 441 4135 213
473 4051 516 4115 32
545 4060 574 4114 11
602 4050 681 4132 421,
713 4051 765 4127 18,
794 4052 830 4114 111
858 4054 993 4133 partibus
1020 4055 1156 4115 lectionis
1178 4074 1206 4134 p.
1230 4053 1309 4129 436,
1340 4054 1380 4116 19
1404 4054 1532 4136 et439,

232 4166 287 4249 11,
311 4165 347 4227 de
371 4163 515 4225 latinitate
538 4180 566 4240 p.
590 4158 669 4242 439,
697 4158 750 4242 15,
774 4160 810 4222 111
834 4180 905 4222 voce
929 4181 956 4241 p.
981 4159 1060 4243 420,
1084 4159 1118 4244 9,
1141 4161 1177 4222 111
1207 4162 1377 4222 delinitione
1405 4183 1432 4243 p.
1457 4162 1532 4244 420,

230 4273 287 4356 25,
314 4274 351 4334 de
379 4272 568 4332 distinetione
603 4288 630 4347 p.
659 4266 738 4347 437,
772 4265 815 4329 20
843 4278 873 4330 11
905 4269 1048 4348 quaedam
1081 4269 1117 4330 de
1150 4269 1257 4331 litteris
1290 4278 1320 4330 et
1352 4270 1469 4350 syllabis
1502 4280 1532 4332 et

230 4380 415 4461 accentibuS,
439 4388 472 4439 ut
496 4379 626 4457 videtur,
650 4396 678 4456 p.
697 4373 777 4456 421,
804 4372 844 4437 15
869 4424 875 4436 .
899 4374 979 4458 427,
1002 4376 1049 4437 4.
1069 4374 1149 4457 430,
1173 4374 1224 4438 29.
1261 4395 1328 4438 nam
1348 4378 1383 4438 ad
1403 4397 1436 4438 ea
1457 4398 1531 4458 quae

232 4496 398 4567 sequuntur
422 4483 458 4545 111
484 4494 578 4545 metro
602 4490 633 4544 et
656 4480 692 4542 de
716 4480 842 4561 pedibus
861 4490 891 4542 11
914 4482 950 4543 111
974 4483 1145 4545 hexametro
1176 4504 1263 4545 versu
1289 4487 1344 4545 iste
1368 4504 1533 4546 consensus

232 4613 290 4655 nou
316 4595 458 4673 pertinet,
482 4610 579 4670 neque
603 4593 632 4651 in
657 4591 870 4649 commentario
894 4589 930 4650 de
950 4594 1069 4651 nomine
1092 4601 1211 4671 praeter
1235 4611 1327 4671 pauca
1351 4602 1381 4653 et
1404 4593 1533 4672 vritgaria

232 4700 394 4780 quidquam
417 4697 495 4776 quod
520 4715 588 4756 cum
612 4694 752 4755 Diomede
777 4697 941 4756 consentiat
970 4697 1212 4777 deprehenditur.
1250 4699 1300 4759 sed
1332 4703 1471 4778 quoniam
1500 4720 1533 4760 ea

233 4825 307 4887 quae
332 4804 418 4865 modo
442 4802 502 4862 dixi
525 4812 646 4863 auctore
671 4798 787 4860 dudace
811 4802 868 4860 iam
894 4800 1006 4863 Scauro
1030 4803 1187 4865 tribuenda
1211 4815 1294 4887 sunt,
1322 4806 1398 4868 baud
1423 4810 1532 4888 impro-
