3316 5474
216 360 283 426 230
808 361 929 417 BEDAE

216 472 238 509 p.
253 462 312 501 vasa.
326 462 352 501 ss
366 461 390 501 r.

376 564 469 605 arma
493 547 607 606 virum
631 545 849 625 tabulaeque
872 554 909 607 et
930 545 1037 607 Troia
1060 567 1142 627 gaza
1165 568 1231 630 per
1254 550 1379 627 undas3

217 659 268 712 aut
290 650 400 712 desinit
429 654 457 712 in
482 661 694 713 consonantem
717 661 748 714 et
770 654 918 733 excipitur
941 654 977 714 ab
1001 656 1010 715 i
1033 654 1079 715 vel
1103 674 1122 716 u
1147 659 1251 736 positis
1274 660 1305 718 in
1329 658 1393 718 loco
1418 676 1521 718 conso-

217 759 364 840 nantium,
395 766 428 819 ut
456 758 566 820 advena
597 759 774 821 adiumenta
820 758 927 821 breves
955 779 1024 821 vero
1052 771 1121 823 suut
1150 763 1275 842 syllabae
1309 782 1385 842 quae
1415 764 1521 826 borum

217 864 290 925 nihil
317 865 483 928 habuerint.
530 867 608 945 quod
637 885 707 927 vero
738 866 856 945 quidam
887 869 966 929 inter
996 868 1096 948 longas
1120 869 1245 949 syllabas
1268 870 1520 952 adnumerandum

218 984 384 1050 autumant,
408 993 476 1036 cum
496 981 633 1054 correpta
652 973 760 1035 vocalis
779 976 926 1054 excipitur
949 993 964 1035 a
988 974 1098 1056 duplici
1122 976 1220 1037 littera
1243 997 1270 1058 z,
1295 986 1328 1038 ut
1349 977 1548 1059 Merentivvs,s

217 1093 269 1146 aut
296 1100 312 1142 a
341 1080 456 1142 duabus
483 1081 730 1162 consonantibus,
764 1089 798 1141 ut
824 1084 887 1160 agri
920 1079 980 1158 [vel
1008 1082 1119 1164 acres],
1152 1083 1302 1145 falluntur.
1345 1103 1411 1145 nam
1441 1094 1470 1146 et
1498 1106 1521 1166 z,

218 1191 355 1271 quotiens
383 1191 414 1249 in
438 1188 539 1249 eadem
567 1194 652 1268 parte
676 1189 819 1248 orationis
845 1187 965 1249 brevem
993 1191 1129 1268 sequitur
1159 1190 1302 1272 vocalem,
1330 1199 1428 1270 potest
1457 1211 1521 1252 eam

217 1297 399 1378 producere,
421 1298 446 1356 si
470 1296 513 1355 sic
535 1303 622 1374 poeta
646 1294 785 1376 voluerit,
808 1303 842 1355 ut
864 1313 946 1376 gaza3
970 1314 1039 1356 cum
1063 1314 1132 1356 vero
1155 1303 1239 1376 par'te
1263 1297 1360 1375 aliqua
1379 1300 1521 1358 orationis

217 1406 248 1465 in
276 1403 395 1464 brevem
423 1401 552 1462 vocalem
583 1404 738 1462 terminata
768 1420 896 1480 sequeus
924 1419 1022 1463 sermo
1049 1420 1067 1463 a
1094 1395 1192 1464 littera
1219 1424 1234 1464 z
1262 1406 1378 1486 incipit,
1412 1403 1520 1465 nullam

218 1510 400 1594 producendi
431 1509 520 1570 habet
549 1517 739 1590 potestatem,
769 1509 848 1570 unde
878 1517 924 1582 est
955 1505 1158 1570 ‘nemorosa
1188 1507 1418 1591 Zacynthos':
1448 1520 1478 1571 et
1507 1531 1563 1571 rro

218 1622 315 1683 littera
343 1620 461 1700 liquens
488 1617 592 1677 eodem
622 1616 722 1697 modo,
752 1619 829 1677 sicut
856 1626 887 1677 ct
914 1617 936 1699 l,
964 1634 1032 1678 curn
1061 1618 1092 1676 in
1117 1617 1213 1677 medio
1237 1636 1374 1678 sermone
1403 1618 1521 1679 brevem

218 1731 353 1808 sequitur
384 1725 514 1786 vocalem
548 1725 744 1814 praecedente
776 1721 906 1802 qvvalibet
940 1733 1139 1805 consonante,
1169 1733 1268 1803 potest
1298 1723 1373 1785 hanc
1405 1726 1523 1786 licentia

217 1837 332 1916 poetica
357 1834 454 1894 iacere
477 1831 606 1912 longam3
630 1850 698 1892 cum
718 1850 787 1891 vero
811 1829 951 1891 utralibet
974 1829 1083 1908 liquida
1105 1848 1233 1910 sequens
1256 1840 1467 1893 consonantem
1491 1835 1522 1892 in

218 1944 313 2022 capite
342 1941 432 2000 luerit
461 1939 620 2020 sermonis,
653 1957 712 1997 non
739 1928 838 2017 potest
866 1936 982 2016 longam
1010 1937 1107 1996 iacere
1135 1936 1265 1997 vocalem
1297 1956 1371 2016 quae
1400 1939 1431 1997 iu
1464 1940 1521 1998 lrne

219 2050 301 2111 verbi
329 2047 535 2129 praecedentis
563 2045 736 2107 naturaliter
764 2044 862 2104 brevis
889 2045 1035 2105 extiterat.
1086 2053 1157 2104 sunt
1190 2045 1261 2104 item
1292 2044 1417 2125 syllabae
1447 2065 1521 2123 qvvae
1537 2069 1562 2107 rs

219 2166 347 2236 utroque
367 2154 467 2234 modo,
490 2162 520 2214 et
539 2161 643 2213 natura
663 2150 798 2211 videlicet
820 2160 851 2212 et
873 2152 1033 2232 positione,
1057 2151 1160 2230 longae
1187 2160 1272 2233 saint,
1295 2160 1328 2213 ut
1351 2152 1424 2213 dens
1448 2173 1521 2233 gens

219 2282 303 2348 meus
331 2280 417 2323 mons
441 2263 532 2321 lrons.

568 2451 628 2517 Du
652 2448 940 2517 COMMVNIBVS
964 2448 1173 2517 SYLLABIS

308 2621 487 2680 Communes
510 2626 609 2678 autern
633 2616 759 2696 syllabae
783 2615 879 2676 modis
902 2616 977 2676 liunt
1000 2634 1119 2696 novem,
1143 2616 1251 2695 quibus
1275 2630 1326 2679 aut
1349 2620 1523 2680 naturaliter

220 2728 323 2807 longae
352 2727 465 2805 poetica
493 2724 611 2784 licentia
639 2726 669 2783 in
698 2723 804 2784 breves
827 2732 879 2783 aut
907 2721 1080 2783 naturaliter
1107 2722 1212 2783 breves
1241 2727 1462 2786 transieruntur
1490 2730 1519 2786 in
1535 2743 1561 2780 eo

219 2834 328 2913 longas.
373 2831 470 2892 brevis
500 2833 610 2911 qtvippe
641 2831 821 2891 transfertur
850 2832 880 2890 in
911 2829 1041 2910 longam,
1071 2848 1138 2890 cum
1161 2824 1165 2911 Ι
1187 2838 1323 2910 corrupta
1355 2832 1461 2892 vocalis
1491 2834 1521 2892 in

220 2939 324 3001 eodem
344 2939 434 2999 verbo
448 2957 465 2998 a
479 2937 594 2998 duabus
609 2940 756 3018 excipitur
771 2934 1011 3017 consonantibus,
1027 2954 1153 3015 quarum
1168 2938 1315 3015 posterior
1334 2946 1380 2997 est
1399 2936 1522 3016 liquida:

220 3058 266 3108 est
293 3049 371 3107 enim
400 3045 497 3106 brevis
526 3053 630 3106 natura
658 3047 687 3104 iu
716 3045 785 3125 hoc,
814 3039 928 3103 ‘mens
957 3040 1124 3104 tenebris
1157 3041 1310 3103 obscura
1338 3038 1444 3124 suis';
1478 3054 1522 3104 est

220 3155 305 3233 longa
333 3155 479 3233 positione
508 3154 537 3212 in
566 3151 636 3232 boc,
665 3147 884 3231 ‘mortisque
914 3144 1104 3211 tenebras?
1141 3151 1171 3210 iu
1202 3169 1260 3229 quo
1285 3149 1407 3230 Sergius
1436 3150 1523 3210 modo

221 3264 331 3322 iniusto
356 3262 449 3321 utitur
472 3259 619 3341 exemplo,
643 3255 746 3320 ‘neve
776 3252 953 3337 flagella’:
991 3256 1138 3336 flagellum
1162 3259 1240 3318 enim
1269 3259 1298 3317 iu
1323 3259 1418 3338 capito
1441 3256 1523 3318 verbi
1538 3278 1563 3314 ao

221 3367 310 3428 babet
332 3366 473 3446 liquidam
497 3367 625 3427 litteram
645 3368 820 3427 consonanti
843 3364 1020 3445 subiectam,
1043 3383 1119 3444 quae
1143 3367 1250 3444 positio
1275 3384 1434 3444 rrtrmqtram
1459 3366 1523 3426 brc-

223 3493 287 3535 vem
307 3483 411 3534 natura
430 3472 569 3554 syllabam
589 3472 671 3533 verbi
694 3472 901 3551 praecedentis
923 3479 1022 3550 potest
1047 3472 1143 3556 lacere
1168 3471 1291 3550 longam.
1329 3475 1401 3532 itern
1421 3481 1524 3533 natura

222 3581 320 3641 brevis
339 3578 448 3661 syllaba
468 3578 502 3638 ad
523 3588 623 3639 votum
642 3588 796 3658 poetarum
817 3579 971 3639 translerri
990 3585 1089 3656 potest
1108 3580 1137 3638 in
1156 3579 1281 3659 longam,
1301 3598 1368 3639 cunr
1388 3589 1525 3658 correpta

221 3686 328 3748 vocalis
357 3689 387 3746 iu
411 3695 623 3747 consonantem
646 3685 756 3745 desinit
779 3692 809 3744 et
832 3685 979 3762 excipitur
1002 3683 1038 3743 ab
1064 3683 1082 3743 b
1107 3684 1219 3745 littera:
1248 3694 1293 3745 est
1316 3688 1394 3747 eninr
1420 3694 1523 3745 natura

222 3793 321 3854 brevis
343 3795 373 3853 in
398 3793 467 3873 boc,
491 3797 520 3851 0
1538 3810 1563 3845 eo

379 3901 565 3979 porcinum
591 3907 740 3959 tonuere
764 3902 920 3977 gregem,
944 3898 1059 3977 uigor,
1083 3896 1265 3980 hispidus,
1288 3898 1457 3978 borrens3

223 4015 269 4068 ost
291 4006 440 4066 voluntate
464 4013 568 4085 poetae
592 4005 677 4084 longa
701 4007 730 4065 in
753 4004 824 4086 hoc,

379 4115 433 4173 vir
456 4111 601 4173 humilis
625 4121 762 4173 maesto
787 4112 953 4173 deiectus
976 4112 1110 4173 lumine
1135 4123 1280 4187 terram,

310 4366 324 4412 1
344 4359 434 4428 arma]
459 4356 536 4426 Verp.
556 4358 625 4413 Aeo.
646 4358 665 4410 1
683 4364 735 4412 119
826 4364 841 4411 3
861 4355 1023 4412 adiumenta
1045 4357 1109 4412 FP
1125 4357 1317 4412 adiumentum
1338 4356 1362 4408 L
1452 4363 1468 4410 6
1495 4361 1527 4410 ut

220 4441 282 4511 agri
301 4440 346 4494 uel
364 4456 442 4494 acres
457 4437 518 4491 FP
533 4438 694 4492 uleeriuel
709 4455 786 4492 acres
802 4439 840 4491 L:
858 4440 893 4505 cf.
908 4437 989 4493 Mati.
1007 4437 1282 4506 Tbeod.p.587,10
1354 4442 1482 4489 tinenrz
1502 4437 1527 4487 L

275 4525 307 4575 10
326 4519 400 4573 unde
419 4522 461 4574 est
478 4521 508 4574 et
525 4536 674 4574 nemorosa
691 4519 731 4572 L:
756 4517 832 4586 Verp.
853 4520 921 4573 Aen.
942 4518 1005 4570 ΙΙΙ
1022 4521 1079 4572 270
1164 4521 1196 4572 to
1215 4515 1365 4568 suptilem
1385 4514 1447 4566 FP
1462 4517 1527 4567 sunt

221 4600 315 4652 autem
334 4597 360 4649 L
421 4605 452 4652 1o
472 4597 605 4652 uidelicet
622 4597 686 4651 FP
703 4596 811 4652 scilicet
829 4598 855 4650 L
915 4603 947 4652 ta
967 4614 1045 4652 mons
1064 4596 1127 4652 lons
1145 4597 1256 4653 fronss
1318 4600 1353 4647 20
1372 4593 1483 4663 poetica
1501 4593 1527 4645 L

220 4674 326 4746 poetali
345 4675 407 4729 FP
471 4683 504 4731 23
524 4677 643 4732 obseura
660 4676 722 4730 FP
737 4680 835 4746 operta
853 4677 879 4729 L
943 4683 978 4730 24
996 4675 1105 4746 sergius
1122 4674 1182 4728 LP
1196 4673 1319 4743 seregiua
1339 4673 1379 4726 F:
1399 4674 1474 4742 Serp.
1494 4675 1526 4726 dc

220 4757 280 4827 cyil.
295 4773 325 4824 p.
345 4761 410 4823 tra,
428 4764 467 4813 29
540 4763 574 4811 25
592 4774 662 4812 neue
681 4755 795 4824 flagella.
812 4757 872 4813 sP:
891 4773 962 4812 neue
981 4755 1094 4826 flagello
1108 4754 1180 4808 FL:
1202 4753 1278 4824 Verp.
1298 4769 1386 4823 peorp.
1407 4755 1448 4806 ΙΙ
1467 4759 1523 4808 299

220 4835 348 4893 abanim
367 4853 417 4892 orn.
437 4836 467 4889 F
528 4843 562 4890 30
581 4836 678 4890 breues
697 4834 728 4887 F
