3316 5474
226 372 292 439 238
811 378 933 433 BEDAE

223 484 245 521 p.
260 474 319 514 esso.
334 476 356 514 cv
375 475 400 514 Ρ.

224 561 360 636 genetivo
384 558 429 619 dis
453 560 638 640 terminatur,
661 559 745 638 palus
768 561 896 640 paludis:
920 561 998 622 unde
1017 571 1063 622 est
1087 556 1316 645 ‘sterilisque
1341 563 1401 624 diu
1424 564 1528 643 palus

223 673 375 745 aptaque
399 661 533 727 remis'.
574 668 599 726 si
628 684 697 726 vero
726 669 756 727 in
773 670 920 747 -genetivo
944 674 1097 728 crescente
1123 678 1260 748 correpta
1290 668 1371 749 [quia
1400 670 1526 748 mutata]

224 774 420 851 permanserit
443 782 494 833 ant
517 791 576 833 non
600 776 741 854 creverit,
769 774 929 857 breviatur,
958 785 992 837 ut
1014 785 1119 856 pectus
1142 778 1287 857 pectoriS,
1310 777 1415 857 vulgus
1439 778 1526 857 vulgi.

223 881 377 958 genetivus
405 878 520 940 dativus
548 888 578 940 et
609 879 751 942 ablativus
787 881 1002 962 producuntur.
1049 880 1101 942 sed
1128 884 1296 963 genetivus,
1325 902 1393 944 cum
1422 886 1527 945 tertiae

138 998 140 1003 ’
224 986 314 1047 inerit
337 985 555 1067 declinationis,
579 1005 646 1048 cum
671 986 796 1049 ablativo
815 1008 870 1051 sivo
889 1009 905 1049 e
929 998 1043 1051 tantum
1067 989 1164 1051 littera
1189 993 1345 1053 terminato
1367 991 1554 1073 breviatur,o

156 1084 161 1094 ’
224 1100 258 1155 ut
276 1111 295 1154 a
312 1093 393 1154 toute
413 1092 516 1174 lontis3
540 1103 664 1174 excepto
684 1114 743 1156 uuo
762 1097 840 1176 quod
865 1097 1053 1178 producitur,
1077 1097 1113 1157 ab
1135 1096 1191 1157 hac
1211 1098 1299 1172 lame,
1323 1100 1391 1178 quia
1411 1108 1526 1159 veteres

223 1200 313 1262 buius
342 1201 443 1280 lemei,
472 1219 530 1261 non
559 1201 648 1262 huius
672 1203 770 1284 iamiS,
793 1212 824 1265 et
845 1202 915 1265 huic
939 1204 1039 1284 famei,
1064 1222 1122 1264 non
1146 1204 1215 1265 hnic
1239 1204 1308 1265 lami
1331 1204 1526 1266 declinabant.

223 1307 274 1367 ubi
298 1307 461 1370 notandum
482 1307 560 1386 quod
585 1310 702 1369 nomina
727 1312 847 1388 quintae
867 1310 1184 1392 declinationis,quae
1204 1313 1233 1370 in
1254 1314 1281 1370 ei
1305 1311 1418 1372 litteras
1437 1330 1524 1389 gene·

221 1415 281 1474 tivo
300 1424 330 1475 et
349 1413 446 1475 dativo
465 1433 536 1476 casu
555 1418 762 1496 terminantur,
786 1425 816 1477 et
839 1416 892 1476 has
911 1416 1019 1477 divisas
1038 1424 1067 1477 et
1086 1424 1243 1496 utramque
1267 1417 1382 1497 longam
1407 1416 1525 1498 habent,

224 1531 255 1583 ιιι
279 1522 364 1582 laciei
387 1520 445 1582 diei
470 1521 546 1583 fidei.
583 1525 768 1586 accusativus
791 1522 890 1584 brevis
913 1533 959 1584 est
982 1542 1113 1604 semper,
1136 1526 1285 1585 vocativus
1304 1523 1450 1606 similiter,
1473 1543 1521 1585 ex·
1538 1541 1563 1578 10

222 1638 308 1708 cepto
333 1647 400 1690 cum
425 1631 433 1689 i
458 1631 642 1710 terminatur,
666 1639 699 1690 ιιι
721 1629 875 1693 Laurenti:
899 1629 950 1691 uhi
974 1630 1134 1692 notandum
1158 1631 1237 1711 quod
1265 1633 1381 1691 nomina
1401 1649 1476 1710 quae
1495 1632 1526 1690 in

220 1737 267 1795 ius
292 1721 488 1797 terminantur
511 1739 541 1796 in
565 1740 701 1816 genetivo
726 1756 797 1798 casn
817 1737 927 1821 duplici
949 1739 959 1797 i
984 1739 1163 1820 efferuntur,
1187 1740 1217 1798 in
1238 1740 1368 1798 vocativo
1391 1736 1526 1817 simplici,

219 1845 248 1903 iu
273 1851 400 1922 utroque
423 1842 524 1925 longa,
547 1852 581 1904 ut
604 1843 681 1904 lilius
705 1843 771 1925 ulii,
794 1863 812 1903 o
836 1843 890 1924 uti,
914 1843 960 1906 vel
982 1853 1063 1906 certe
1083 1847 1246 1906 vocativum
1272 1848 1301 1905 in
1322 1864 1337 1905 e
1357 1852 1524 1923 correptam

220 1951 392 2030 terminant,
416 1958 450 2009 nt
472 1950 582 2030 impius
604 1952 702 2035 inpiis.
741 1953 791 2029 qni
820 1952 908 2011 etiam
932 1953 1095 2033 vocativus,
1123 1951 1194 2013 dum
1218 1951 1321 2012 similis
1345 1952 1524 2012 nominativo

221 2058 324 2138 luerit,
352 2055 484 2136 regulam
517 2058 687 2117 nominativi
716 2059 866 2138 sequitur,
898 2067 931 2118 ut
960 2057 1032 2118 haec
1063 2068 1222 2142 paupertas
1251 2069 1281 2120 et
1308 2077 1325 2117 o
1356 2066 1524 2138 paupertas.
1541 2074 1565 2111 ιε,

221 2166 416 2224 nominativus
453 2165 637 2224 accusativus
670 2172 700 2223 et
734 2165 884 2224 vocativus
918 2163 1039 2243 pluralis
1069 2167 1099 2225 in
1128 2165 1290 2228 masculino
1319 2174 1349 2226 et
1382 2165 1524 2224 feminino

220 2289 329 2351 genere
348 2269 569 2351 producuntur,
592 2271 795 2349 corripiuntur
807 2272 844 2331 'in
864 2280 979 2332 neutro.
1017 2270 1103 2332 ambo
1122 2281 1152 2333 et
1175 2272 1248 2352 duo,
1271 2274 1298 2334 si
1320 2279 1425 2331 neutra
1445 2278 1524 2348 sunt,

221 2380 438 2459 corripiuntur;
461 2379 487 2439 si
510 2376 684 2458 masculina,
708 2376 922 2457 producuntur.
959 2381 1113 2458 genetivus
1137 2381 1167 2440 in
1187 2377 1325 2440 omnibus
1347 2378 1445 2440 brevis
1469 2386 1523 2437 est.

221 2485 336 2546 dativus
356 2492 386 2545 ot
409 2483 565 2565 ablativus,
588 2485 614 2544 si
637 2487 663 2544 is
687 2485 893 2565 terminantur,
917 2472 996 2564 longi
1020 2494 1104 2566 svrnt,
1127 2493 1161 2546 ut
1184 2485 1292 2567 doctis;
1316 2487 1341 2547 si
1364 2485 1435 2566 bue,
1457 2483 1522 2545 bre·

220 2595 345 2674 viantur,
367 2601 402 2653 ut
424 2583 522 2654 rebus.
1533 2607 1561 2645 so

309 2698 369 2760 llac
393 2699 494 2779 regula
516 2701 613 2759 omnia
633 2701 750 2759 uomina
773 2702 947 2779 pronomina
972 2700 1124 2778 participia
1144 2701 1342 2759 continentur.
1381 2697 1432 2757 sed
1455 2715 1521 2775 pro-

220 2809 348 2867 nominis
367 2806 523 2867 declinatio
543 2809 571 2867 in
592 2806 648 2866 hoc
668 2815 780 2866 tantum
800 2806 912 2886 ditiori,
936 2805 1014 2884 quod
1034 2807 1064 2866 in
1084 2804 1305 2886 monosyllabis,
1325 2823 1399 2883 quae
1419 2802 1522 2862 vocali·

219 2913 275 2974 hus
304 2914 514 2994 terminantur,
541 2921 574 2975 ut
601 2931 647 2973 me
678 2921 707 2972 te
730 2931 762 2972 se
787 2921 818 2972 tu
843 2914 907 2994 qui,
935 2920 985 2973 aut
1013 2911 1162 2973 vocalibus
1186 2918 1336 2989 constant,
1361 2917 1394 2969 ut
1419 2927 1451 2989 0,
1474 2910 1520 3001 inp

219 3020 353 3101 quolibet
381 3039 451 3082 cosu
483 3020 697 3099 producuntur.
737 3018 789 3079 sed
819 3021 987 3100 genetivus,
1012 3037 1081 3080 cum
1107 3037 1142 3080 us
1166 3019 1281 3096 finitur,
1309 3015 1468 3095 breviatur,
1490 3022 1522 3073 nt

218 3128 311 3209 illius3
334 3127 452 3188 dativus
469 3146 554 3207 vcro,
576 3129 657 3189 meet
676 3128 709 3187 in
726 3127 858 3208 nomine,
883 3143 1001 3205 semper
1024 3124 1129 3205 longus
1147 3133 1206 3204 est,
1230 3130 1353 3202 excepto
1372 3121 1443 3182 mihi
1468 3118 1520 3180 tibi
1536 3138 1561 3175 or,

220 3234 290 3316 sihi,
317 3252 392 3313 quae
420 3233 626 3295 indifferenter
655 3234 724 3313 poni
752 3241 886 3313 possunt
930 3234 974 3293 sic
999 3230 1107 3312 reliqui
1133 3248 1252 3311 quoqne
1280 3248 1367 3291 casus
1390 3226 1521 3306 regulam

218 3348 341 3403 sumunt
363 3359 399 3401 ex
423 3342 550 3401 nomine.

307 3448 340 3508 ln
359 3450 475 3527 graecis
494 3466 563 3508 vero
583 3449 780 3510 nominativus
800 3446 957 3525 singularis
969 3445 1029 3526 has
1048 3443 1137 3505 habet
1156 3444 1276 3526 breves,
1295 3464 1328 3522 a,
1346 3452 1379 3504 nt
1398 3441 1523 3503 ecclesia

220 3555 378 3635 baptisma,
401 3572 446 3635 as,
473 3574 541 3616 cum
564 3557 718 3634 genetivus
737 3554 791 3615 dos
814 3552 965 3633 hahuerit,
989 3560 1023 3612 ut
1041 3551 1131 3611 Arcas
1149 3550 1293 3631 Arcados,
1316 3550 1412 3611 Pallas
1431 3549 1521 3610 Palla·

219 3664 286 3744 dos3
316 3681 361 3745 οε,
390 3680 458 3722 cum
486 3665 516 3723 in
544 3665 680 3743 genetivo
707 3660 910 3740 diphthongon
939 3657 1092 3738 hahuerit,
1119 3666 1152 3717 ut
1175 3656 1263 3717 Delos
1286 3655 1391 3735 heloy:
1421 3656 1563 3735 longasoo

219 3788 289 3831 vero
312 3769 379 3848 has,
402 3787 435 3849 e,
459 3778 491 3830 ιιι
514 3769 615 3829 schole
635 3785 796 3848 synagoge,
819 3784 893 3845 quae
918 3764 1007 3824 latina
1025 3761 1210 3823 cousuetudo
1229 3763 1295 3820 ina
1320 3765 1472 3842 terminat,
1495 3783 1522 3838 o,

221 3885 255 3937 ut
273 3875 363 3957 Dido,
385 3894 435 3955 an,
459 3885 492 3936 ut
511 3875 612 3950 Titan,
635 3894 686 3956 en,
710 3882 743 3934 ut
766 3872 825 3933 lien
845 3871 946 3951 Siren,
970 3871 1014 3951 in,
1037 3879 1071 3930 ut
1092 3867 1225 3948 delphin,
1248 3886 1301 3948 ou,
1325 3877 1358 3928 ιιι
1375 3867 1522 3947 Memnon,

309 4055 321 4102 1
342 4048 414 4102 unde
433 4048 476 4102 es‘o
494 4045 654 4115 sterilisque
673 4046 699 4099 L
717 4044 791 4099 unde
810 4045 853 4098 est
870 4042 940 4096 hoec
959 4041 1124 4110 sterelisque
1143 4038 1205 4093 FP
1219 4039 1292 4094 unde
1312 4040 1354 4093 esi
1371 4039 1425 4093 hoc
1443 4038 1521 4092 steri·

217 4129 308 4198 lisque
326 4145 351 4187 ς.
378 4129 495 4196 fortusse
512 4127 586 4181 undo
604 4130 649 4181 est
667 4128 697 4181 el
714 4123 880 4192 sterilisque.
904 4122 975 4177 Hor.
995 4140 1021 4178 o.
1035 4138 1067 4191 p.
1086 4126 1123 4176 65
1194 4126 1217 4177 2,
1231 4120 1360 4190 correpto
1378 4119 1445 4188 quio
1463 4137 1520 4172 mu-

216 4211 279 4264 tote
297 4208 483 4279 permanserit
501 4206 564 4260 FP
580 4223 636 4261 non
654 4203 840 4276 permanserit
857 4202 891 4258 L.
919 4201 943 4256 si
962 4200 1076 4258 veroin
1094 4200 1226 4272 genetivo
1242 4202 1380 4256 crescente
1396 4201 1523 4267 correpta

218 4308 236 4343 u
255 4288 442 4360 permanserit
460 4291 510 4342 out
528 4288 639 4341 mutate
655 4285 740 4341 fuerit
758 4288 808 4339 ant
824 4300 881 4338 non
900 4281 1020 4337 creverit
1036 4281 1113 4336 edidi
1130 4282 1207 4351 opud
1225 4280 1349 4335 Sunium
1364 4295 1394 4348 p.
1414 4283 1477 4342 453,
1497 4284 1520 4330 1.

217 4369 297 4425 Beda
319 4374 477 4439 corruptam
502 4369 668 4436 scripturam
687 4385 701 4422 e
718 4366 808 4422 codice
825 4364 917 4419 Seruii
939 4361 1092 4431 repetivisse
1109 4361 1224 4426 videbor,
1246 4375 1316 4429 quoe
1333 4358 1430 4412 deinde
1447 4358 1479 4410 in
1497 4357 1523 4409 L

217 4455 337 4505 coneda
354 4455 392 4504 ast
464 4454 480 4501 3
504 4447 648 4502 brenioiur
666 4446 729 4500 FP
750 4444 901 4514 corripitur
918 4443 945 4495 L
1017 4446 1032 4494 7
1058 4456 1113 4495 non
1131 4439 1197 4495 huic
1214 4437 1283 4494 lomi
1300 4454 1350 4493 om.
1371 4436 1408 4502 F,
1426 4438 1490 4490 add.
1510 4437 1527 4501 f

271 4534 305 4584 10
324 4533 356 4583 nt
373 4526 455 4583 fecici
473 4526 530 4582 diei
549 4526 673 4596 exceptis
691 4526 781 4581 tribus
799 4523 865 4578 fidei
883 4523 925 4578 rei
943 4519 1003 4592 spei
1021 4535 1047 4578 ς.
1070 4520 1107 4575 al.
1126 4518 1250 4587 exceptis
1268 4516 1357 4571 tribus
1375 4516 1440 4570 fidei
1461 4515 1520 4584 spei

216 4607 256 4662 rei
275 4609 307 4661 in
324 4625 409 4677 scorp.
429 4608 439 4661 l
511 4605 657 4661 nocetiuns
675 4604 806 4660 similiter
823 4602 872 4669 Ls
891 4601 1039 4657 uocetiuos
1057 4616 1167 4670 semper
1184 4596 1314 4653 similiter
1332 4595 1369 4648 P:
1393 4596 1522 4650 similiter

217 4704 266 4744 oen.
287 4685 318 4739 F
389 4693 420 4740 13
438 4687 468 4740 in
486 4689 605 4754 utroque
623 4686 709 4754 longa
727 4682 791 4737 FP
806 4681 835 4736 in
855 4689 974 4750 utroque
992 4681 1106 4749 longum
1126 4677 1231 4733 hubent
1248 4675 1297 4741 Lf
1370 4681 1403 4728 14
1428 4676 1521 4729 termi-

216 4769 267 4821 nat
285 4766 315 4819 F
371 4766 552 4836 seponunt]
572 4766 666 4834 potest
684 4763 715 4817 F
772 4768 807 4815 30
826 4761 903 4816 delos
922 4760 997 4815 delei
1016 4758 1111 4812 FLP
1127 4757 1196 4811 Delo
1215 4754 1304 4809 Delov
1323 4770 1339 4811 ς
1394 4762 1427 4810 32
1448 4756 1520 4809 siren

217 4847 265 4914 Lf
279 4845 362 4900 sitien
383 4844 444 4897 FP
