3316 5474
221 365 284 430 190
756 364 984 421 CASSIODORII

219 479 240 515 p.
254 466 308 506 roos
322 465 347 505 r.

219 553 297 611 sieut
325 551 464 630 superius
491 551 662 609 meminisse
698 553 913 629 cognoscimus,
958 549 1014 612 bus
1044 550 1191 628 siquidem
1222 550 1376 611 masculini
1406 551 1525 629 generis

219 666 332 718 tantum
356 659 474 718 nomina
498 657 623 736 luerint,
653 674 706 735 per
728 655 747 715 b
771 665 881 717 mutam
906 655 1091 736 scribentur,
1118 665 1152 717 ut
1175 656 1259 717 eibos
1278 635 1377 716 nebus
1401 655 1524 716 morbus

217 762 311 825 rubus
335 763 441 843 globus
460 763 578 825 nimbus
603 760 719 822 lembus
748 761 882 844 lumbus,
911 781 1003 824 nervo
1027 771 1127 823 notato
1151 763 1349 844 solummodo,
1377 763 1469 843 quod,
1498 765 1524 823 si

217 869 258 930 illi
289 891 304 931 e
336 871 420 951 longa
457 872 547 931 luerit
585 871 752 949 praeposita
759 918 768 950 ,
804 870 891 930 lacict
925 869 1064 930 verbum:
1101 888 1209 930 enervo
1239 872 1318 931 enim
1349 866 1523 951 ἑκνευρίζω

218 979 326 1056 positio
350 978 432 1038 verbi
456 977 579 1057 dicitur,
599 978 685 1038 cuius
703 978 863 1057 rationem,
886 994 953 1037 cum
974 976 1009 1037 de
1029 975 1119 1036 verbo
1138 976 1229 1038 locuti
1248 978 1407 1058 lucrimus,
1430 985 1551 1037 matu-⁵

217 1083 350 1145 rabiosus
369 1084 503 1145 reddere.
535 1083 758 1145 observabimus
777 1091 889 1164 mmen,
912 1085 938 1144 si
964 1082 1174 1162 disyllaborum
1193 1103 1252 1144 non
1271 1102 1390 1162 egressa
1414 1085 1525 1144 luerint

218 1209 377 1251 numerum
396 1201 447 1252 aot
466 1191 675 1270 paenultimam
695 1210 730 1251 ex
751 1209 808 1251 rina
828 1189 920 1250 vocali
939 1191 1113 1251 naturaliter
1131 1190 1248 1268 longam
1265 1193 1365 1251 minus
1383 1189 1525 1252 habeant:

218 1296 285 1358 nam
310 1297 466 1359 mutabunt
490 1300 687 1379 scripturam,
712 1307 746 1358 ut
773 1299 855 1357 rivus
878 1296 973 1357 ebrus
996 1315 1119 1358 acervus
1143 1299 1340 1358 nominativus
1363 1306 1393 1358 ct
1416 1307 1524 1359 cetera.

217 1403 269 1463 sed
298 1406 367 1483 quia
394 1404 547 1465 Coroebus
575 1398 801 1485 supergreditur
836 1421 993 1464 numerum
1025 1402 1247 1485 disyllaborum,
1280 1423 1334 1484 per
1361 1403 1380 1463 b
1413 1413 1523 1465 mutam

217 1518 350 1592 notatur,
378 1512 530 1577 sciendum
560 1512 640 1592 quod
669 1512 735 1572 ideo
763 1512 839 1572 hanc
869 1513 997 1573 litteram
1020 1514 1118 1572 tenuit
1139 1513 1170 1571 in
1194 1514 1354 1593 scriptura,
1382 1512 1427 1572 vel
1455 1513 1523 1590 quia
1540 1528 1565 1564 ιο

217 1621 408 1697 peregrinum
427 1637 536 1679 nomen
556 1621 736 1698 minimeque
755 1619 879 1679 latinum
899 1619 1007 1699 existit,
1026 1616 1072 1678 rel
1089 1621 1159 1697 quia
1178 1618 1387 1697 paenultImam
1407 1617 1524 1696 longam

220 1743 279 1784 non
307 1744 342 1784 ex
371 1744 429 1786 una
457 1727 563 1807 vocab,
591 1726 643 1786 sed
672 1745 709 1786 ex
737 1723 920 1803 diphthongo
949 1726 1066 1785 meruit.
1104 1726 1130 1784 si
1152 1743 1222 1785 vcro
1245 1724 1365 1785 mobilia
1387 1724 1433 1784 vel
1456 1743 1524 1803 pro-

217 1834 330 1892 miscua
362 1834 485 1914 luerint,
515 1852 569 1913 per
599 1852 614 1892 v
641 1831 771 1892 vocalem
801 1830 866 1890 loeo
898 1833 1024 1910 positam
1054 1833 1243 1892 consonantis
1273 1829 1457 1911 scribentur,
1492 1841 1524 1892 ut

310 2011 321 2057 l
342 2003 536 2073 cognoscimus
555 2003 579 2057 0
595 2002 788 2074 cognoscimur
806 2001 866 2057 AB
945 2007 961 2055 3
981 2003 1055 2070 quod
1074 2003 1155 2072 (quaa
1176 2002 1211 2072 C)
1229 2003 1253 2057 si
1270 2002 1313 2056 illi
1332 2019 1347 2056 e
1366 2002 1451 2072 longa
1468 2002 1527 2055 BC

218 2082 263 2137 eui
281 2082 304 2137 si
323 2100 338 2136 e
357 2083 443 2152 longa
461 2086 488 2136 A
590 2090 604 2137 7
624 2086 674 2138 unt
691 2081 875 2153 penultimam
893 2081 920 2134 Β
941 2098 959 2135 a
978 2082 1152 2151 paenultima
1168 2082 1227 2137 Ac
1323 2084 1408 2153 longa
1425 2085 1452 2137 A

217 2168 233 2216 8
253 2165 347 2218 cetera
365 2166 392 2217 A
416 2164 501 2218 ceteri
519 2163 546 2216 Β
570 2163 667 2235 cetarii
689 2163 712 2217 Ο
782 2167 797 2216 9
821 2160 871 2216 sed
892 2160 968 2229 quio
986 2164 1118 2218 coroebus
1135 2163 1163 2216 A
1186 2162 1236 2218 sed
1258 2180 1331 2232 quae
1350 2163 1484 2218 coroebus
1504 2162 1528 2216 0

216 2243 265 2297 sed
283 2243 359 2311 quod
379 2243 514 2298 coroebus
532 2244 560 2296 Β
649 2251 681 2298 to
701 2243 849 2298 Sciendum
867 2246 963 2298 autem
982 2244 1048 2313 quia
1065 2243 1128 2298 ideo
1146 2243 1174 2296 Β
1259 2244 1306 2299 uel
1329 2242 1398 2312 qnia
1419 2273 1453 2283 -
1479 2243 1524 2296 uel

217 2323 292 2393 quod
311 2322 339 2375 A
357 2321 403 2376 uel
423 2339 495 2390 quae
510 2354 543 2362 -
558 2323 605 2377 uel
624 2324 698 2392 quod
719 2323 742 2378 0
758 2324 805 2379 uel
823 2340 885 2392 qua.
905 2339 974 2378 corr.
993 2324 1040 2378 uel
1058 2323 1126 2392 quia
1143 2329 1257 2393 utroque
1272 2325 1328 2379 loco
1341 2324 1369 2377 Β
1439 2329 1471 2377 12
1491 2339 1526 2377 cx

219 2403 376 2473 diptongon
400 2400 492 2454 ABG

669 2655 852 2710 MARTYRII
871 2656 918 2710 DE
938 2657 961 2710 B
979 2656 1026 2710 ΕΤ
1046 2656 1071 2709 V

217 2819 348 2901 lumbuS,
372 2840 463 2881 nervo
482 2829 583 2882 notato
603 2820 801 2903 solummodo,
825 2825 910 2904 quia,
933 2825 959 2883 si
978 2841 994 2882 c
1013 2821 1098 2902 longo
1119 2822 1209 2882 luerit
1231 2824 1413 2902 praeposita,
1437 2822 1525 2881 laciet

216 2926 353 2988 verbum:
377 2947 486 2988 enervo
506 2931 584 2988 euim
604 2922 779 3011 ἑκνευρίζω
803 2931 910 3009 positio
930 2928 1014 2989 verbi
1032 2928 1155 3008 dieitur,
1178 2931 1264 2989 euius
1283 2932 1437 3009 rationem,
1456 2946 1524 2988 cum

216 3031 251 3092 de
271 3033 362 3093 verbo
382 3033 473 3094 locuti
492 3036 647 3115 fuerimus,
662 3034 876 3097 maturabimus
891 3035 1025 3097 reddere.
1053 3033 1276 3096 observabimus
1292 3044 1389 3097 tamen
1408 3034 1524 3115 disylla-

215 3138 376 3201 borumut
396 3160 454 3202 non
473 3142 654 3221 egredierint
678 3161 835 3204 numerum
855 3151 907 3227 aut
929 3141 1139 3223 paenultimam
1163 3141 1279 3222 longam
1299 3161 1334 3202 ex
1354 3161 1412 3204 una
1431 3142 1524 3202 vocali

219 3248 317 3308 minus
336 3248 510 3309 naturaliter
527 3247 668 3310 habeant:
686 3267 753 3310 nam
768 3249 925 3310 mutabunt
944 3251 1131 3329 scripturam,
1145 3256 1179 3308 nt
1197 3250 1278 3309 rivus
1293 3248 1385 3310 clivus
1400 3268 1524 3311 acervus
1539 3260 1552 3300 ⁵

214 3356 369 3432 genetivus
392 3357 589 3434 nominativus
612 3363 643 3416 et
673 3364 788 3416 cetera..
818 3355 869 3416 sed
899 3357 967 3435 quia
991 3353 1144 3415 Coroebus
1167 3356 1396 3435 supergrediens
1420 3375 1523 3417 nume-

214 3477 281 3519 rum
305 3459 515 3539 disyllaborum
543 3481 597 3541 per
620 3460 639 3521 b
663 3470 774 3522 mutam
799 3469 933 3541 notatur,
961 3461 1115 3521 sciendum
1138 3459 1217 3540 quod
1245 3460 1313 3522 ideo
1341 3462 1417 3524 hanc
1446 3463 1523 3524 litte·
1595 3533 1604 3545 ,

119 3630 124 3638 ,
215 3584 277 3626 ram
302 3570 397 3628 tenuit
420 3570 636 3648 inscriptura,
659 3567 704 3628 vol
728 3569 797 3647 qriia
819 3569 1010 3647 peregrinum
1030 3585 1151 3647 nomen,
1174 3567 1247 3628 haut
1269 3566 1392 3629 latinum
1412 3571 1523 3650 existit,

214 3671 260 3731 vel
284 3675 352 3751 quia
376 3674 586 3752 paenultimam
611 3674 726 3752 longam
746 3692 804 3733 non
825 3693 860 3734 ex
879 3691 937 3733 una
956 3672 1058 3753 vocali,
1077 3672 1129 3733 sed
1148 3691 1185 3732 ex
1203 3672 1385 3753 diphthongo
1404 3677 1521 3734 meruit.

215 3781 240 3838 si
268 3798 338 3839 vcro
363 3780 479 3840 mobilia
508 3780 553 3840 vel
582 3799 617 3840 ex
646 3790 729 3859 parte
754 3779 871 3840 mobilia
897 3779 942 3840 vel
970 3780 1139 3858 promiscua
1167 3780 1292 3860 fuerint,
1320 3798 1414 3860 perv
1437 3795 1562 3841 voca-10
1623 3785 1631 3799 ’

214 3885 272 3945 lem
296 3885 360 3946 loco
380 3889 504 3966 positam
525 3888 728 3966 consonantis,
752 3895 786 3946 ut
804 3903 897 3945 novus
921 3902 995 3945 nova
1018 3901 1140 3965 norum,
1164 3903 1269 3946 saevus
1289 3905 1373 3946 saeva
1393 3905 1522 3968 saevum,

216 4009 326 4052 curvus
350 4011 440 4053 curva
464 4011 601 4074 curvum,
624 3992 728 4053 balvus
751 3990 832 4052 balva
855 3990 987 4072 hairum,
1009 3999 1112 4051 torvus
1131 3999 1214 4051 torva
1233 4000 1351 4053 torvum
1370 4002 1400 4054 et
1423 3993 1522 4054 clavus

214 4097 294 4159 clara
317 4097 447 4180 clavum,
471 4098 542 4159 licet
563 4099 650 4160 aliam
672 4118 726 4179 per
748 4117 858 4178 genera
881 4099 1126 4177 significationem
1148 4100 1332 4181 suscipiunt3
1355 4118 1427 4161 aruis
1451 4103 1522 4180 avia,

302 4277 316 4324 1
336 4271 407 4325 facit
425 4274 455 4326 et
473 4271 589 4326 verbum
609 4270 711 4325 enerbo
728 4301 759 4310 -
780 4271 815 4326 de
829 4270 914 4325 verbo
930 4270 958 4323 P
970 4269 1057 4325 societ
1081 4272 1111 4324 et
1123 4269 1238 4324 verbum
1253 4287 1355 4325 enervo
1371 4267 1521 4338 ἐκνευρίζω

214 4369 316 4407 enervo
334 4351 438 4422 positio
453 4351 532 4407 verbi
546 4349 649 4406 dicitur
664 4350 741 4404 cuins
760 4349 897 4404 rationem
912 4389 918 4403 .
933 4367 952 4403 n
968 4391 974 4402 .
988 4365 1051 4402 cum
1065 4346 1101 4402 do
1114 4347 1199 4402 verbo
1214 4348 1248 4401 N
1306 4356 1323 4403 3
1343 4350 1523 4404 observamus

213 4435 309 4487 tomen
331 4432 533 4501 disyllaborum
556 4433 589 4484 ut
611 4447 666 4485 uon
689 4429 857 4500 egredierint
874 4428 907 4481 N
927 4426 1136 4482 observabimus
1160 4429 1254 4481 autcm
1273 4427 1297 4482 si
1320 4427 1521 4496 disyllaborum

214 4527 269 4566 non
293 4511 463 4582 egredierint
486 4511 514 4564 P
600 4515 616 4562 5
640 4511 672 4563 ut
693 4509 783 4563 trivus
806 4507 895 4563 clivus
919 4525 1033 4563 acervus
1056 4505 1246 4561 nominativus
1270 4507 1299 4559 ct
1322 4506 1470 4576 genetibus
1494 4510 1523 4562 et

212 4592 307 4646 cetera
321 4591 349 4643 P
359 4593 391 4645 ut
404 4590 494 4645 trivus
508 4588 597 4644 clivus
611 4605 709 4643 cervus
724 4587 869 4656 genetivus
884 4587 1074 4641 nominativus
1089 4587 1118 4641 et
1132 4585 1217 4641 ceteri
1231 4584 1264 4638 N
1310 4591 1325 4639 't
1341 4586 1416 4653 quod
1432 4604 1483 4643 om.
1499 4589 1527 4640 P

250 4670 375 4741 8hsud]
394 4671 444 4723 aut
462 4669 491 4722 P
542 4673 575 4722 10
595 4666 640 4721 vel
658 4666 816 4734 promiscuo
834 4665 862 4718 P
876 4683 912 4720 sn
929 4667 1089 4736 promiscua
1104 4665 1140 4720 N
1191 4669 1223 4717 12
1241 4663 1342 4718 rulvus
1360 4664 1445 4720 valve
1463 4669 1522 4722 val-

214 4767 280 4803 vum
299 4749 327 4801 P
388 4752 417 4803 et
435 4749 530 4803 olavus
549 4747 631 4801 clava
649 4746 760 4800 elerum
778 4746 801 4800 si
820 4747 850 4800 et
867 4745 953 4800 alium
972 4747 1044 4802 Pet
1062 4741 1159 4817 glovus
1177 4759 1214 4799 ra
1231 4742 1346 4812 glevum
1364 4744 1432 4800 licet
1451 4791 1458 4804 .
1477 4766 1496 4802 n
1516 4790 1522 4803 .
1559 4782 1568 4790 a

217 4829 303 4883 ulium
321 4829 355 4881 lt'
