3316 5474
247 388 310 450 142
596 386 826 442 Cusslououss
845 386 893 441 DE
912 384 1202 441 ORTHOGRAPHIA
1221 405 1224 411 ¹

244 574 382 652 bergensi
406 572 508 633 eodiro
532 582 561 632 el
584 574 613 632 in
639 572 884 651 Saugermanensi
914 590 947 631 ea
972 549 1131 650 solaquae
1161 573 1191 631 in
1216 571 1344 631 editione
1369 569 1489 631 exhibui
1512 571 1549 631 de

246 682 382 740 universa
412 688 476 740 arie
508 680 696 758 grammatica
727 681 837 758 scripta
868 688 950 759 sunt;
984 697 1080 758 neque
1112 677 1196 758 plura
1227 697 1243 738 a
1273 677 1460 739 Cassiodorio
1493 679 1549 739 boc

244 787 309 846 loco
339 787 448 865 seripla
472 802 537 845 esse
561 785 717 844 manifesto
746 783 855 845 indicat
883 784 1012 844 clausula
1036 786 1066 844 in
1095 785 1153 844 bne
1177 785 1288 867 addila,
1316 788 1393 846 boec
1417 787 1549 845 breuiter

245 897 328 954 dieto
351 891 509 966 sufficione
532 909 595 969 sqq.
632 893 662 951 in
683 890 926 970 wirceburgensi
949 899 1048 952 aulem
1068 892 1168 952 codiee
1189 900 1219 952 et
1241 894 1272 952 in
1292 910 1327 951 eo
1346 910 1381 951 ex
1401 910 1460 970 quo
1479 891 1548 951 olim

244 998 275 1058 lri
303 998 369 1059 libri
397 997 468 1058 editi
497 1006 567 1058 suut
595 995 728 1057 suhieela
756 1005 820 1058 erat
854 997 971 1076 longior
998 997 1158 1077 disputatio
1185 997 1223 1058 ile
1252 997 1422 1058 nominibus
1450 1008 1480 1057 et
1512 997 1548 1056 rle

244 1105 342 1166 verbis
366 1123 401 1165 er
425 1104 559 1165 Martiani
579 1103 713 1184 Capellae
737 1102 813 1163 libro
837 1105 939 1184 terlio,
964 1105 1042 1164 sieut
1064 1103 1139 1185 dixi,
1163 1106 1297 1183 repelila.
1334 1114 1453 1184 praeter
1476 1103 1548 1163 haer

244 1212 449 1290 supplementa
472 1214 576 1292 igilur,
599 1227 674 1289 quae
694 1228 753 1270 non
773 1208 809 1269 ab
830 1211 894 1289 ipso
914 1190 1101 1271 Cassiodorio
1120 1214 1229 1290 scripta
1251 1211 1301 1271 sed
1326 1211 1361 1270 ad
1385 1212 1547 1290 arrgendam

244 1321 308 1378 eius
336 1318 565 1397 disputationem
594 1324 695 1396 postea
724 1315 820 1376 addila
851 1324 934 1397 sunl,
961 1315 1091 1376 dubitari
1114 1335 1172 1377 non
1201 1326 1316 1397 poterat
1340 1320 1411 1396 quin
1436 1317 1547 1377 Wiree·

243 1424 401 1503 burgensis
429 1423 497 1484 libri
525 1425 672 1502 scriptura
702 1423 825 1502 reliquis
852 1423 1062 1503 praeferretur.
1109 1426 1140 1483 in
1169 1426 1317 1502 excerptis
1344 1422 1411 1483 libri
1439 1426 1548 1503 prioris

244 1533 422 1610 scripturam
447 1531 557 1591 codicis
581 1529 806 1609 bambergensis
830 1529 962 1611 exhibui,
992 1549 1169 1609 urramqoam
1198 1533 1227 1590 in
1256 1530 1311 1590 hoo
1336 1549 1454 1609 quoque
1478 1540 1548 1591 sunl

244 1656 319 1716 quae
344 1636 578 1717 interpolationis
601 1639 800 1716 suspicionem
825 1644 971 1697 moveant.
