3316 5474
626 368 675 422 DE
694 367 792 423 ARTE
811 368 976 424 METRICA
1390 368 1455 434 229

152 470 324 518 amma

151 554 278 615 dicimus
301 563 443 632 stratum,
471 573 487 614 ι·
510 573 575 614 csse
604 553 732 615 litteram
761 554 912 616 latendum
943 563 1001 634 est,
1031 574 1099 614 cunr
1123 563 1154 615 et
1182 554 1289 615 uocalis
1313 563 1455 634 sequatur

152 670 182 721 et
204 660 279 720 duae
303 659 480 740 praecedant
504 669 714 742 consonantes,
738 670 749 722 t
769 679 888 740 quoque
908 659 999 720 nihilo
1019 663 1117 722 ruinus
1136 670 1363 742 consonantem,
1387 681 1456 722 curm

151 786 215 829 eam
235 776 265 828 et
287 767 444 846 praecedat
463 767 518 828 alia
537 785 703 828 consonans
722 777 752 828 et
770 777 921 847 sequatur.
957 769 1083 828 iautem
1107 767 1164 827 hoc
1186 765 1275 829 habet
1299 771 1453 849 proprium

150 876 229 935 inter
251 873 379 954 vocales,
403 883 450 955 nt,
478 876 616 954 quotiens
644 873 742 935 locum
770 884 875 936 tenens
899 877 1089 936 consonantis
1113 874 1236 935 alteram
1266 883 1333 935 ante
1362 894 1394 935 sc
1423 877 1454 936 in

123 981 252 1043 seadem
276 990 359 1061 parte
383 981 636 1066 orationis-hahet
659 982 802 1063 vocalem,
824 980 912 1063 hanc,
943 983 1000 1042 etsi
1024 990 1128 1042 natura
1151 980 1250 1041 brevis
1274 990 1350 1062 erat,
1378 1000 1453 1042 sem

150 1108 203 1169 per
221 1090 368 1168 positione
388 1089 475 1149 iaciat
496 1088 626 1170 longam,
650 1098 682 1150 ut
705 1091 800 1151 mains
822 1091 985 1170 peiurium:
1004 1088 1082 1150 unde
1103 1097 1132 1149 et
1151 1087 1260 1168 duplex
1278 1087 1452 1169 appellatur.

149 1214 309 1275 xquoque
337 1195 435 1257 littera
458 1214 624 1257 consonans
652 1196 784 1257 eiusdem
813 1199 968 1277 potcstatis
995 1197 1088 1277 gratia
1116 1195 1223 1274 duplex
1255 1206 1454 1278 nuncupatur,

149 1310 182 1362 ut
200 1304 271 1364 axis.
308 1311 378 1364 sunt
401 1311 431 1364 et
454 1303 602 1383 liquentes
625 1302 740 1363 litterae
763 1311 914 1385 quattuor,
937 1302 945 1362 l
965 1321 994 1363 m
1014 1321 1076 1383 nr,
1100 1320 1175 1380 quae
1194 1300 1312 1361 diverso
1331 1301 1451 1380 quidem

149 1409 249 1485 modo,
281 1409 333 1470 sed
361 1418 441 1471 certa
469 1412 583 1471 ratione
612 1409 787 1490 plerumque
814 1411 845 1470 in
875 1418 970 1470 metro
994 1396 1109 1470 solitam
1133 1407 1366 1468 consonantibus
1394 1410 1452 1469 vim

111 1537 135 1576 ιο
149 1519 298 1599 amittere,
322 1536 380 1578 nou
401 1535 561 1597 numquam
584 1516 690 1578 breves
710 1525 814 1576 natum
838 1514 962 1595 syllabas
981 1516 1172 1575 invcrriuutur·
1191 1513 1317 1574 reddere
1340 1513 1451 1594 longas.

657 1689 716 1754 un
739 1687 940 1784 amusan
1001 1685 1004 1690 ’

236 1838 350 1918 Syllaba
370 1850 416 1900 est
439 1837 665 1918 comprehensio
690 1836 856 1898 litterarum
880 1835 925 1896 vel
948 1838 1038 1897 unius
1063 1836 1169 1898 vocalis
1189 1836 1353 1923 enuntiatio
1376 1843 1450 1896 tem·

41 1974 46 1983 v
146 1964 253 2025 porum
276 1964 382 2027 capax,
409 1947 476 2024 quia
499 1946 596 2005 omnis
620 1943 728 2023 syllaba
751 1952 802 2003 aut
829 1941 928 2003 breuis
951 1952 998 2003 est
1023 1952 1054 2003 et
1078 1953 1194 2023 tempus
1218 1944 1325 2023 recipit
1348 1960 1451 2016 rmum,

146 2052 225 2131 quod
249 2061 378 2113 atomum
403 2053 519 2113 metrici
541 2059 660 2131 vocant,
684 2058 717 2110 ut
739 2058 832 2130 pater,
855 2058 907 2111 aut
928 2049 1016 2130 longa
1039 2057 1085 2111 est
1108 2058 1139 2110 et
1161 2049 1221 2110 diro
1244 2051 1351 2129 recipit
1378 2057 1450 2110 tem·

107 2179 131 2217 rs
145 2178 231 2240 pora,
255 2167 288 2220 ut
306 2169 408 2220 mater.
446 2157 494 2218 hic
517 2160 597 2219 enim
621 2175 681 2239 ma,
704 2175 772 2218 oum
796 2157 905 2218 dicitur
929 2165 1037 2239 mater,
1055 2156 1238 2238 longitudine
1258 2158 1305 2217 sui
1324 2159 1449 2218 eircum-

145 2266 238 2327 llexus
262 2274 376 2327 tantum
401 2267 543 2345 temporis
567 2265 612 2326 bis
632 2274 770 2346 occupat,
794 2272 937 2344 quantum
960 2284 996 2345 pa
1016 2260 1121 2346 semel,
1144 2283 1213 2325 cum
1231 2272 1318 2325 aetite
1341 2264 1451 2325 dicitur

145 2381 236 2452 pater.
269 2381 340 2433 sunt
357 2374 457 2452 igitur·
469 2372 571 2451 longae
591 2370 731 2453 syllabae,
750 2381 820 2433 sunt
839 2370 957 2453 brerae,
976 2381 1047 2433 sunt
1064 2389 1245 2433 communes.
1274 2371 1326 2433 sed
1345 2371 1449 2452 longae

144 2478 260 2540 duobus
284 2479 379 2540 modis
402 2481 490 2560 hiant,
513 2486 619 2539 natura
642 2488 672 2539 et
694 2480 850 2559 positione.
887 2487 993 2563 natura
1014 2478 1143 2567 quidem⁴
1158 2478 1276 2561 bifarie,
1306 2489 1358 2541 aut
1380 2498 1447 2560 pro·

144 2587 283 2647 ductione
303 2586 440 2647 videlicet
458 2586 640 2666 singularum
660 2585 819 2666 vocalium,
838 2594 871 2647 ut
889 2587 971 2646 navis
990 2585 1077 2646 sedes
1096 2585 1163 2646 linis
1182 2604 1269 2647 omen
1289 2605 1375 2667 tirius,
1397 2595 1449 2650 aut

102 2711 129 2750 so
143 2693 268 2755 duarum
287 2696 510 2775 coniunctione,
534 2693 611 2774 quod
636 2692 839 2774 diphthongon
859 2701 978 2774 vocant,
1001 2702 1035 2755 ut
1054 2711 1158 2753 aeriam
1181 2711 1276 2773 poena
1296 2694 1447 2774 Augustus

142 2799 241 2862 Eurus
265 2803 306 2882 ei,
331 2811 364 2862 ut
386 2800 492 2860 hrator

301 2910 332 2967 ci
357 2906 444 2968 mihi
467 2909 533 2967 iam
558 2908 660 2968 video
683 2907 816 2968 subitis
840 2906 984 2986 lapsura
1007 2908 1125 2967 ruinis

300 3013 443 3075 condita
468 3014 545 3073 lana
569 3013 644 3095 diri,
667 3013 792 3094 templi
816 3031 956 3093 quoque
981 3012 1115 3074 nobilis
1139 3013 1275 3097 aedem3

141 3120 185 3181 rel
205 3139 273 3181 cum
291 3120 418 3181 dicimus
436 3119 554 3200 Tydeus
567 3121 678 3202 ,Tydei
702 3120 752 3181 uhi
776 3140 792 3180 e
811 3131 842 3182 et
861 3122 870 3180 i
894 3139 953 3180 uoti
977 3139 1162 3203 separamus,
1186 3121 1237 3182 sed
1262 3125 1445 3185 coniunctim

99 3228 333 3309 asprolerimus,
362 3245 398 3287 ne
428 3228 560 3306 quiiuam
589 3228 805 3307 potiusquam
832 3224 992 3287 secundam
1010 3219 1258 3309 (declinationem
1288 3230 1444 3308 significet.

139 3342 170 3393 et
188 3333 244 3394 hoc
263 3352 368 3413 graeca
388 3336 505 3393 nomina
524 3337 703 3416 sortiuntur3
726 3336 757 3395 in
778 3333 876 3395 latinis
896 3352 954 3394 riou
973 3335 1123 3395 invenitur
1142 3333 1214 3395 haec
1232 3334 1444 3417 diphthongus.

138 3442 285 3519 positione
309 3449 406 3501 autem
430 3441 534 3519 longae
558 3441 632 3501 liunt
655 3439 783 3520 syllabae
805 3440 900 3501 modis
919 3458 985 3501 sex:
1009 3458 1077 3500 eum
1100 3448 1238 3521 correpta
1262 3441 1369 3504 vocalis
1393 3455 1444 3506 aut

138 3549 169 3607 iu
192 3547 265 3608 duas
289 3547 397 3608 desinit
420 3556 631 3628 consonantes,
658 3556 692 3608 ut
714 3556 772 3629 asty
801 3557 851 3609 aut
880 3550 910 3608 in
935 3565 1022 3608 uuam
1047 3547 1208 3630 duplicem,
1238 3558 1270 3610 ut
1293 3550 1365 3632 dux;
1393 3561 1444 3614 aut

139 3654 247 3715 desinit
269 3656 300 3714 iu
321 3671 408 3714 unam
428 3661 639 3714 consonantem
659 3661 689 3714 ct
713 3655 859 3733 excipitur
878 3654 913 3715 ab
932 3653 1038 3734 altera,
1060 3663 1094 3715 ut
1117 3673 1198 3737 area,
1221 3666 1273 3718 aut
1296 3661 1443 3740 excipitur

97 3760 174 3821 acab
202 3780 219 3820 x
248 3759 358 3840 duplici
388 3766 583 3840 consonante,
612 3769 644 3821 ut
671 3760 747 3841 axis,
774 3768 826 3819 aut
853 3758 890 3819 ab
917 3761 927 3820 i
955 3760 1020 3821 loeo
1048 3765 1239 3883 conserpntis
1267 3767 1376 3847 posita,
1408 3773 1443 3827 ut

137 3866 238 3946 Troia,
268 3885 342 3945 quan
372 3868 483 3945 positio·
509 3885 568 3926 non
597 3884 758 3946 numquam
786 3868 817 3926 in
848 3869 952 3928 metris
985 3869 1015 3928 in
1049 3875 1111 3928 tres
1138 3869 1280 3931 dividitur
1308 3870 1442 3954 syllabas,

136 3981 170 4032 ut
192 3981 239 4032 cst
262 3972 350 4052 illud,

226 4125 239 4170 1
261 4135 348 4171 rnon
366 4134 425 4172 esse
444 4117 471 4170 L
550 4117 676 4187 sequitur
693 4134 762 4173 coru.
782 4119 915 4187 sequatur
932 4117 964 4172 F
1041 4125 1057 4173 a
1082 4121 1095 4172 t
1113 4136 1223 4189 qnoque
1242 4121 1314 4176 nihil
1332 4124 1441 4179 ominus

136 4199 336 4254 consonantem
351 4214 415 4250 oum
430 4214 490 4251 eam
510 4200 539 4253 et
557 4197 713 4275 praecedat⁵
726 4197 783 4253 alia
801 4213 953 4252 consonans
970 4199 1001 4252 et
1018 4199 1150 4265 sequatur
1167 4198 1194 4250 L
1211 4203 1225 4254 t
1241 4204 1440 4258 consonantem

135 4297 198 4334 cum
219 4294 281 4333 eam
300 4280 330 4331 et
351 4277 468 4346 praedat
491 4276 549 4332 alia
572 4293 726 4334 consonans
750 4279 779 4331 et
800 4279 934 4345 sequatur
952 4275 982 4329 F
1003 4278 1047 4330 st.
1071 4281 1270 4334 consonantem
1293 4297 1356 4335 oum
1375 4299 1438 4337 eam

135 4359 286 4430 praecedat
303 4356 361 4412 alia
379 4371 533 4411 consonans
551 4359 580 4412 et
598 4361 733 4427 sequatur
751 4355 780 4410 P
799 4373 812 4409 s
830 4358 860 4409 et
877 4356 891 4407 t
908 4354 1163 4426 (reliquisjomshsis)
1182 4373 1200 4416 ς
1288 4364 1305 4413 5
1330 4377 1439 4432 semper

134 4458 168 4495 ca
187 4437 327 4510 positione
345 4436 376 4490 F
392 4451 501 4504 semper
519 4452 581 4491 eam
600 4435 738 4507 positione
757 4433 817 4489 LP
880 4439 895 4487 7
913 4433 1007 4502 gratia
1024 4449 1074 4490 om.
1093 4435 1131 4503 L,
1150 4438 1214 4492 odd.
1233 4439 1243 4492 l
1308 4445 1325 4493 9
1344 4456 1438 4497 conso-

133 4519 264 4576 nantibus
283 4516 343 4570 FL
361 4515 573 4571 consonantium
594 4516 635 4571 Pl
699 4521 732 4571 10
750 4513 879 4570 amittere
893 4530 1103 4584 nonnumquam
1122 4517 1181 4570 FL
1199 4517 1330 4574 amittere
1348 4521 1439 4577 solent

134 4604 174 4670 (et
192 4602 255 4656 odd.
276 4599 315 4667 P)
333 4612 544 4664 nonnumquam
565 4596 628 4655 Pis
714 4601 748 4650 14
765 4596 890 4650 atomum
909 4592 1108 4660 Pis-stonum
1127 4599 1186 4652 FL
1272 4604 1305 4652 18
1323 4599 1395 4656 fiunt
1411 4602 1438 4655 L

133 4683 198 4735 sunt
216 4679 277 4733 FP
337 4676 436 4732 bifarie
455 4676 516 4730 LP
534 4675 650 4731 hilariae
670 4674 701 4729 F
715 4675 881 4735 bifariams
943 4681 978 4731 20
996 4694 1085 4748 poene
1103 4679 1135 4734 F
1195 4687 1228 4734 21
1248 4682 1344 4735 aratur
1361 4681 1393 4736 F

133 4764 167 4813 23
186 4759 246 4830 din]
267 4756 345 4811 dium
355 4756 394 4811 'F
446 4763 481 4810 24
501 4755 679 4811 coniunctum
693 4772 762 4810 corr.
777 4754 829 4810 -im
847 4756 879 4810 F
931 4762 964 4811 tt
984 4758 1055 4813 finnt
1073 4759 1133 4814 FL
1151 4763 1216 4816 sunt
1234 4762 1286 4821 ςΡ
1338 4766 1437 4819 ttaut

133 4857 216 4894 unam
235 4837 376 4907 duplicem
394 4839 421 4892 L
493 4845 527 4892 30
546 4837 665 4908 duplici]
684 4834 763 4906 dupli
781 4835 813 4890 F
