3316 5474
254 402 257 407 .
277 363 340 427 166
811 359 1042 416 cassroooau

275 475 298 511 p.
312 464 365 504 2295
379 463 403 503 P.

275 549 357 622 lacit,
382 566 440 627 quo
466 546 553 607 modo
576 549 665 626 pingo
689 548 778 625 pinxi.
816 554 965 605 ettamen
990 546 1101 605 nomini
1126 545 1203 623 qrrod
1234 544 1302 605 irinc
1326 546 1446 624 lingitur
1470 504 1515 604 sic
1539 547 1585 605 in·

278 664 386 715 sertam
411 654 544 714 videmus
568 672 587 713 ιι
612 653 753 732 litteram,
778 663 811 712 ut
834 652 917 712 evelli
942 671 1000 711 non
1024 654 1132 733 possit,
1156 654 1233 713 sicut
1256 652 1333 732 apud
1358 651 1486 713 cundem
1511 650 1586 712 Ver·

273 760 374 840 gilium
406 756 456 820 ‘et
492 762 637 839 pinguis
673 763 829 838 uirguine
862 754 994 837 ceras'3
1028 767 1058 819 et
1091 761 1120 818 io
1156 758 1372 819 cousuetudine
1403 764 1586 837 usurpatum

274 875 457 946 unguentum
484 866 607 941 dicitur,
631 867 709 945 quod
735 877 831 926 tamen
856 867 920 925 sine
945 884 963 925 u
988 865 1075 926 debet
1099 864 1198 926 scribi.

363 972 487 1052 Leprosi
506 991 521 1032 a
540 975 658 1053 pruritu
679 975 768 1031 nimio
787 973 881 1050 ipsius
901 971 1010 1031 scabiei
1029 971 1099 1031 dicti
1119 979 1203 1052 sunt,
1230 980 1260 1031 et
1283 971 1348 1031 ideo
1372 989 1425 1051 per
1444 990 1464 1051 p
1488 971 1585 1033 scribi
1602 984 1616 1024 ⁵

272 1079 391 1139 debent.

364 1184 440 1245 llille
460 1204 603 1246 numerus
623 1204 638 1245 a
659 1184 833 1263 quibusdam
859 1204 911 1263 pcr
932 1185 1051 1245 unuml
1076 1185 1230 1266 scribitur,
1254 1187 1322 1264 quia
1342 1184 1421 1244 milia
1444 1184 1586 1266 dicimus,

275 1311 332 1351 non
360 1291 461 1370 millia3
486 1291 533 1351 alii
558 1291 663 1352 melius
686 1309 741 1370 per
764 1290 823 1350 duo
848 1290 856 1350 l
880 1293 1049 1352 existimant
1072 1292 1270 1352 scribendum.

365 1506 378 1552 1
404 1503 433 1553 et
456 1503 551 1555 tamen
568 1497 682 1553 nomina
700 1513 771 1566 qnae
795 1498 836 1562 (in
854 1514 939 1566 marg.
959 1496 977 1550 l'
997 1496 1082 1565 quod)
1101 1497 1166 1551 binc
1184 1497 1299 1566 fingitur
1316 1498 1344 1551 B
1363 1501 1392 1553 et
1409 1502 1505 1554 tamen
1527 1518 1586 1555 non

273 1580 369 1649 utique
390 1579 496 1634 nomini
515 1579 590 1647 quod
614 1579 696 1646 (quae
717 1577 752 1644 C)
776 1576 842 1630 hine
864 1575 979 1646 fingitur
992 1575 1059 1642 AG,
1084 1580 1224 1631 ettamen
1244 1577 1274 1631 in
1293 1579 1404 1633 nomine
1422 1580 1496 1648 quod
1516 1581 1586 1635 hine

273 1660 387 1729 lingitur
414 1660 506 1713 Velius
524 1658 637 1727 Longus
727 1656 889 1711 2uidemus
909 1656 959 1713 §A
978 1656 1099 1711 uidimus
1119 1656 1177 1709 BG
1264 1663 1280 1711 3
1302 1660 1331 1711 et
1350 1657 1474 1729 pinguis]
1502 1659 1584 1730 Verg.

271 1758 359 1811 georg.
381 1741 442 1793 ΙΙΙ
461 1743 515 1793 450
604 1737 692 1807 ungui
715 1754 829 1791 neaerae
852 1739 878 1790 Α
902 1736 971 1805 ungi
992 1737 1112 1792 neeedas
1134 1736 1158 1790 0
1179 1737 1301 1806 anguino
1324 1737 1403 1791 tedas
1422 1738 1473 1796 Βς
1553 1741 1585 1794 in

273 1820 501 1875 consuetudinem
522 1818 586 1873 Pur.
607 1834 623 1876 ς
641 1824 666 1872 et
685 1820 770 1872 deleta
789 1838 816 1872 ιιι
836 1820 862 1871 Β
918 1825 934 1871 4
954 1820 1107 1886 ungentum
1126 1833 1195 1871 corr.
1215 1818 1387 1886 unguentum
1405 1819 1433 1871 B
1506 1820 1585 1887 quod

275 1904 401 1956 tumens
418 1900 486 1954 Par.
506 1898 878 1967 quaetamenBOqultam
893 1898 920 1952 A
974 1899 1078 1952 debent
1095 1898 1123 1951 A
1177 1903 1192 1950 5
1212 1897 1382 1967 apron'tus
1431 1898 1588 1957 scabian

325 1987 339 2033 i
361 1979 438 2048 quia]
458 1998 496 2047 qu
507 2021 530 2032 ..
550 1997 618 2033 cor-r.
634 1979 700 2047 quia
718 1980 758 2045 B,
778 1980 852 2047 quod
872 1979 954 2032 codex
972 1978 1120 2032 Beruenses
1138 1983 1195 2033 243

607 2179 1203 2186 ---,-..----.-.--..-
1233 2179 1578 2188 ——ss-

728 2316 910 2370 MARTYRII
930 2315 977 2370 DE
996 2315 1019 2368 B
1040 2315 1085 2370 ET
1105 2316 1130 2370 V

276 2485 363 2542 tionis
387 2482 493 2542 latinae
519 2484 598 2541 vistis
622 2491 667 2542 est
698 2499 756 2542 uon
785 2478 901 2564 sutilis,
920 2491 1063 2562 quaedum
1087 2492 1191 2542 natura
1215 2485 1405 2564 ministravit,
1430 2503 1582 2563 exponere

275 2589 401 2650 duorum
425 2591 527 2668 gratia.
565 2607 599 2648 ex
619 2588 675 2648 boc
694 2592 774 2648 euim
797 2590 938 2668 prodesse
959 2588 1078 2669 quidem
1102 2589 1172 2649 licet
1194 2608 1282 2669 parva
1305 2589 1473 2670 legentibus
1490 2600 1582 2670 atque

276 2695 489 2775 scribentibus,
513 2704 662 2756 aeternam
681 2713 751 2754 vero
775 2695 897 2774 gloriam
918 2706 1018 2755 nostro
1042 2694 1135 2755 labori
1158 2715 1262 2774 parare
1284 2699 1348 2756 sine
1371 2697 1462 2757 dublo
1485 2696 1581 2758 credi-

273 2820 347 2862 mus.
388 2801 512 2881 syllabas
531 2804 622 2880 igitur
641 2803 729 2862 unius
749 2803 893 2880 cuiusque
913 2801 1052 2862 dictionis
1072 2820 1161 2881 supra
1180 2803 1266 2862 dietis
1290 2802 1397 2863 litteris
1416 2822 1582 2893 accommo-

273 2910 356 2969 datas
376 2911 436 2968 sive
456 2909 551 2987 capite
576 2907 723 2995 fulgentes
743 2911 802 2968 sire
823 2909 919 2968 medio
940 2908 1057 2968 vallatas
1076 2928 1127 2969 seu
1153 2909 1240 2970 baem
1265 2909 1465 2992 observantes,
1488 2929 1609 2989 quan-⁵

274 3025 335 3076 tum
369 3017 443 3075 ratio
477 3016 630 3095 exposcit,
669 3015 861 3075 tractabimus
894 3013 1036 3094 inspectis
1069 3017 1228 3094 praecipue
1260 3002 1419 3093 diligenter
1451 3019 1582 3095 antiquis
1631 3046 1634 3051 ·

272 3121 471 3202 exemplariis,
500 3139 574 3199 quae
604 3133 673 3180 sunt
701 3141 716 3181 a
741 3123 851 3181 uostris
878 3120 1071 3180 iamdudum
1098 3120 1222 3200 probata
1246 3120 1414 3181 maioribus.
1459 3131 1488 3182 et
1512 3125 1580 3201 quia

272 3232 335 3289 siue
366 3227 508 3288 vocalium
536 3228 639 3289 ordine
668 3227 792 3307 syllabas
821 3246 908 3306 posse
938 3226 1017 3286 uullo
1046 3226 1132 3291 modo
1161 3229 1325 3287 consistere
1360 3230 1422 3307 ipsa
1450 3231 1581 3308 primum

272 3344 390 3416 natura,
418 3334 654 3395 institutionibus
683 3334 788 3394 ‹leiudc
818 3335 1045 3412 praeceptisque
1074 3333 1229 3393 doctorum
1258 3335 1397 3394 instructi
1428 3339 1580 3414 cognosci·

273 3460 338 3502 inus
368 3440 444 3518 [tum
474 3441 646 3520 vocalium],
675 3460 728 3520 pro
758 3458 859 3499 earum
888 3439 1029 3519 dignitato
1057 3441 1208 3518 inceptum
1232 3442 1331 3519 operis
1359 3420 1483 3500 huiusce
1511 3460 1579 3520 pro-
1597 3462 1623 3500 ro

272 3568 425 3627 ponemus.
463 3566 575 3606 summa
604 3549 703 3625 itaque
732 3554 760 3605 et
789 3546 935 3623 generalis
964 3556 1064 3605 nostra
1093 3546 1197 3606 divisio
1226 3548 1256 3605 in
1286 3548 1404 3606 nomine
1429 3546 1579 3627 verboque

271 3630 462 3733 spectabitur.
500 3652 552 3712 sed
577 3653 631 3711 bac
651 3672 769 3730 tyrioque
790 3661 890 3730 partes
909 3651 1078 3711 dividentur
1098 3652 1253 3731 trifariam,
1277 3652 1306 3712 id
1331 3662 1376 3713 est
1398 3654 1430 3713 in
1453 3655 1580 3732 primam

272 3759 395 3819 mediam
430 3768 518 3837 atque
553 3761 685 3820 ultimam
718 3758 875 3839 syllabam,
908 3758 980 3818 baec
1013 3758 1182 3818 distributio
1217 3761 1349 3837 quamvis
1381 3759 1458 3839 apud
1489 3759 1580 3820 Grae-

271 3884 322 3924 cos
346 3865 512 3924 llerodiano
536 3865 694 3944 displicuit.
740 3874 769 3925 ot
800 3867 928 3943 prinlum
953 3867 1127 3944 incipiamus
1150 3864 1186 3923 de
1212 3867 1329 3924 nomine
1358 3883 1392 3924 ac
1420 3864 1456 3924 de
1484 3868 1579 3944 prima

272 3974 399 4031 rrvrminis
428 3970 550 4050 syllaba,
580 3981 754 4032 exercentes
783 3970 892 4048 ubique
920 3971 1034 4030 scilicet.
1062 3973 1286 4050 nominativum,
1315 3971 1393 4049 quod
1421 3970 1469 4030 alii
1493 3990 1582 4031 casus
1599 3992 1624 4030 rs

273 4077 456 4139 notabuntur
494 4078 637 4138 similiter.
684 4087 714 4138 et
751 4079 889 4156 ‹prnniam
927 4079 955 4135 in
995 4075 1170 4155 quibusdam
1206 4079 1295 4136 istum
1333 4076 1461 4137 deficere
1499 4079 1581 4137 novi-

271 4205 351 4266 mus,
388 4204 441 4264 pcr
479 4203 682 4264 quoscumque
713 4202 799 4244 easus
834 4185 1032 4265 inveniemuS,
1067 4182 1114 4242 illa
1148 4202 1266 4262 quoqne
1300 4186 1418 4244 nomina
1454 4192 1582 4244 tractare

274 4292 492 4371 temptabimus.

360 4507 375 4552 2
400 4500 484 4570 enim}
512 4507 557 4554 e'r'n
580 4500 623 4563 Ν,
647 4517 696 4553 om.
722 4499 749 4551 P
837 4515 922 4566 parva
947 4498 975 4549 P
996 4514 1068 4565 pura
1092 4496 1124 4549 N
1212 4505 1227 4551 9
1253 4499 1410 4567 praeceptis
1429 4514 1502 4567 quae
1519 4498 1587 4552 NP

325 4586 358 4633 10
387 4582 448 4633 tum
479 4581 617 4635 vocalium
648 4597 697 4632 om.
724 4579 751 4630 P
855 4577 997 4645 inceptum
1026 4576 1117 4644 operis
1145 4576 1259 4631 huiusce
1287 4594 1475 4647 proponemus
1500 4576 1528 4630 P
1553 4576 1585 4630 in

274 4659 380 4728 optimo
399 4660 491 4728 operis
515 4659 629 4714 huiusce
654 4657 834 4726 proponimus
853 4659 885 4712 Ν
970 4662 1001 4709 12
1025 4654 1196 4724 spectabitur
1220 4657 1268 4710 sed
1292 4658 1362 4712 haec
1385 4674 1496 4727 quoque
1521 4674 1584 4726 par-

273 4742 316 4794 tes
340 4739 499 4796 dividentur
517 4740 544 4792 P
567 4738 719 4793 sectabitur
738 4736 787 4791 sed
806 4739 874 4792 haec
893 4754 1002 4806 quoque
1021 4738 1117 4805 partes
1136 4735 1291 4791 dividentes
1310 4737 1344 4790 N
1414 4745 1447 4793 15
1465 4737 1542 4806 quod
1560 4737 1590 4791 P

280 4837 335 4890 quo
359 4819 392 4873 Ν
