3316 5474
252 367 319 431 114
509 330 513 337 ’
846 369 967 424 annas

251 480 272 516 p.
287 469 346 508 2186.
361 468 386 507 81
400 467 425 508 Ρ.

339 552 451 633 Gobius
473 553 576 632 piscis,
600 569 660 611 non
684 569 845 631 numquam
868 552 955 632 gobio
978 553 1093 633 legitur.

339 658 483 719 Gaudium
498 660 601 737 animi,
620 656 729 718 laetitia
745 667 774 718 et
793 658 933 719 exultatio
953 662 1042 721 etiam
1062 660 1220 722 verborum
1235 671 1323 740 atque
1341 661 1554 723 membrorum.

338 765 490 826 Gremium
513 765 639 825 dicimus
666 766 793 825 interius
816 767 964 826 accinctas
989 768 1079 827 vestis
1106 777 1270 849 secretum,
1298 771 1396 829 sinum
1419 771 1555 830 exterius

248 875 382 934 sinuatae
406 874 496 932 vestis
523 870 753 951 receptaculum.

337 979 445 1041 Gluten
465 987 572 1039 neutro
591 997 700 1057 genere
720 977 841 1056 glutinis
865 979 985 1061 glutini,
1008 980 1060 1040 sed
1080 989 1110 1041 et
1129 979 1274 1059 glutinum
1295 979 1452 1041 Sallustius
1471 979 1581 1062 dicits

248 1087 355 1167 glutini
377 1086 499 1166 glutino.

338 1193 386 1254 Git
409 1200 602 1272 monoptoton
626 1201 656 1253 et
680 1191 824 1272 pluralem
848 1212 1006 1254 nnmerum
1030 1212 1088 1254 non
1112 1194 1208 1257 habet.
1256 1206 1301 1257 est
1330 1203 1427 1256 autem
1452 1198 1554 1256 nentri

248 1303 368 1381 generis
391 1310 420 1361 et
442 1319 497 1380 per
520 1318 623 1361 omnes
647 1317 733 1360 casus
756 1300 929 1364 declinatur.

337 1407 461 1468 Gracilis
484 1406 678 1487 gracillimus,
702 1426 760 1467 non
784 1408 1004 1487 gracilissimas.

336 1514 456 1575 Gaudeo
479 1515 591 1595 gaudes
613 1515 780 1593 perlectum
804 1514 892 1577 hahet
914 1519 1032 1595 gavisus
1056 1536 1130 1578 sum.

337 1621 455 1683 Hilarus
478 1622 550 1682 lacit
571 1620 715 1700 pluralem
739 1620 838 1702 hilari,
861 1621 962 1682 hilaris
985 1622 1128 1713 pluralem
1152 1620 1269 1682 hilares.

335 1727 450 1807 llospes
474 1737 504 1788 et
527 1730 578 1806 qui
602 1730 710 1807 recipit
731 1736 762 1788 et
785 1730 836 1806 qui
859 1730 1010 1808 recipitur.

333 1834 522 1895 llorrendum
537 1834 712 1901 dicimuset
730 1832 908 1913 despicabile
923 1835 1032 1914 aliquid
1052 1845 1082 1897 et
1099 1835 1281 1897 mirandum:
1300 1834 1445 1915 Vergilius
1460 1829 1551 1917 (Aera.

246 1942 298 2001 XI
318 1935 403 2022 507)
428 1935 568 2001 ‘oculos
591 1940 769 2000 horrenda
794 1943 829 2000 in
853 1943 994 2020 virgine
1018 1938 1136 2004 liros'.

333 2046 497 2107 Herbidum
521 2046 618 2107 locum
642 2046 767 2108 dicimus
790 2051 819 2107 in
845 2066 903 2127 quo
926 2047 1018 2109 herba
1041 2057 1100 2130 est,
1127 2051 1242 2109 etiamsi
1266 2049 1366 2109 aridus
1389 2067 1455 2109 esse
1479 2062 1592 2109 con-1⁵

248 2155 392 2233 suaserit,
411 2151 572 2213 herbosum
592 2156 643 2230 qui
662 2154 784 2215 herbam
804 2154 887 2215 lacile
907 2165 1043 2238 generat,
1061 2158 1176 2217 etiamsi
1195 2156 1230 2215 ad
1252 2165 1369 2234 tempus
1382 2154 1484 2214 aridus
1502 2156 1550 2215 sit

333 2259 445 2320 llaurio
469 2269 499 2321 et
521 2260 646 2320 haustus
670 2280 723 2341 per
746 2261 977 2342 adspirationem
1001 2262 1200 2324 scribendum.
1243 2262 1352 2322 harena
1375 2281 1430 2341 per
1453 2262 1549 2341 adspi-

245 2370 405 2447 rationem,
428 2370 496 2447 quia
519 2366 555 2427 ab
579 2366 727 2428 haerendo
752 2366 797 2428 vel
820 2368 856 2428 ab
879 2368 1043 2429 hauriendo
1067 2388 1171 2448 aquam
1195 2368 1272 2430 dicta
1296 2369 1376 2443 estl

333 2472 475 2534 llebescit
497 2476 548 2553 qui
572 2484 675 2535 natura
700 2476 859 2553 stupescit,
881 2472 1046 2534 hebetescit
1070 2477 1119 2552 qui
1143 2478 1251 2536 amittit
1273 2478 1374 2535 aciem.

334 2579 371 2640 Hi
389 2598 553 2659 pronomen
573 2580 685 2659 plurale
705 2599 759 2660 per
779 2598 866 2642 unam
886 2582 896 2639 i
915 2579 1118 2660 scribendum,
1137 2580 1183 2642 his
1198 2582 1334 2642 similiter
1352 2599 1406 2661 per
1421 2600 1510 2641 unam
1529 2584 1547 2642 i.
1560 2595 1591 2635 2⁰

334 2687 560 2748 llolocaustoma
584 2705 709 2748 numero
733 2687 888 2767 singulari,
912 2686 1160 2748 holocaustomata
1183 2686 1299 2766 plurali.

334 2794 427 2854 llamo
455 2794 555 2854 hamas
583 2803 614 2855 et
641 2812 748 2853 nomen
782 2792 886 2853 hamus
914 2812 982 2854 cum
1009 2792 1209 2874 adspiratione
1238 2792 1401 2855 scribenda.
1445 2797 1488 2855 sic
1519 2805 1550 2857 et

246 2901 364 2963 inhamo
388 2910 418 2961 et
440 2902 607 2981 perlectum
630 2900 784 2960 inhamavi.

335 3007 492 3069 Herbescit
510 3026 588 3088 ager,
612 3026 680 3067 cum
700 3006 823 3068 herbam
840 3016 976 3088 generat,
999 3010 1077 3069 sicut
1095 3006 1237 3068 adolescit
1255 3006 1291 3068 et'
1305 3008 1456 3088 pubescit,
1479 3027 1548 3069 cum

246 3117 343 3195 spicae
367 3117 542 3195 proximant.
1562 3128 1589 3167 ss

334 3219 461 3295 Humilis
492 3228 522 3280 et
552 3222 719 3280 contrarius
749 3218 879 3298 superbo
911 3219 1028 3301 dicitur,
1057 3221 1135 3299 quod
1167 3230 1212 3281 est
1240 3222 1357 3282 virtutis
1386 3224 1490 3301 animi,
1518 3232 1550 3282 et

245 3329 411 3389 contrarius
431 3325 559 3406 sublimi,
578 3327 655 3406 qtrod
676 3336 721 3386 est
740 3326 931 3386 condicionis
963 3327 1014 3387 sed
1034 3335 1065 3386 et
1083 3327 1166 3387 locus
1185 3327 1334 3407 humilior,
1353 3329 1404 3405 qui
1423 3329 1549 3389 inierius

244 3437 335 3514 iacet,
358 3434 433 3494 solet
456 3432 605 3512 appellari.
643 3433 814 3494 humiliatus
838 3434 925 3493 otiam
948 3437 1098 3512 pressuris
1122 3435 1250 3495 sillictus
1273 3433 1445 3513 appellatur.

333 3560 348 3605 1
364 3554 393 3605 et
406 3568 455 3606 orn.
472 3550 561 3618 PLs,
583 3552 646 3605 add.
663 3552 701 3604 M
712 3556 736 3605 et
750 3551 900 3619 Aproeetos
912 3556 981 3619 121,
996 3557 1032 3605 15
1082 3552 1179 3624 etiam]
1202 3555 1244 3607 est
1258 3556 1287 3606 et
1302 3552 1330 3605 P
1383 3558 1398 3604 5
1418 3550 1547 3623 glutinis]

244 3631 373 3703 gluttinis
384 3631 412 3684 P
464 3629 512 3683 sed
527 3631 556 3683 et
569 3630 710 3699 glutinum
725 3637 809 3685 maso.
825 3631 955 3685 salustius
969 3630 1072 3685 dicitur
1085 3632 1224 3702 glutinum
1240 3631 1343 3702 glutini
1358 3631 1512 3701 glotinoM

244 3707 530 3770 dicitsLdiciturP
581 3715 596 3762 ‘l
610 3708 716 3779 gitsL
729 3710 791 3779 gith
806 3710 873 3763 PM
923 3717 1009 3765 9n0n
1023 3712 1235 3779 gracillissimus
1251 3711 1319 3764 ML
1386 3720 1417 3767 10
1432 3711 1548 3781 gauisus

243 3810 304 3845 sum
327 3793 356 3846 et
378 3790 520 3844 inhermus
542 3788 613 3843 facit
636 3789 782 3858 pluraliter
804 3789 889 3843 hilari
912 3793 941 3844 et
969 3790 1089 3845 inhermi
1114 3794 1143 3847 et
1167 3791 1263 3846 hilaris
1286 3794 1316 3845 et
1339 3792 1472 3848 inhermis
1495 3794 1548 3850 fae.

243 3873 356 3926 Hilarus
370 3870 473 3924 hilares
488 3871 516 3921 et
530 3867 670 3923 inhermes
684 3870 792 3937 Hospes
807 3871 834 3922 P
887 3876 918 3922 13
933 3869 1098 3938 dispicabile
1113 3871 1168 3924 PL
1222 3874 1252 3927 et
1269 3872 1463 3926 admirandum
1478 3872 1504 3924 L
1524 3878 1549 3925 et

243 3953 394 4021 Aproeoius
406 3967 437 4019 p.
457 3953 527 4014 121,
547 3954 562 4001 1
636 3949 778 4018 Vergilius
797 3966 847 4003 ona.
866 3950 892 4002 L
966 3956 998 4004 15
1018 3950 1129 4005 etiamsi
1148 3950 1243 4005 aridus
1262 3967 1322 4005 esse
1342 3952 1479 4007 consuerit
1496 3951 1549 4006 ari-

244 4033 296 4087 dus
311 4031 348 4085 sit
363 4030 391 4083 P
408 4029 432 4083 si
446 4026 540 4083 aridus
556 4045 615 4083 esse
631 4029 807 4085 consueuerit
825 4030 861 4083 M
879 4029 989 4084 etiamsi
1008 4030 1101 4085 andus
1121 4047 1181 4085 esse
1195 4030 1340 4086 consueuit
1358 4031 1384 4083 L
1440 4037 1472 4085 16
1486 4030 1549 4083 her·

242 4111 321 4182 bam]
345 4111 433 4166 herba
452 4111 489 4163 M
560 4117 593 4165 17
617 4112 722 4165 harena
744 4127 795 4179 per
813 4109 1032 4180 adspirationem
1056 4111 1104 4180 qni
1129 4111 1165 4165 ab
1184 4126 1270 4164 arena
1287 4112 1334 4165 uel
1357 4111 1392 4164 ab
1416 4111 1549 4164 annendo

244 4210 346 4262 aquarn
371 4191 448 4245 dicta
467 4190 495 4243 P
516 4192 622 4246 harena
644 4208 695 4260 per
718 4191 936 4261 adspirationem
960 4207 1032 4259 quae
1055 4191 1091 4245 ab
1110 4190 1250 4245 haerendo
1269 4191 1317 4244 uel
1335 4189 1371 4243 ab
1394 4188 1549 4243 hauriendo

244 4291 347 4344 aquam
366 4271 443 4326 dicta
461 4272 498 4324 M
516 4271 651 4325 harenam
669 4270 799 4326 similiter
817 4271 883 4339 quia
897 4270 933 4325 ab
952 4270 1076 4325 harendo
1090 4271 1136 4326 uel
1154 4270 1190 4324 ab
1204 4268 1339 4323 auriendo
1354 4284 1455 4335 aquam
1465 4267 1550 4322 dicta

243 4358 286 4410 est
304 4354 330 4406 L
394 4357 427 4405 19
446 4349 495 4419 qni
514 4367 531 4403 a
550 4352 651 4405 natura
669 4370 719 4405 usu
738 4349 857 4420 tepescit
874 4351 902 4403 P
916 4349 965 4418 qui
984 4349 1061 4419 (quia
1079 4349 1116 4419 L)
1135 4352 1252 4403 naturae
1271 4366 1321 4401 nso
1340 4347 1460 4415 tepescit
1482 4347 1549 4399 ML

295 4441 331 4489 10
349 4450 399 4504 per
417 4450 502 4487 unum
521 4431 532 4485 i
550 4433 728 4488 scribendum
747 4430 812 4484 ML
829 4448 879 4499 per
897 4448 954 4484 una
971 4431 981 4484 i
1000 4430 1089 4485 scribe
1109 4428 1138 4481 P
1214 4443 1265 4498 per
1283 4443 1368 4481 unum
1387 4426 1397 4479 i
1417 4426 1480 4478 ML
1499 4445 1550 4495 per

243 4514 327 4568 onai
351 4515 378 4566 P
466 4518 500 4566 11
524 4529 625 4566 nomen
648 4513 735 4567 habes
761 4527 823 4564 cum
847 4509 1066 4580 adspirationem
1082 4509 1174 4566 scribe
1192 4509 1220 4562 P
1306 4513 1340 4561 13
1364 4506 1458 4560 inemo
1480 4505 1549 4558 PM

242 4593 326 4647 hama
344 4593 370 4645 L
392 4593 513 4648 humos
584 4590 711 4647 inhamni
730 4591 795 4644 PM
818 4592 911 4645 amani
936 4608 1005 4646 corr.
1024 4589 1137 4643 hamani
1155 4589 1182 4641 L
1206 4587 1357 4643 humanis
1429 4592 1463 4638 11
1482 4587 1548 4640 adu-

243 4672 323 4725 lescit
341 4672 367 4724 L
420 4678 455 4726 16
474 4671 608 4742 Humilis]
629 4670 780 4724 Humilitas
801 4668 830 4721 P
882 4672 912 4724 et
924 4669 1090 4739 peioreloco
1103 4685 1154 4722 om.
1169 4669 1207 4722 Μ
1260 4670 1391 4736 quaeest
1407 4665 1497 4719 uirtus
1513 4667 1550 4718 M

244 4755 273 4805 et
291 4753 334 4806 est
352 4751 465 4805 uirtutis
486 4751 512 4802 L
584 4755 617 4804 17
638 4750 713 4818 quod
733 4752 775 4803 est
793 4749 975 4804 condictionis
994 4750 1022 4803 P
1035 4764 1108 4818 quae
1126 4749 1170 4802 est
1188 4746 1355 4801 conditionis
1377 4746 1414 4799 M
1487 4745 1546 4813 sed]

241 4830 281 4885 sic
300 4831 326 4885 L
398 4837 432 4884 18
452 4829 539 4884 etiam
558 4829 586 4882 in
605 4829 739 4898 pressuris
759 4827 825 4881 ML
844 4828 928 4882 etiam
947 4827 1083 4898 pressurit
1102 4827 1131 4880 P
