3316 5474
232 367 297 434 374
793 365 964 422 DOSITHEI

232 665 340 725 satione
374 666 588 726 sententiarum
622 671 652 724 et
684 662 878 742 epistularum
907 660 1048 722 Hadriani
1080 662 1155 721 lacta
1188 669 1247 741 est,
1279 679 1338 722 non
1370 661 1405 720 ad
1438 669 1534 720 artem

231 773 482 851 grammmaticam
505 770 639 831 bositbei
672 786 740 830 cum
772 768 879 848 glossis
911 777 941 829 et
979 785 1047 828 oum
1093 765 1216 844 reliquis
1253 769 1534 849 interpretamentis,

232 897 307 958 quae
330 879 436 939 deinde
466 887 646 958 sequuntur,
675 878 876 955 coniunctam,
903 876 980 935 sicut
1008 872 1172 934 editoribus
1199 877 1294 935 risum
1322 885 1380 954 est,
1408 883 1532 955 spectat,

232 985 283 1045 sed
307 988 389 1066 ipsae
417 985 531 1065 glossae
560 986 590 1045 iu
619 982 693 1048 duos
722 981 814 1043 libros
847 980 1021 1042 distributae
1054 989 1138 1062 suut,
1170 1000 1297 1060 quorum
1329 984 1411 1061 prior
1444 979 1533 1042 verba

231 1093 336 1153 ordine
359 1091 525 1152 litterarum
549 1090 691 1170 disposita
714 1091 859 1170 continet,
888 1088 962 1149 alter
986 1090 1102 1148 nomina
1131 1091 1221 1149 certis
1247 1088 1406 1167 generibus
1433 1087 1533 1148 distri·

232 1198 303 1260 buta
327 1248 333 1260 .
357 1216 446 1278 quam
469 1198 693 1277 dispositionem
717 1205 747 1257 et
770 1194 979 1256 Valckenarius
1002 1195 1020 1256 l
1043 1214 1068 1256 c.
1092 1215 1120 1274 p.
1146 1194 1206 1255 111
1239 1195 1368 1256 adbibito
1392 1194 1534 1256 Vossiano

233 1306 335 1368 codice
357 1305 570 1366 demonstravit
595 1313 625 1364 et
647 1312 714 1384 post
732 1321 801 1363 eum
819 1301 1017 1381 Boeclringius
1040 1303 1130 1381 praes.
1149 1322 1177 1385 p,
1192 1301 1269 1362 XVH
1284 1313 1314 1364 et
1328 1302 1534 1363 Lachmannus

233 1414 264 1473 in
288 1413 535 1473 commentatione
559 1410 596 1471 de
620 1409 775 1491 Dositheo,
797 1408 929 1469 ldeinere
954 1407 1104 1470 Schrilten
1128 1427 1152 1468 z.
1175 1407 1262 1470 blass.
1285 1408 1389 1470 Pbilol.
1412 1430 1439 1489 p.
1461 1407 1534 1490 198,

232 1518 507 1600 comprobaverunt
549 1536 617 1578 uam
650 1517 686 1577 de
719 1519 818 1596 priore
848 1514 924 1576 libro
957 1515 1121 1595 glossarum
1154 1517 1264 1594 scripta
1297 1525 1366 1577 sunt
1397 1516 1469 1576 baec
1502 1518 1533 1576 in

232 1629 330 1707 initio,
359 1618 523 1688 ἀποδώσω
548 1610 902 1687 odoratoodorato
929 1630 1109 1702 στοιχεῖον,
1138 1614 1275 1702 πράσσω
1303 1624 1431 1682 reddum
1459 1641 1534 1697 ergo

232 1742 336 1794 cetero
357 1752 414 1809 per
438 1737 568 1807 litterar,
592 1750 663 1808 opo,
688 1741 718 1791 et
745 1734 775 1791 in
795 1731 852 1790 dne
871 1729 957 1810 baec,
981 1722 1159 1810 ἐπληρώθη
1178 1721 1216 1791 τὸ
1240 1750 1261 1789 α
1284 1727 1352 1791 τῶν
1376 1724 1534 1808 ἑρμηνευ-

232 1833 346 1920 μάτων
365 1833 596 1922 (επληρωθητό
617 1856 934 1919 μετοπωνερμηνιων
953 1830 1032 1920 cod.)
1052 1840 1202 1914 impletum
1222 1845 1266 1898 est
1285 1842 1417 1914 μνίνιννι
1440 1841 1534 1897 inter-

229 1954 405 2022 preteream
428 1945 464 2006 de
488 1945 580 2006 altero
604 1953 703 2005 autem
726 1944 816 2024 libro,
839 1946 890 2022 qui
913 1945 1016 2024 paucis
1039 1942 1174 2004 versibus
1198 1946 1297 2005 vacuis
1326 1944 1436 2004 relictis
1460 1942 1531 2004 sub·

233 2055 327 2113 iectus
355 2061 415 2134 ost,
446 2051 533 2134 haec,
565 2045 625 2132 ἐμῇ
659 2045 825 2135 ἐπιμελείᾳ
852 2045 907 2111 καὶ
935 2049 1117 2134 φιλοπονίᾳ
1145 2044 1332 2131 μετέγραφε
1364 2049 1462 2113 τοῦτο
1496 2043 1534 2113 τὸ

231 2156 365 2237 βιβλίον
387 2155 489 2218 πᾶσιν
513 2148 778 2237 ἀξιολογώτατον
801 2205 808 2220 .
833 2152 937 2244 ἐντῷ
961 2149 1079 2241 πρώτῳ
1102 2148 1166 2238 γάρ
1192 2156 1312 2242 βιβλίῳ
1339 2155 1407 2219 τῶν
1437 2153 1534 2239 ἑρμη-

231 2257 407 2344 νευμάτων
445 2256 490 2337 abc
521 2261 634 2353 πρῶτα
667 2258 917 2345 σννηνέγκαμεν
950 2256 1080 2345 ῥήματα
1118 2258 1173 2325 sat
1200 2257 1329 2326 τούτων
1353 2260 1388 2326 ἐκ
1411 2260 1534 2347 μέρους

232 2362 396 2451 ἀναγκαῖα
420 2368 468 2444 είς
485 2370 595 2432 κλίσιν
615 2363 725 2453 (κλσιν
745 2365 824 2454 cod.)
844 2363 1016 2452 ῥημάτων,
1041 2363 1146 2444 οὕτως
1164 2362 1310 2445 εὐκόλως
1327 2369 1386 2453 τῆς
1403 2363 1536 2452 ὁμιλίας

231 2475 299 2539 τῶν
331 2468 524 2560 ἀνθρώπων
557 2469 733 2559 εὐχρησιία
765 2471 931 2562 (ειχρησια
959 2463 1038 2560 cod.)
1071 2476 1161 2539 ἔσται
1191 2527 1197 2539 .
1228 2468 1292 2541 νῦν
1324 2464 1387 2541 οὖν
1419 2475 1456 2540 ἐν
1487 2476 1533 2564 τῷ

233 2582 377 2671 δευτέρῳ
409 2586 528 2671 βιβλίῳ
562 2582 704 2668 ἐροῦμεν
741 2571 789 2648 ὧν
825 2607 880 2647 και
916 2578 1054 2666 θελήσει
1091 2577 1242 2666 πρόνοια.
1288 2577 1381 2666 ἡμεῖς
1408 2578 1472 2667 γὰρ
1502 2583 1539 2646 oi

232 2684 409 2773 ἅνθρωποι
432 2687 554 2765 πάντες
577 2690 681 2773 ζῶμεν
704 2683 769 2753 άπὸ
792 2690 878 2754 θεοῦ
902 2711 968 2755 meu
992 2695 1157 2769 diligentia·
1171 2701 1200 2753 et
1217 2696 1317 2754 stadio
1336 2696 1537 2770 transscripsi

232 2802 314 2861 lrunc
337 2803 447 2862 librum
470 2802 607 2862 omatibus
631 2803 837 2876 dignissimum
861 2849 867 2862 .
891 2805 922 2862 iu
948 2804 1048 2877 primo
1076 2804 1154 2863 enim
1182 2803 1260 2862 libro
1284 2804 1533 2880 interpretamen-

233 2914 331 2967 torum
354 2926 412 2982 quo
435 2910 522 2968 modo
541 2910 652 2984 priora
676 2911 856 2969 contulimus
878 2910 972 2968 uerbo
995 2916 1024 2968 et
1047 2925 1151 2969 eorum
1174 2927 1214 2969 ex
1238 2917 1330 2985 purte
1357 2911 1534 2969 necessaria

233 3018 264 3074 in
302 3017 504 3075 declinatione
544 3016 717 3089 uerborum,
759 3019 803 3075 itu
840 3007 902 3098 (uti
936 3006 1016 3097 cod.)
1049 3013 1176 3090 facilius
1211 3018 1344 3075 sermoni
1379 3018 1531 3076 leontinum

229 3122 371 3197 proderit
384 3167 391 3181 .
406 3140 487 3182 nunc
510 3139 583 3196 ergo
608 3124 638 3182 in
661 3124 794 3183 secundo
817 3122 895 3182 libro
919 3122 1052 3182 dicemus
1077 3113 1221 3203 (dicimus
1244 3115 1323 3205 eod.)
1351 3140 1479 3197 qrrorum
1503 3129 1533 3183 et

232 3231 295 3288 vult
314 3231 507 3304 prouidentia
531 3276 537 3289 .
561 3246 614 3288 nos
638 3232 716 3289 euim
739 3231 872 3288 domines
894 3245 994 3288 omnes
1013 3229 1138 3287 uiuimus
1152 3246 1171 3287 o
1186 3226 1291 3301 deo*).
1321 3228 1447 3308 denique
1463 3247 1533 3288 eum

233 3335 284 3412 qui
308 3343 401 3394 artem
425 3337 643 3413 grammaticam
668 3337 787 3415 scripsit
815 3333 963 3413 aliquanto
992 3333 1163 3393 interiorem
1192 3336 1283 3395 luisse
1307 3355 1342 3395 eo
1367 3354 1453 3417 anno,
1481 3338 1533 3414 qui

232 3441 262 3499 in
286 3439 455 3519 gcuealogia
479 3439 584 3519 Hygini
608 3440 754 3502 indicatus
778 3450 833 3522 cst,
856 3439 935 3501 edito
958 3438 1034 3501 libro
1063 3442 1119 3501 iam
1143 3441 1228 3521 plano
1258 3461 1400 3522 apparere
1428 3452 1500 3522 puto
1525 3490 1532 3502 .

233 3563 300 3604 nam
323 3548 440 3606 etiamsi
464 3545 629 3607 Charisium
653 3558 683 3608 et
702 3547 886 3628 Diomedem,
909 3565 984 3625 quos
1002 3551 1208 3627 grammaticos
1227 3551 1307 3628 ipsos
1327 3567 1445 3628 quoque
1464 3557 1532 3609 ante

303 3797 329 3867 *)
349 3799 411 3853 Non
431 3797 525 3853 omnia
542 3816 614 3868 qnae
632 3800 662 3854 iu
680 3799 816 3856 Vossiano
835 3800 931 3855 codiee
949 3803 1013 3870 post
1030 3800 1137 3871 glossas
1157 3801 1262 3871 scripta
1280 3805 1309 3857 et
1326 3820 1343 3857 a
1361 3802 1533 3873 Boeclaingio

233 3878 310 3932 edita
337 3881 401 3933 sunt
428 3894 482 3932 uno
506 3879 590 3934 tertio
615 3879 685 3935 libro
709 3881 910 3950 comprehensa
933 3896 993 3933 esse
1012 3879 1073 3948 ipse
1091 3880 1276 3950 Bosckingius
1296 3884 1452 3953 suspicatus
1471 3886 1534 3936 erat

232 3975 261 4026 p.
280 3964 314 4012 89
333 3960 363 4013 et
380 3960 445 4028 post
463 3977 526 4015 eum
545 3961 743 4016 animadvertit
760 3961 953 4016 Lachmannus
971 3960 990 4014 1.
1009 3976 1032 4014 c.
1071 3978 1135 4015 nam
1156 3979 1218 4017 cnm
1237 3981 1287 4032 per
1305 3980 1333 4018 se
1351 3981 1449 4032 pamm
1469 3979 1532 4031 pro-

233 4035 327 4092 babile
346 4036 384 4091 sit
401 4039 461 4091 tam
479 4038 582 4094 multas
601 4044 706 4096 ettam
725 4041 848 4096 diversas
867 4057 911 4096 res
929 4040 959 4095 111
977 4056 1032 4095 uno
1050 4040 1122 4096 libro
1141 4057 1159 4095 a
1177 4041 1311 4111 scriptore
1333 4043 1439 4112 positas
1463 4059 1532 4110 esse,

232 4118 384 4186 postquam
402 4117 558 4186 glossaria
577 4120 646 4175 duos
660 4121 745 4175 libros
760 4119 953 4189 distribuerat,
971 4123 1031 4175 tum
1049 4119 1078 4174 in
1097 4120 1267 4190 praefatione
1282 4124 1423 4178 extremae
1436 4123 1532 4192 partis,

233 4217 306 4268 qaae
329 4201 373 4254 est
395 4199 430 4254 de
454 4199 597 4255 cotidiana
620 4199 843 4266 conversations,
867 4199 1047 4255 duodecimus
1072 4198 1144 4253 liber
1165 4200 1305 4255 indicatus
1327 4205 1371 4256 est
1388 4222 1414 4273 p.
1435 4210 1468 4257 89
1488 4203 1530 4257 ed.

232 4277 343 4345 Boeolr„
361 4280 461 4349 irrepit
479 4280 694 4355 λρννιινενωοίο
712 4280 742 4334 id
760 4283 798 4332 eet
816 4278 882 4332 libri
902 4278 975 4331 XII
993 4321 999 4333 .
1018 4281 1113 4349 itaque
1132 4281 1156 4335 si
1179 4280 1304 4335 diversae
1327 4285 1432 4351 partes,
1461 4299 1532 4350 quae

232 4359 319 4414 etiam
341 4357 561 4428 praefationibus
589 4359 737 4413 distinctae
766 4362 843 4426 suut,
871 4359 989 4428 singulis
1015 4361 1093 4416 libris
1120 4361 1293 4428 tribuuntur,
1322 4361 1475 4415 sententiae
1504 4366 1533 4415 et

235 4439 372 4510 epistulae
391 4437 538 4505 Hadriani,
562 4438 674 4493 fabulae
693 4439 812 4508 Aesopi,
834 4439 1046 4493 commentarius
1070 4441 1105 4493 do
1128 4440 1403 4507 manumissionibus,
1427 4441 1531 4510 Hygini

234 4517 413 4587 genealogia,
433 4518 556 4574 narratio
575 4519 609 4573 de
628 4519 703 4573 bello
722 4517 855 4586 Troiano,
880 4519 1021 4573 cotidiana
1044 4521 1216 4574 conversatio
1241 4536 1304 4574 cum
1328 4520 1435 4575 duobus
1454 4522 1532 4575 libris

232 4599 388 4668 glossarum
408 4598 534 4653 efficiunt
551 4615 696 4652 numerum
715 4600 778 4650 octo
797 4598 929 4652 librorum
950 4641 956 4654 .
975 4597 1047 4653 inter
1065 4599 1258 4669 genealogiam
1272 4602 1367 4654 autem
1381 4600 1484 4670 Hygini
1503 4605 1533 4655 et

233 4676 436 4731 enarrationem
455 4679 522 4733 belli
541 4678 656 4733 Troiani
674 4678 702 4731 in
722 4678 817 4732 codice
836 4679 937 4733 lacuna
954 4683 1009 4746 est,
1033 4678 1061 4732 iu
1086 4696 1156 4746 qua,
1184 4677 1236 4732 nisi
1259 4680 1326 4747 quid
1349 4670 1533 4748 praeterea'a

233 4758 353 4813 librariis
379 4758 511 4813 omissum
531 4761 588 4824 est,
612 4760 745 4826 quattuor
764 4756 841 4826 libri,
865 4760 913 4827 qui
932 4759 969 4814 ad
988 4776 1126 4813 summam
1144 4759 1310 4828 explendam
1330 4760 1530 4830 desiderantur,

232 4840 323 4910 perire
340 4840 499 4909 potuerunt.
