3316 5474
314 407 357 470 20
804 406 978 461 Tnnnarn
998 406 1128 461 scst'nt

314 508 402 556 sesso
418 508 442 546 s.

315 592 498 653 adiciendam
517 588 539 669 †
560 591 697 669 qnoniam
717 592 726 648 i
746 608 805 649 uon
824 590 902 650 aliud
923 600 1028 669 putant
1046 608 1111 650 esse
1131 608 1218 668 quam
1237 588 1359 648 alterius
1380 591 1451 649 terri
1470 608 1538 649 cum
1560 589 1618 648 hoc

314 698 404 758 serbo
433 701 497 759 siue
526 697 709 758 dubitatione
737 699 894 775 aspiretur
941 706 1027 776 negat
1050 696 1142 756 l'arro
1171 698 1259 755 etiam
1283 695 1395 755 Gracco
1419 695 1620 776 aspirandum,

313 808 483 885 quoniame
502 805 632 884 gerendo
647 806 686 864 sit
705 806 942 882 cognominatus:
962 814 1085 865 matrem
1105 805 1184 863 euim
1203 804 1268 863 eius
1285 805 1335 881 qiu
1359 806 1473 882 primus
1487 802 1620 863 Graccus

315 915 354 974 sit
377 912 475 973 dictus
502 909 660 971 duodecim
691 909 843 970 mensibus
871 920 957 970 utero
981 929 1049 970 eum
1074 913 1211 989 gessisse.
1259 920 1289 970 et
1311 910 1463 991 pulcrum,
1485 912 1621 989 quamvis

314 1021 345 1079 in
369 1019 585 1080 consuetudine
609 1018 771 1095 aspiretur,
801 1015 891 1076 nihilo
916 1019 1013 1077 minus
1038 1025 1134 1076 tamen
1164 1018 1239 1076 ratio
1269 1015 1386 1076 exiliter
1410 1025 1439 1076 et
1463 1018 1647 1076 enuntians

315 1125 387 1187 dum
411 1134 441 1186 et
464 1123 655 1186 scribendum
680 1141 745 1183 esse
769 1122 944 1203 persuadet,
972 1142 1008 1182 nc
1032 1142 1091 1183 una
1115 1126 1235 1183 omnino
1259 1122 1348 1183 dictio
1373 1123 1514 1183 adversus
1537 1121 1621 1182 latini

316 1234 462 1292 sermonis
492 1240 626 1292 naturam
656 1229 750 1291 media
780 1232 936 1309 aspiratur.
979 1232 1112 1308 utramvis
1132 1231 1237 1290 Santra
1261 1249 1277 1289 a
1301 1231 1421 1290 Graecis
1445 1239 1529 1310 putet
1554 1248 1622 1290 esse

316 1338 506 1418 translatum,
528 1339 613 1418 quasi
635 1335 811 1416 polichrum.

406 1445 439 1505 ln
463 1443 651 1507 mensoribus
675 1442 804 1504 litteram
823 1461 852 1517 n,
875 1445 1008 1521 qrramris
1028 1453 1147 1504 recuset
1166 1447 1251 1522 ratio,
1273 1446 1342 1522 quia
1364 1446 1471 1504 metior
1489 1445 1553 1503 sine
1572 1442 1622 1503 illa

316 1553 448 1634 dicatur,
471 1551 599 1613 vindicat
623 1560 722 1612 tamen
746 1549 942 1630 consuetudo,
970 1551 1049 1629 quod
1073 1569 1128 1610 ros
1151 1550 1268 1630 plenius
1291 1559 1386 1610 sonet.
1432 1553 1462 1611 in
1486 1552 1648 1629 contugts1

318 1670 417 1721 tamen
436 1660 615 1719 nominativo
635 1666 792 1736 utramque
811 1663 926 1735 partem
946 1645 1021 1716 ratio
1040 1656 1189 1716 ‹lelemlit-
1219 1675 1285 1716 nam
1305 1656 1363 1734 [et]
1384 1660 1444 1717 sire
1464 1656 1621 1717 detrahen-

318 1767 389 1827 dum
413 1786 431 1825 u
456 1767 631 1824 novissimae
656 1765 732 1841 parti
756 1763 968 1841 putaverimus,
992 1761 1099 1822 arruilio
1124 1765 1189 1842 erit,
1213 1764 1291 1842 (prod
1315 1767 1450 1841 genetivo
1472 1783 1531 1824 nou
1552 1782 1622 1823 con·

318 1874 417 1950 iungis
436 1870 486 1930 sed
507 1872 642 1946 coniugis
661 1868 800 1947 elicimus3
824 1869 884 1927 sire
904 1866 1099 1948 adiciendum,
1122 1868 1201 1947 qrrrtd
1221 1888 1236 1927 a
1256 1869 1346 1929 rerbo
1365 1871 1444 1948 quod
1464 1879 1510 1930 est
1528 1871 1623 1947 inngo

318 1977 374 2038 hoe
398 1995 505 2036 nomen
529 1974 708 2035 declinatum
728 1975 775 2034 sit.
812 1972 863 2032 sed
888 1973 994 2033 melius
1017 1984 1114 2034 tamen
1139 1976 1255 2035 ridetur
1278 1979 1381 2036 sinen
1404 1978 1501 2037 littera
1520 1977 1621 2037 dicere

318 2093 349 2145 et
371 2081 512 2144 scribere.
550 2099 651 2142 rerum
675 2082 740 2139 sine
764 2078 854 2139 dubio
877 2088 1002 2158 pecc-ant
1027 2083 1078 2159 qui
1096 2083 1215 2160 paulum
1235 2092 1265 2143 et
1283 2084 1434 2162 paululum
1455 2103 1509 2163 per
1527 2101 1622 2144 uruuu
1638 2100 1655 2136 ι-

319 2192 328 2253 l
351 2189 502 2269 scribunt,
529 2206 597 2248 cum
625 2187 735 2266 alioqui
763 2188 857 2265 prima
885 2187 993 2265 positio
1018 2189 1083 2247 eius
1106 2187 1215 2267 duplici
1240 2189 1292 2249 hae
1317 2189 1414 2250 littera
1438 2193 1624 2268 enuntietur,

318 2305 352 2358 ut
374 2296 489 2375 pullum
515 2303 545 2354 et
568 2293 716 2373 pusillum.

319 2511 402 2564 quam
418 2493 503 2546 altius
517 2494 641 2546 mentem
656 2490 734 2557 uehi,
748 2491 778 2544 id
791 2492 835 2543 est
851 2490 929 2556 ferri,
948 2508 1010 2544 cum
1025 2490 1090 2544 huie
1103 2492 1189 2547 uerbo
1203 2493 1262 2548 sine
1276 2494 1451 2549 dubitatione
1465 2495 1626 2563 adspiretur

324 2573 526 2626 ll'rluonnsius
548 2572 581 2624 de
605 2571 686 2625 l'orr.
710 2571 771 2623 libr.
795 2585 907 2637 mossur.
928 2587 957 2637 p.
977 2576 1040 2625 183.
1074 2573 1167 2625 stadim
1189 2588 1360 2641 quemquam
1382 2574 1498 2642 quidam
1521 2575 1626 2642 putant

211 2714 225 2733 .
317 2652 509 2717 adiciendam,
528 2649 661 2719 quonium
684 2668 740 2704 non
763 2650 840 2704 aliud
863 2651 965 2718 putant
987 2666 1047 2704 esse
1069 2669 1155 2719 quam
1177 2652 1263 2705 altius
1286 2653 1408 2707 evehens
1431 2654 1483 2720 (sel
1506 2652 1626 2707 ulterius

321 2733 450 2799 vehens),
469 2748 532 2785 eum
551 2730 615 2782 huie
634 2730 720 2783 serbo
739 2730 798 2784 sine
818 2728 993 2784 dubitatione
1011 2730 1171 2799 adspiretur

411 2819 424 2864 1
444 2809 640 2864 addicieudum
660 2809 688 2862 P
794 2809 926 2878 quoniam
946 2809 972 2864 .i.
990 2827 1046 2863 non
1064 2810 1092 2862 Β
1118 2811 1251 2880 quoniam
1273 2813 1315 2869 hii
1334 2831 1388 2869 nou
1409 2814 1438 2868 P
1454 2813 1626 2881 quoniamh

320 2963 375 3000 non
394 2965 416 2997 ω
515 2944 613 3011 putent
633 2962 655 2995 ω
751 2890 949 2996 alteriusf'lium
968 2941 995 2993 Β
1014 2942 1130 2996 alterius
1150 2944 1291 2999 hericum
1312 2948 1365 3001 Po
1460 2904 1580 3016 agrbeco
1598 2946 1627 2998 Β

318 3025 423 3095 gracho
445 3023 473 3076 P
489 3022 614 3077 Grachus
634 3042 655 3074 ω
727 3023 835 3094 seius]
855 3029 883 3077 ei
901 3021 928 3073 Β
1005 3037 1121 3090 graccus
1140 3022 1167 3074 Β
1186 3026 1322 3092 gracchus
1342 3026 1370 3078 P
1386 3026 1513 3081 Graehus
1531 3047 1553 3079 u

319 3112 336 3159 t
354 3104 502 3159 duodecim
526 3103 667 3158 mensibus
689 3104 770 3157 utero
793 3102 926 3173 gessisset
942 3102 970 3154 Β
993 3102 1139 3156 duodecim
1159 3121 1267 3158 meuses
1286 3112 1396 3162 utemm
1419 3107 1541 3177 gessisse
1561 3107 1626 3171 Pu,

318 3184 466 3239 duodecim
497 3202 607 3240 menses
631 3185 711 3237 utero
737 3199 801 3236 eum
832 3182 949 3252 gessisse
977 3181 1142 3236 Ritsehelius
1169 3191 1269 3252 praeest.
1302 3186 1418 3241 l'urrou.
1445 3206 1473 3255 p.
1498 3193 1538 3241 23
1565 3188 1625 3241 coll.

319 3265 428 3320 Choreb,
443 3282 473 3334 p.
492 3270 541 3330 82,
560 3271 579 3319 8
597 3263 673 3332 quod
695 3266 786 3318 mater
807 3263 867 3317 eius
889 3261 1036 3316 duodecim
1060 3262 1201 3317 mensibus
1219 3268 1300 3320 utero
1319 3283 1382 3320 eum
1401 3266 1556 3337 gestaverit

319 3352 336 3398 t
354 3349 385 3399 et
402 3346 549 3414 pulchrum
567 3344 666 3397 BPu.
684 3343 832 3412 pulchrum
851 3341 940 3396 Varro
959 3341 1097 3410 sdspireri
1114 3341 1216 3397 debere
1234 3350 1332 3413 negat,
1351 3363 1385 3399 ne
1404 3347 1512 3401 duabus
1529 3365 1627 3403 conso·

319 3425 450 3480 nantibus
474 3425 576 3493 merliu¹
591 3421 747 3478 intercedat
769 3422 935 3490 adspiratio,
958 3422 1034 3490 quod
1058 3421 1173 3475 minime
1196 3426 1302 3477 rectum
1326 3426 1449 3495 antiquis
1476 3426 1627 3481 videbatur

320 3505 465 3559 Charisi&
479 3522 509 3571 p.
521 3508 611 3567 73,17
674 3508 690 3554 5
710 3502 738 3554 in
753 3501 953 3555 cousuetudine
972 3500 1061 3552 BPo
1115 3500 1316 3557 nihilhominus
1334 3504 1363 3560 Β
1380 3507 1580 3561 nichilominus
1601 3505 1629 3558 P

374 3600 408 3637 ex
426 3584 457 3637 hi
475 3588 518 3651 (ex
533 3582 544 3635 i
560 3583 598 3650 P)
616 3582 711 3635 littere
725 3579 939 3634 tenuntiuudum
953 3577 1016 3629 BP
1032 3577 1144 3632 exiliter
1157 3596 1172 3634 c
1186 3583 1387 3638 enuntiandum
1403 3607 1425 3639 ω
1444 3587 1512 3640 exili
1529 3586 1627 3641 littera

320 3681 336 3716 e
354 3663 556 3717 enuntiandum
576 3661 777 3714 ll'rtmouusius
794 3661 827 3714 de
846 3659 927 3712 l'orr.
946 3658 1008 3711 libr.
1026 3674 1138 3726 erumna.
1154 3676 1185 3727 p.
1204 3666 1258 3715 lat
1332 3669 1467 3720 t'nsturs
1485 3667 1580 3720 medie
1598 3666 1626 3717 Β

319 3744 449 3795 naturam
466 3740 589 3795 mediam
611 3740 663 3792 Pu
682 3742 810 3793 naturam
829 3739 858 3792 iu
876 3737 969 3791 media
985 3737 1132 3791 Putecbius
1204 3742 1333 3808 quemuis
1352 3742 1453 3798 Santra
1469 3745 1628 3809 Putschius,

321 3822 435 3891 quamui
453 3822 549 3875 santra
562 3820 590 3872 Β
609 3820 739 3888 quemuis
753 3824 839 3873 antea
855 3818 908 3872 Po
980 3822 996 3870 8
1015 3816 1172 3885 polichrum
1190 3818 1219 3872 iu
1234 3823 1401 3877 messoribus
1419 3827 1513 3878 tamen
1528 3840 1627 3892 qnem-

320 3901 364 3955 uis
390 3901 434 3955 liti
458 3903 568 3955 recuset
592 3899 665 3953 ratio
689 3897 717 3950 B
741 3897 930 3967 polichruuim
956 3896 1129 3950 mensoribus
1152 3902 1247 3954 tamen
1270 3904 1399 3970 quamuis
1425 3904 1524 3958 literae
1548 3905 1629 3958 euseb

320 3983 392 4038 ratio
409 3981 437 4034 P
448 3977 608 4049 xotdzoouv
626 3980 665 4047 (iu
679 3981 743 4033 odd.
761 3979 928 4043 Potentius).
954 3974 1128 4032 bleusoribus
1142 3982 1237 4036 tamen
1254 3985 1382 4052 quamuis
1395 3983 1495 4039 literae
1513 3986 1629 4039 accuset

321 4061 377 4131 (liti
394 4065 505 4116 recuset
524 4060 682 4128 Putschios)
700 4058 773 4113 ratio
792 4079 814 4111 ω
832 4064 857 4112 et
874 4058 1021 4111 Potentius
1092 4064 1108 4110 2
1128 4060 1228 4114 metior
1246 4062 1426 4118 Sdrsrdderus
1442 4081 1557 4133 promus.
1576 4064 1624 4117 tot.

323 4143 345 4195 1
357 4160 387 4211 p,
406 4145 469 4205 457,
487 4140 588 4194 metiar
606 4139 695 4192 BPo
769 4141 915 4192 tutamen
934 4154 997 4191 eam
1016 4138 1188 4193 cousuetudo
1209 4141 1262 4195 Po
1334 4144 1363 4197 in
1382 4142 1521 4212 coniugiis
1538 4143 1567 4195 B

322 4228 355 4276 12
374 4240 394 4274 n
412 4237 463 4275 om,
481 4220 569 4274 ΒΡω
641 4218 804 4288 genetiuom
824 4234 880 4272 non
899 4217 1044 4287 coniungis
1056 4261 1062 4272 .
1136 4221 1164 4281 (s
1183 4236 1236 4276 rus.
1256 4222 1408 4276 inlocum
1430 4223 1551 4290 utrinque
1572 4222 1629 4287 sere

321 4303 484 4370 litterum)
503 4299 553 4355 sed
571 4298 599 4350 Β
618 4300 750 4366 genetiuo
769 4316 824 4353 nou
842 4298 974 4368 coniungi
991 4298 1040 4352 sed
1061 4298 1089 4350 P
1196 4307 1227 4353 13
1247 4301 1306 4355 sire
1324 4299 1501 4366 adiciendum
1520 4317 1571 4355 om.
1593 4301 1628 4366 P,

321 4383 386 4438 odd.
404 4381 460 4434 Βω
535 4383 568 4430 14
587 4395 605 4429 n
623 4376 729 4448 littera]
750 4397 776 4434 n.
795 4377 813 4431 l„
833 4379 861 4431 Β
948 4386 980 4432 15
998 4378 1114 4447 psulum
1133 4380 1163 4431 et
1180 4378 1324 4446 paululum
1343 4401 1365 4433 ω
1384 4381 1511 4449 paullum
1530 4381 1629 4447 (deleto

317 4462 414 4529 priore
430 4460 452 4528 l)
471 4461 501 4513 et
517 4456 663 4526 paulinum
680 4457 709 4509 Β
727 4458 853 4527 paullum
872 4461 901 4513 et
918 4458 1075 4528 paullinum
1096 4458 1124 4511 P
1231 4466 1262 4513 lo
1281 4459 1335 4513 hac
1353 4459 1449 4513 littera
1467 4460 1629 4514 enuntietur

320 4540 376 4594 Bu
399 4540 452 4594 hee
474 4539 569 4593 littere
592 4538 739 4592 nuncietur
763 4540 791 4593 P
898 4547 929 4594 17
955 4544 988 4594 ut
1010 4539 1118 4609 polium
1137 4540 1166 4592 et
1183 4539 1316 4607 pusillum
1337 4539 1365 4591 P
1381 4542 1413 4591 ut
1431 4539 1526 4607 polum
1547 4542 1628 4608 (corr.

320 4618 472 4689 polluunt)
490 4621 520 4672 et
533 4618 646 4688 psillom
662 4618 689 4670 B
708 4621 739 4671 ut
752 4620 861 4687 polium
876 4626 905 4676 et
918 4621 1042 4690 pisillum
1057 4640 1078 4673 ω
1097 4622 1129 4674 ut
1146 4620 1253 4689 pollam
1268 4621 1298 4673 et
1315 4618 1453 4687 pollulum
1470 4618 1627 4674 Petschiss.

322 4699 432 4770 pullum
450 4714 484 4753 ex
507 4697 583 4753 l'eh'o
600 4699 697 4768 leupo
710 4716 741 4767 ρ.
760 4705 841 4755 2238
858 4718 953 4754 rursus
970 4699 1038 4767 quis
1057 4698 1165 4768 pullum
1184 4714 1235 4767 per
1252 4697 1308 4751 duo
1327 4698 1337 4749 l
1356 4697 1516 4765 scribimus,
1534 4700 1628 4753 obser-

323 4782 461 4834 vaverunt
478 4777 593 4846 quidam
611 4782 645 4833 ut
662 4779 789 4849 paullum
806 4780 926 4849 repetito
945 4778 1044 4833 eodem
1064 4779 1203 4833 elemento
1221 4777 1376 4831 seriberent
1397 4780 1492 4847 recepi.
1519 4780 1627 4848 pollum

320 4864 347 4914 et
364 4856 502 4929 pollulum
519 4859 640 4926 defundit
656 4860 840 4914 Seleucidenrs
855 4876 969 4928 mosam.
987 4858 1035 4913 lot.
1054 4874 1078 4912 r.
1100 4858 1121 4910 Ι
1133 4874 1163 4926 p.
1182 4862 1237 4911 412
