3316 5474
596 328 666 385 ΑΗΒ
694 331 938 387 GRAMMATICA
1353 331 1418 394 413

117 445 138 482 p.
153 435 185 472 u.
200 434 226 473 rs
241 434 269 474 rr.

118 521 256 599 superius
279 536 465 600 supremum,
491 517 568 578 inira
591 518 716 579 inferius
747 519 860 597 infime,
885 535 983 594 prope
1010 519 1134 597 propius
1161 519 1309 600 proxime,
1334 525 1418 611 extra

117 627 250 688 exterius
277 633 425 708 extremo,
453 626 531 687 ultra
558 624 684 686 ulterius
712 624 830 706 ultimo,
858 627 932 685 citra
960 626 1083 686 citerius
1111 626 1219 685 citime.
1269 643 1361 705 penes
1388 633 1419 686 et

117 737 237 816 penitus
260 753 319 795 non
343 733 453 795 habeut
477 753 511 793 ex
541 752 573 794 se
601 734 798 813 comparativa
826 751 882 793 nec
912 732 1103 814 superlativa,
1130 741 1164 793 ut
1191 749 1281 812 supra
1309 732 1418 811 scripta

117 842 262 904 adverbia.

90 1049 103 1089 ⁵
147 1129 157 1138 ⁶
550 1033 610 1098 DE
634 1031 984 1099 PRAEPOSITIONE

205 1182 388 1262 Praepositio
418 1189 465 1242 est
492 1199 563 1261 pars
590 1181 746 1260 orationis,
779 1198 854 1259 quae
888 1181 1055 1260 praeposita
1087 1179 1136 1240 alii
1167 1181 1244 1259 parti
1277 1179 1419 1238 orationis

116 1289 361 1368 significationem
384 1289 449 1348 eius
474 1289 608 1348 immutat
631 1296 682 1348 aut
705 1286 808 1368 implet
826 1294 877 1348 aut
896 1286 1060 1366 simplicem
1079 1292 1191 1364 servat,
1213 1296 1248 1347 ut
1265 1284 1418 1346 inscribo.

116 1397 368 1475 praepositionum
400 1395 472 1456 aliae
506 1413 624 1475 semper
656 1402 876 1475 componuntur
909 1411 976 1454 cum
1009 1392 1074 1453 aliis
1106 1391 1240 1473 partibus
1268 1393 1419 1472 orationis,

116 1505 157 1563 lta
181 1511 214 1563 ut
237 1507 267 1563 iu
292 1505 435 1564 unitatem
459 1504 577 1563 veniant
595 1521 693 1582 neque
712 1520 851 1581 umquam
872 1502 1029 1582 separatim
1048 1496 1194 1561 ‘rb’cantur
1232 1506 1301 1560 sunt
1319 1506 1418 1560 autem

78 1607 185 1689 10bae,
213 1628 269 1669 con
293 1628 328 1670 co
352 1629 385 1670 rs
409 1610 439 1670 di
462 1609 507 1670 dis
530 1627 576 1669 am
600 1628 646 1690 se,
676 1616 708 1670 ut
736 1607 908 1688 conplector
935 1626 1081 1688 coarguor
1104 1625 1206 1668 resero
1229 1606 1337 1667 diduco
1359 1606 1418 1668 dis·

117 1734 207 1776 curro
230 1716 392 1796 amplector
415 1717 521 1777 secerlo
545 1765 552 1776 .
576 1716 648 1777 aliae
677 1718 720 1777 sic
748 1723 937 1796 separantur,
965 1722 999 1775 ut
1026 1732 1187 1794 numquam
1214 1716 1245 1775 iu
1272 1716 1418 1775 unitatem

116 1825 234 1884 veniant
252 1842 320 1885 cum
339 1824 403 1885 aliis
421 1823 557 1903 partibus
575 1824 731 1904 orationis,
754 1831 787 1883 ut
810 1820 886 1901 apud
909 1838 1010 1900 penes.
1055 1820 1127 1880 aliae
1147 1829 1177 1881 et
1195 1822 1418 1900 coniunguntur

116 1938 146 1990 et
169 1939 358 2013 separantur,
381 1939 414 1991 ut
437 1929 493 1990 sub
517 1949 552 1989 ex
576 1931 607 1990 in
630 1929 666 1990 de
690 1948 744 2010 pro
768 1928 813 1989 ab.

206 2037 282 2098 Sunt
313 2039 548 2118 praepositiones
582 2055 657 2117 quse
690 2039 857 2097 accusativo
886 2038 968 2098 casui
999 2045 1113 2097 tantum
1141 2037 1288 2118 serviunt,
1322 2043 1355 2097 ut
1382 2036 1418 2097 ad

77 2135 214 2223 cupos,
246 2143 324 2224 apud
356 2137 462 2225 παρά,
495 2152 562 2205 ante
585 2136 665 2226 πρό,
695 2143 853 2204 adversum
881 2137 1070 2224 κατέναντι,
1102 2150 1206 2204 contra
1232 2137 1418 2219 κατέναντι,

116 2252 195 2310 eirca
226 2250 318 2331 περί,
355 2254 399 2312 cis
431 2243 539 2330 ἐντός,
576 2253 650 2312 citra
683 2242 791 2329 ἐντός,
821 2253 935 2312 circum
962 2249 1052 2331 τιερί,
1079 2253 1200 2312 circiter
1226 2248 1316 2332 τιερί,
1348 2269 1418 2329 erga

115 2356 204 2437 περί,
246 2367 328 2419 extra
364 2350 470 2437 έκτός,
507 2361 584 2421 iutra
621 2350 729 2436 ἐντός,
770 2359 849 2418 inter
885 2350 1021 2438 μεταξύ,
1061 2359 1142 2418 iuxta
1179 2349 1278 2437 ἐγγύς
1313 2349 1418 2436 ἐντός,

115 2465 191 2526 inira
229 2456 398 2542 ὑποκάτω,
436 2468 466 2526 in
503 2458 601 2544 κατά,
637 2464 675 2525 ob
713 2457 784 2544 brol,
821 2473 888 2545 post
925 2457 1021 2546 μετά,
1057 2474 1180 2545 propter
1216 2456 1288 2543 διά,
1324 2483 1417 2544 prope

116 2564 229 2652 ἐγγύς,
253 2591 329 2652 pone
353 2561 459 2634 ὀπίσω
483 2563 642 2651 ὄπισθεν,
669 2579 787 2652 praeter
816 2564 991 2650 respexeris,
1018 2591 1111 2652 penes
1135 2564 1244 2647 έντός,
1272 2590 1326 2652 per
1350 2564 1418 2650 broi,

75 2694 102 2732 ιο
116 2679 219 2740 subter
238 2678 344 2740 subtus
363 2670 519 2759 subr‘srrl,
538 2681 703 2742 secundum
721 2672 818 2759 κατά,
841 2698 932 2759 super
951 2671 1080 2758 ἐπάνω,
1105 2697 1194 2758 supra
1212 2668 1312 2760 ὑπέρ,
1337 2687 1417 2741 trans

114 2782 235 2868 πέραν,
259 2805 354 2866 risque
378 2780 504 2867 μέχρις,
528 2786 605 2847 ultra
627 2776 727 2865 ὖτιέρ;
751 2789 826 2847 sunt
842 2787 1077 2866 praepositiones
1096 2805 1171 2865 quae
1191 2786 1315 2847 ablativo
1335 2789 1418 2848 casui

115 2895 262 2976 serviunt,
291 2903 323 2954 ut
346 2912 361 2954 a
382 2896 387 2970 Ι
407 2885 488 2972 ἀπό,
516 2884 732 2968 chamelaea,
761 2911 828 2954 cum
857 2885 952 2973 μετά,
980 2911 1079 2953 coram
1103 2888 1171 2971 έτιί,
1200 2894 1235 2954 rle
1264 2892 1353 2974 περί,
1380 2913 1416 2954 ex

115 2995 150 3062 έκ
173 2990 256 3076 ἆτιό,
279 3003 309 3061 in
333 2996 385 3077 έν,
409 3020 463 3080 pro
486 2990 587 3079 ὑπέρ,
610 3018 680 3080 prae
705 2993 777 3078 διαί,
801 3002 865 3060 siue
888 2990 971 3060 ἄνευ
994 2999 1109 3080 χωρίς,
1133 3019 1224 3080 super
1246 2999 1337 3080 περί,
1360 3000 1416 3061 sub

115 3098 195 3186 ὑπό,
215 3117 302 3169 tenus
321 3103 430 3189 μέχρις
450 3109 606 3186 utriusque
627 3125 726 3187 casus,
745 3109 775 3167 in
794 3105 850 3166 sub
870 3123 961 3185 super
979 3104 1096 3166 subter:
1119 3115 1153 3166 ut
1171 3107 1206 3166 arl
1227 3106 1416 3168 Sacerdotem

75 3230 101 3269 2⁵
115 3208 198 3295 πρὸς
222 3210 439 3296 Σακέρδωτα,
468 3225 534 3276 ante
560 3212 688 3275 tribunal
710 3205 774 3295 πρὸ
798 3210 859 3274 τοῦ
886 3205 1047 3294 βήματος,
1075 3214 1169 3273 cirea.
1185 3213 1314 3273 scholam
1342 3208 1417 3294 περὶ

114 3313 176 3402 τὴν
205 3315 342 3404 σχολήν,
375 3325 487 3383 circum
515 3339 617 3382 muros
644 3312 731 3400 areol-
746 3311 787 3380 τὰ
813 3317 919 3399 τείχη,
952 3322 995 3380 cis
1023 3321 1139 3380 Renum
1168 3313 1262 3393 ἐντὸς
1282 3312 1417 3401 Ῥήνου,

115 3439 217 3491 contra
241 3429 373 3491 Tiberim
405 3423 579 3491 κατέναντι
611 3423 672 3489 τοῦ
704 3421 881 3509 Τιβέρεως,
914 3429 988 3488 citra
1016 3429 1177 3488 terminum
1205 3419 1299 3500 ἐντὸς
1322 3418 1417 3508 ὅρου,

116 3556 184 3617 erga
209 3537 284 3597 lilios
308 3531 383 3618 περὶ
407 3528 446 3598 τὰ
474 3530 588 3615 τέκνα,
620 3541 704 3595 extra
736 3536 884 3594 civitatem
912 3526 1005 3607 ἐκτὸς
1030 3526 1172 3611 πόλεως,
1204 3536 1281 3596 intra
1316 3554 1417 3597 muros

115 3636 209 3718 ἐντὸς
236 3643 369 3725 τειχῶν,
400 3647 478 3706 inter
506 3646 616 3705 amicos
643 3633 766 3724 μεταξὺ
792 3641 917 3722 φίλων,
948 3645 1029 3704 iuxta
1057 3640 1207 3703 basilicam
1236 3634 1333 3722 ἐγγὺς
1359 3639 1417 3723 τῆς

204 3799 295 3855 Codes
313 3799 509 3869 Saapallensis.
562 3806 686 3871 lprops
704 3816 754 3854 cm.
841 3798 929 3853 bDE
956 3795 1249 3853 PRAEPOSITIONE
1276 3813 1326 3851 one.
1400 3805 1416 3852 6

115 3879 276 3950 praeposita
293 3880 389 3949 aliqua
406 3882 487 3950 parte
569 3879 734 3936 timmalst
752 3884 802 3935 aut
819 3880 920 3951 implet
937 3881 1000 3952 aut]
1027 3877 1121 3933 imitat
1143 3879 1228 3946 atque
1251 3876 1370 3947 impleta
1387 3879 1417 3932 in

150 3959 215 4013 siu
234 3976 284 4014 om.
367 3966 400 4013 10
418 3958 477 4028 am]
497 3976 532 4013 sn
616 3966 646 4013 11
668 3961 699 4013 ut
716 3977 849 4029 umquam
933 3967 965 4015 12
985 3959 1049 4014 aliis
1067 3956 1223 4029 participiis
1242 3960 1273 4011 nt
1353 3974 1416 4013 con-

116 4038 280 4110 iunguntur]
300 4041 477 4095 continentur
541 4047 574 4095 14
593 4038 716 4094 sarciant
784 4046 817 4094 15
836 4044 902 4097 subc
920 4060 1026 4109 noctae
1045 4041 1142 4094 contra
1161 4056 1310 4105 κατεναντι
1383 4044 1416 4092 16

115 4119 186 4174 citra
204 4139 283 4180 εκτος
302 4120 405 4174 circum
487 4128 521 4174 22
540 4138 574 4175 ex
593 4139 668 4174 τακο
748 4127 782 4174 23
805 4116 888 4191 ἄνευ]
913 4138 985 4174 αντα
1067 4125 1102 4172 24
1127 4117 1222 4172 subter
1249 4132 1299 4171 om.
1381 4123 1415 4170 25

114 4201 326 4266 revocatorium
397 4199 503 4255 scolam
574 4205 607 4253 27
628 4217 776 4268 eutaeoacc
848 4205 882 4254 29
902 4199 1130 4268 χαςτηβασιίιιιης

204 4339 220 4385 5
238 4332 286 4386 DE
305 4330 611 4402 PRAEPOSITIONE]
631 4331 737 4386 Olmris.
748 4350 778 4400 p.
794 4336 877 4397 230st
893 4332 983 4385 Iliona.
996 4348 1024 4401 p.
1040 4333 1146 4394 428βό
1161 4329 1262 4384 Doceat.
1274 4347 1304 4399 p.
1315 4335 1415 4398 389,19

151 4421 166 4467 6
186 4411 346 4483 praeposita
373 4410 422 4465 clii
450 4410 525 4480 parti
547 4410 683 4466 orationis
705 4411 938 4481 significationem
960 4409 1020 4464 eius
1042 4409 1173 4463 immumt
1191 4413 1242 4463 aut
1259 4409 1415 4480 simplicem

115 4493 208 4546 servat
226 4491 383 4556 Charisius,
412 4489 574 4560 praeposita
601 4491 664 4546 aliis
692 4491 819 4562 partibas
842 4491 975 4547 orationis
994 4489 1226 4560 significationem
1244 4506 1340 4544 earum
1367 4493 1417 4545 sut

115 4575 206 4626 mutat
224 4574 274 4626 sut
291 4571 413 4640 complet
431 4573 481 4623 sut
495 4570 597 4625 minuit
615 4571 745 4626 Donatus
800 4579 833 4626 14
851 4571 1157 4643 Praepositioneeqcse
1168 4571 1415 4627 accusatiuocssui

114 4651 240 4706 seruiunt
266 4653 319 4706 hae
346 4653 411 4704 suut
431 4681 463 4689 -
482 4656 578 4719 414‚l³
602 4668 735 4706 reuocare
752 4654 836 4708 eadee
856 4652 1034 4708 Monacensis
1052 4657 1105 4707 601
1125 4651 1186 4719 (M)
1259 4656 1292 4705 ta
1310 4671 1415 4720 τρατον

114 4733 179 4786 ants
195 4734 199 4800 Ι
215 4750 366 4786 κατεναντι
385 4732 533 4786 aduersum
548 4736 553 4801 Ι
569 4749 714 4810 accrescas
727 4730 801 4787 circs
813 4733 853 4788 cis
869 4733 913 4800 Μ,
931 4733 980 4788 ubi
998 4736 1061 4786 aaa
1079 4749 1229 4785 κατεναντι
1247 4733 1416 4805 ademptum

114 4817 152 4865 est
170 4811 269 4865 eontra
349 4818 383 4865 ‘24
401 4812 431 4866 in
448 4813 499 4866 sub
517 4829 601 4882 super
618 4811 684 4866 subt
702 4812 739 4866 Μ
