3316 5474
658 401 707 456 DE
727 401 823 457 ARTE
844 401 1008 457 METRICA
1425 401 1490 466 245

184 520 205 556 ρ.
219 505 279 546 reor.
294 506 320 544 se
334 505 358 543 Ρ.

184 589 239 649 boc
261 589 433 671 discretum,
452 589 481 649 id
501 596 547 648 est
566 589 741 667 interposito
757 587 847 647 verbo
863 584 921 647 ‘est
939 582 1090 667 animata';
1109 606 1169 648 nou
1185 586 1264 666 quod
1284 587 1356 647 baec
1375 605 1493 666 semper

184 695 335 757 observari
363 715 485 757 necesse
509 698 561 776 sit,
584 694 635 755 sed
660 697 742 775 qnia,
766 712 834 754 cum
854 689 859 773 Ι
880 694 968 774 liunt,
991 693 1092 754 decori
1115 695 1183 754 sint.
1222 712 1289 753 nam
1313 704 1343 754 et
1361 693 1491 774 Prosper

184 811 297 911 mutato
320 803 377 863 boc
401 802 505 863 ordine
529 803 600 863 iecit
623 820 741 863 versum
763 800 1025 880 decentissimum,

343 909 533 970 moribus
525 928 560 970 ιιι
584 911 721 970 sanctis
744 907 896 988 pulchra
919 914 976 968 est
999 906 1195 967 concordia
1217 908 1332 988 pacis,

143 1019 314 1078 oetitem
847 1072 852 1081 .

343 1123 400 1184 lex
423 1131 570 1185 aeterna
592 1123 649 1184 dei
672 1121 796 1184 stabili
819 1123 915 1201 regit
937 1123 1053 1182 omnia
1077 1128 1166 1182 nutu

398 1248 464 1291 nec
486 1231 586 1290 vario
608 1237 722 1290 mutat
746 1238 906 1307 tempore
929 1227 1164 1306 consilium3·

163 1399 165 1402 ,
185 1346 215 1397 et
238 1336 392 1417 Lucanus,
419 1344 505 1415 pocta
529 1346 699 1416 veteranus,
727 1335 861 1396 Caesaris
884 1342 915 1394 et
937 1334 1060 1414 Pompei
1082 1333 1195 1414 proelia
1217 1334 1423 1416 descripturus
1447 1340 1487 1398 ita

185 1445 303 1524 incipit,

148 1568 173 1607 ro
344 1549 437 1610 bella
459 1568 522 1631 per
545 1548 730 1610 Emathios
753 1546 834 1627 plus
858 1565 960 1626 quam
982 1544 1107 1606 civilia
1130 1565 1272 1626 campos

342 1663 473 1737 iusque
497 1657 616 1717 datum
640 1653 772 1715 sceleri
796 1654 956 1714 canimus
980 1652 1222 1733 populumque
1245 1663 1430 1733 potentem

343 1767 379 1826 in
402 1783 467 1825 sua
491 1765 638 1824 victrici
662 1779 873 1823 conversum
897 1762 1036 1821 viscera
1058 1759 1192 1820 dextra.

343 1890 487 1950 utrmque
512 1868 666 1950 superba
690 1869 785 1928 loret
807 1864 963 1945 Babylon
987 1864 1171 1944 spolianda
1196 1871 1355 1948 tropaeis

343 1979 512 2038 Ausoniis
536 1975 732 2055 umbraque
755 1981 898 2034 erraret
921 1970 1073 2032 Crassus
1096 1973 1226 2055 inulta,

344 2084 437 2144 bella
460 2086 536 2162 geri
559 2083 698 2164 placuit
720 2079 838 2141 nullos
862 2079 1030 2140 babitura
1053 2081 1267 2161 triumphos.

356 2255 404 2309 DE
425 2253 688 2311 SCANSIONIBVS
708 2253 789 2309 SIVE
809 2251 985 2308 censitus
1004 2252 1147 2308 VERSVS
1165 2253 1315 2310 nunciet

273 2388 468 2449 Scansionum
483 2394 581 2446 autem
596 2387 627 2445 io
642 2384 777 2446 versibus
791 2391 862 2445 sunt
875 2386 991 2465 species
1005 2392 1156 2465 quattuor,
1165 2387 1331 2461 coniuncta,
1342 2387 1487 2470 districta,

184 2499 287 2575 mixta,
305 2494 405 2555 divisa.
443 2494 613 2574 coniuncta,
637 2510 712 2571 quae
732 2493 840 2553 ceteris
859 2489 1032 2551 laudabilior
1051 2489 1187 2573 babetur,
1206 2492 1254 2552 illa
1273 2503 1327 2574 est,
1348 2493 1398 2554 ubi
1417 2512 1486 2556 nus·

184 2621 272 2682 quam
296 2620 349 2682 pes
372 2618 440 2660 cum
464 2597 553 2659 verbo
577 2599 688 2679 linitur,
711 2606 745 2659 ut

143 2724 170 2762 uo
347 2703 547 2767 immortale
571 2704 660 2765 nibil
684 2704 805 2765 mundi
828 2722 998 2784 compage
1022 2712 1178 2766 tenetur.

184 2816 332 2896 districta,
356 2813 406 2875 nbi
430 2812 520 2873 verba
542 2830 611 2873 cum
635 2811 760 2891 pedibus
784 2813 992 2894 terminantur,
1015 2820 1049 2872 ut

342 2921 428 2981 baec
453 2929 510 2980 tua
534 2928 631 3000 sunt,
658 2918 749 2979 bona
772 2927 870 3000 sunt,
898 2922 980 2998 quia
1009 2927 1046 2981 tu
1069 2920 1185 2980 bonus
1208 2921 1324 2980 omnia
1347 2921 1489 3002 condis,

183 3047 271 3108 quam
301 3027 524 3088 versificationis
552 3026 682 3105 speciem
711 3027 861 3086 rarissime
890 3027 1012 3088 invenis.
1050 3045 1117 3088 nam
1141 3028 1197 3087 etsi
1227 3045 1284 3086 non
1313 3034 1381 3107 post
1410 3027 1486 3089 duos

175 3134 228 3195 ,rel
247 3145 309 3196 tres
328 3134 419 3213 pedes
438 3132 547 3212 syllaba
566 3133 763 3213 superfuerit,
784 3132 862 3212 quod
882 3133 1140 3213 penthemimerin
1160 3141 1190 3193 et
1208 3132 1486 3212 bepbthemimerim

143 3250 300 3321 revocant,
324 3250 405 3302 ratus
428 3240 530 3300 baberi
553 3256 657 3299 versus
676 3241 794 3320 nequit,
816 3241 895 3300 sicut
917 3239 964 3301 lric
987 3249 1055 3319 post
1077 3239 1153 3301 dnos
1176 3240 1267 3320 pedes
1290 3235 1393 3322 ‘sunt',
1417 3251 1485 3322 post

183 3356 245 3408 tres
268 3343 324 3408 ‘tu'
348 3356 493 3427 superest.
531 3348 621 3407 mixta
644 3353 690 3407 est
717 3347 833 3406 scansio
861 3364 937 3425 quae
960 3355 1120 3425 utrumque
1150 3349 1180 3407 iu
1209 3366 1241 3406 se
1270 3347 1371 3429 babet,
1395 3357 1428 3409 ut
1455 3351 1486 3410 in

163 3454 360 3534 ,quibusdum
383 3456 573 3534 coniunctus,
595 3455 627 3514 iu
650 3451 828 3533 quibusdam
851 3470 920 3512 vero
945 3463 1099 3532 separatus
1122 3455 1161 3514 sit
1184 3472 1302 3537 versus,
1326 3464 1359 3517 ut

343 3559 444 3621 nobis
468 3569 568 3620 certa
591 3559 686 3621 fides
710 3568 878 3620 aeternae
901 3561 937 3620 in
960 3558 1104 3620 saecula
1128 3560 1247 3622 laudis

185 3659 215 3710 el
1352 3713 1355 3718 .

143 3773 170 3811 30
342 3739 520 3818 pacificus
544 3738 631 3800 deus
653 3741 689 3800 in
713 3756 898 3800 numerum
921 3741 952 3800 si
973 3738 1088 3819 prolis
1111 3740 1264 3820 adoptat

182 3846 274 3906 divisa
303 3854 361 3926 est,
388 3845 439 3906 ubi
467 3848 556 3926 primi
584 3855 645 3908 tres
674 3845 765 3925 pedes
793 3847 978 3907 concatenati
1006 3848 1085 3907 iuter
1113 3865 1145 3906 se
1169 3865 1185 3906 a
1208 3846 1330 3926 reliquis
1357 3847 1485 3928 pedibus

184 3954 312 4032 separati
335 3961 418 4033 suut,
442 3960 476 4013 ut

342 4059 423 4120 inde
447 4059 503 4121 dei
526 4061 691 4139 genetrix
714 4060 771 4139 pia
795 4061 896 4138 virgo
918 4059 1026 4120 blaria
1050 4068 1232 4135 coruscat,

274 4255 306 4304 18
326 4249 506 4304 Scensionum
520 4280 554 4290 -
569 4255 661 4318 24112
680 4249 795 4305 verbum
815 4248 915 4304 Victor.
935 4249 968 4304 dc
984 4249 1090 4303 beatam
1108 4251 1174 4314 214,
1188 4251 1227 4301 23
1246 4247 1352 4301 Audoe.
1371 4263 1426 4302 ccc.
1445 4252 1486 4303 20

274 4431 287 4479 1
307 4425 336 4479 id
355 4430 398 4481 eei
416 4443 465 4480 om.
486 4426 517 4493 P,
537 4426 600 4480 odd.
616 4441 639 4493 p
726 4430 742 4478 2
762 4423 856 4479 decori
875 4423 931 4477 siut
948 4424 975 4478 L
993 4423 1086 4479 decori
1104 4422 1143 4478 eit
1162 4421 1193 4476 F
1209 4421 1316 4477 decoris
1334 4422 1372 4476 sil
1391 4421 1422 4476 F
1437 4424 1484 4479 de·

184 4521 247 4560 core
265 4505 298 4559 fit
316 4521 333 4562 ς
410 4514 425 4560 5
445 4505 560 4561 etitem
580 4504 642 4560 FL
661 4505 690 4559 el
708 4502 855 4558 iterum'P
932 4507 1018 4556 'inec
1037 4502 1115 4557 uario
1133 4504 1227 4557 mutat
1245 4501 1305 4557 FL
1323 4518 1375 4557 nec
1393 4504 1486 4558 mutel

184 4584 261 4638 uario
281 4585 331 4642 ςΡ
400 4592 431 4659 12
451 4586 565 4642 dextere
584 4585 615 4639 F
685 4591 718 4640 15
736 4584 872 4639 hebetura
891 4581 922 4635 F
989 4587 1022 4636 l'l
1042 4582 1169 4637 districta
1187 4583 1218 4637 F
1233 4581 1365 4638 distincte
1382 4582 1409 4635 L
1428 4580 1485 4637 dis-

183 4665 280 4719 iuncta
298 4666 348 4723 ςΡ
417 4672 449 4721 18
468 4684 620 4736 numquam
639 4668 688 4726 ςΙι
768 4669 800 4718 at
821 4661 949 4716 districta
968 4660 1029 4715 FP
1043 4661 1177 4717 monneto
1194 4663 1221 4717 L
1239 4661 1378 4717 disiuncta
1396 4677 1414 4720 ς

184 4749 218 4798 22
238 4762 287 4814 qu.
294 4747 338 4802 ,1ιι
353 4744 389 4812 F,
408 4763 477 4802 corr.
492 4748 559 4817 quie
576 4751 608 4804 tu
626 4749 644 4816 s
711 4755 745 4803 23
763 4741 888 4801 invenies
907 4742 957 4800 ςΡ
1025 4741 1078 4797 etsi
1096 4758 1152 4796 non
1171 4741 1253 4809 LPf
1266 4744 1295 4797 eb
1312 4757 1366 4797 non
1387 4740 1418 4795 F

184 4874 218 4923 26
238 4869 374 4925 habebut
391 4871 420 4924 P
478 4879 511 4927 27
531 4890 598 4929 vero
616 4890 666 4930 οιιι.
681 4873 708 4928 L
770 4877 805 4927 30
822 4866 955 4942 pacificus
971 4868 1034 4936 Ple
1051 4866 1183 4938 pacificos
1201 4864 1268 4920 LF
1327 4866 1364 4938 ei]
1383 4865 1437 4923 eibi
1454 4865 1487 4921 F
