3316 5474
234 357 300 422 160
772 355 1003 413 cnsslomlttl

232 469 255 505 ῃ.
268 459 328 498 assi.
342 458 369 499 ar
381 457 408 497 r.

232 560 301 603 eum
324 549 351 615 tr
373 541 470 602 littera
499 560 603 621 graeca
627 542 707 603 nullo
734 542 822 603 modo
845 543 1002 603 transferri
1024 545 1156 621 potuerit
1182 545 1213 604 in
1237 561 1324 605 usum
1349 555 1484 607 nostrum
1508 555 1541 607 et

232 651 277 710 vis
300 651 366 709 eius
388 667 443 728 per
465 668 485 729 p
508 657 540 709 et
562 667 577 709 s
598 649 712 709 litteras
731 648 892 729 scribatur,
914 651 1116 709 necessarium
1135 661 1181 710 est
1204 658 1252 731 ut,
1275 650 1326 711 ubi
1349 660 1375 725 tr
1396 671 1538 731 mecum

232 764 331 827 sonat,
353 754 431 835 apud
456 774 510 815 uos
534 756 612 834 qnod
637 758 720 816 vitari
744 774 802 815 non
826 762 925 834 potest
951 772 1007 833 per
1033 754 1085 815 bas
1117 754 1231 815 litteras
1254 756 1416 839 scribatur,
1438 757 1468 818 id
1491 768 1539 820 est

231 879 327 941 perp
350 871 432 941 ets,
455 861 525 922 licet
548 864 578 922 iu
601 861 730 941 obliquis
752 860 871 922 casibus
894 860 914 921 b
936 859 1078 942 babeant,
1105 872 1139 923 ut
1161 862 1279 942 caeleps
1301 863 1437 945 caelibis,
1463 883 1538 945 urps
1580 900 1585 907 -

231 967 329 1048 urbis,
352 970 423 1029 item
447 970 477 1028 in
500 968 566 1029 aliis
588 971 682 1048 ipsam
706 969 868 1049 retineant,
892 975 925 1027 ut
947 984 1057 1046 auceps
1080 971 1212 1048 aucupis.
1249 969 1328 1029 unde
1355 979 1479 1049 apparet
1505 973 1537 1032 in
1565 989 1581 1029 s

230 1072 278 1134 his
305 1073 424 1135 casibus
452 1083 568 1136 mutare
596 1093 651 1135 nos
678 1073 787 1134 debere
810 1092 830 1153 p
852 1076 883 1134 in
906 1072 940 1155 b,
967 1075 997 1134 iu
1021 1072 1130 1152 quibus
1152 1073 1176 1154 †
1198 1094 1231 1136 se
1257 1094 1316 1135 nou
1340 1075 1443 1136 ambae
1465 1096 1537 1138 con·

231 1188 375 1241 secuntur
401 1183 577 1260 interposita
605 1181 706 1242 vocali.
748 1181 823 1242 banc
847 1184 935 1242 etiam
959 1181 1091 1260 regulam
1114 1185 1251 1261 sequitur
1280 1185 1309 1244 in
1333 1204 1375 1265 φ,
1401 1203 1477 1264 quae
1505 1193 1537 1246 et

230 1288 292 1366 ipsa
316 1306 371 1367 per
393 1305 412 1367 p
431 1287 498 1348 etb
522 1297 651 1368 constat,
675 1296 708 1348 ut
726 1286 836 1366 Cinyps
854 1286 1007 1368 Cinypbis,
1031 1288 1110 1366 quod
1134 1290 1165 1348 in
1185 1291 1364 1349 nominativo
1382 1309 1453 1352 casu
1476 1310 1533 1370 per

230 1411 250 1472 p
274 1403 357 1473 ets,
381 1397 410 1454 in
434 1394 499 1454 aliis
521 1394 639 1455 casibus
663 1413 759 1474 perp
782 1393 853 1463 eleb
877 1392 1029 1453 scribitur.

318 1499 481 1580 Quicquam
506 1503 536 1562 iu
560 1501 656 1561 medio
679 1518 734 1580 per
756 1519 787 1580 c,
810 1518 869 1561 nou
891 1517 947 1579 per
969 1498 988 1559 d
1011 1499 1103 1560 scribi
1132 1498 1229 1560 debet.
1265 1502 1579 1580 incompositionem

229 1609 309 1667 enim
327 1606 502 1686 plerumque
521 1607 539 1667 tl
554 1609 584 1667 iu
599 1626 616 1668 c
630 1615 839 1686 commutatur,
853 1613 887 1666 ut
904 1607 935 1666 in
956 1605 1234 1685 praepositionibus,
1248 1605 1357 1666 accedo
1371 1607 1535 1670 accumulo.

317 1713 477 1776 Formosus
500 1716 564 1774 sine
588 1732 608 1773 n
632 1712 761 1774 mcuuda
790 1711 899 1791 syllaba
925 1710 1116 1772 scribendum
1139 1721 1198 1792 est,
1225 1721 1259 1773 ut
1287 1732 1431 1775 arenosus
1454 1716 1536 1776 iron-

231 1818 322 1879 dosus
342 1839 471 1901 aquosus
491 1819 645 1880 herbosus,
673 1821 827 1900 participia
846 1837 916 1878 vero
935 1816 1044 1878 babent
1063 1836 1092 1898 n,
1110 1828 1145 1878 ut
1163 1827 1267 1879 tonsus
1283 1828 1394 1879 tunsus
1413 1803 1535 1882 mensus

228 1945 347 2005 pensus.
384 1930 574 2005 antiquorum
604 1926 682 1987 nulla
705 1923 893 1985 observantia
924 1925 993 2003 luit,
1020 1942 1088 1984 eum
1113 1943 1131 1984 u
1159 1942 1196 1984 an
1220 1927 1285 1985 sine
1309 1944 1327 1985 n
1352 1925 1534 1989 scriberent:

228 2029 272 2090 illi
297 2034 375 2092 enim
399 2041 483 2093 tosus
507 2043 592 2093 tusus
614 2049 721 2111 prasus
744 2029 919 2110 plerumque
943 2029 1121 2090 scribebant
1550 2055 1577 2093 rs

316 2135 345 2198 Υ
367 2157 506 2217 graecum
530 2158 585 2199 nos
616 2140 645 2198 in
669 2130 870 2218 quibusdam!
894 2138 924 2195 in
949 2154 967 2195 u
991 2138 1206 2217 convertimus,
1233 2147 1266 2198 ut
1289 2137 1394 2218 Cymes
1417 2137 1535 2220 Cumas,

229 2245 377 2323 cyminum
407 2248 572 2326 cuminum;
598 2247 628 2305 iu
657 2242 833 2323 quibusdam
862 2261 921 2303 nou
950 2245 1163 2324 convertimus,
1191 2252 1225 2306 ut
1253 2245 1336 2324 Syria
1368 2246 1533 2324 Syracusae
1647 2273 1654 2280 ·

232 2349 395 2429 symbolum
419 2329 606 2431 sycophanta.

316 2459 451 2530 Forficer
474 2457 610 2534 forpices
639 2459 765 2537 lorcipes
795 2450 960 2518 secundum
984 2455 1189 2536 etymologiam
1212 2456 1356 2519 debemus
1379 2459 1478 2521 dicere
1503 2471 1534 2522 et

227 2562 374 2625 scribere:
399 2563 459 2641 [ut]
485 2567 510 2624 si
529 2583 544 2624 a
563 2565 611 2624 uto
635 2564 780 2644 dicamus,
804 2565 818 2624 i
840 2563 984 2624 debemus
1007 2581 1132 2644 ponere,
1154 2572 1189 2624 ut
1211 2564 1343 2646 forfices,
1366 2584 1441 2644 quae
1461 2575 1574 2627 suutao

316 2776 349 2824 10
368 2770 522 2840 Quicquam
536 2787 591 2826 eac.
606 2771 743 2826 Priscian
756 2775 832 2827 2319
888 2776 922 2825 16
935 2769 961 2822 Y
974 2784 1105 2839 μεεειιιιι
1120 2768 1232 2824 Comei.
1249 2776 1310 2838 153,
1325 2776 1358 2825 11
1413 2776 1447 2825 19
1461 2772 1530 2826 For·

227 2849 291 2905 lices
311 2849 418 2908 Charis.
436 2855 482 2917 94,
500 2856 537 2906 21
563 2850 617 2905 Vel.
637 2851 724 2920 Lorrq.
743 2855 843 2918 71,12

317 3044 330 3091 1
354 3041 384 3091 Ψ
399 3038 496 3092 littera
515 3036 558 3095 Ος
576 3054 595 3105 y
613 3035 710 3091 littera
727 3037 754 3090 A
773 3035 785 3090 i
802 3034 898 3090 littera
915 3035 943 3090 Β
1006 3036 1149 3104 potuerint
1168 3055 1236 3092 corr.
1256 3037 1349 3093 -ntu
1408 3043 1424 3092 2
1444 3054 1531 3109 perp

225 3120 255 3172 et
272 3135 285 3170 s
304 3117 400 3172 littera
418 3117 591 3173 scribebatur
609 3118 637 3171 Β
717 3115 765 3169 ubi
787 3118 818 3168 Ψ
832 3134 964 3186 graecum
983 3120 1064 3173 sonat
1084 3119 1128 3178 05
1146 3121 1194 3175 ubi
1213 3120 1224 3173 i
1241 3123 1385 3188 (superscr.
1403 3121 1432 3188 y)
1450 3135 1531 3188 grae

224 3212 287 3250 cum
312 3200 393 3252 sonat
415 3198 443 3251 Β
466 3198 513 3252 ubi
535 3215 554 3266 y
579 3213 709 3268 maecum
733 3198 813 3249 sonet
835 3197 863 3249 A
935 3202 951 3250 3
977 3198 1052 3265 quod
1069 3199 1154 3254 uitari
1172 3214 1189 3258 ς
1208 3200 1283 3268 quod
1300 3200 1390 3254 uitare
1408 3199 1466 3253 AC
1482 3200 1532 3270 qui

224 3279 304 3345 (corr,
329 3277 406 3346 quia)
430 3278 515 3332 uitari
538 3277 566 3329 Β
638 3293 688 3345 per
706 3276 802 3344 priore
825 3277 881 3329 loco
904 3291 954 3330 om.
978 3278 1018 3343 A,
1036 3280 1188 3345 posteriore
1210 3280 1267 3333 loeo
1290 3295 1340 3333 om.
1359 3279 1387 3332 Β
1459 3287 1476 3334 4
1499 3284 1532 3336 ut

224 3357 318 3411 celebs
338 3359 364 3409 A
436 3357 515 3427 urps]
535 3356 600 3410 urbs
619 3354 646 3407 Β
719 3360 735 3406 ὁ
758 3354 882 3408 retinent
898 3355 925 3407 A
998 3361 1014 3409 6
1034 3360 1142 3412 mutare
1162 3374 1213 3413 nos
1231 3357 1333 3413 debere
1357 3376 1375 3426 p
1395 3362 1424 3413 et
1443 3360 1460 3414 b
1479 3361 1530 3418 Βς

224 3452 274 3490 nos
290 3440 397 3491 mutare
412 3436 513 3491 debers
533 3453 615 3505 perp
630 3434 691 3488 etb
709 3432 766 3486 AO
835 3450 863 3487 se
877 3451 933 3488 non
946 3435 1046 3491 ambae
1065 3437 1147 3496 ΔΒς
1167 3453 1214 3492 sen
1234 3437 1333 3492 ambae
1354 3436 1377 3491 0
1393 3455 1422 3493 se
1443 3440 1530 3494 etiam

224 3515 324 3569 ambae
344 3515 450 3570 Carrio.
478 3533 507 3568 se
524 3532 580 3570 non
599 3512 697 3567 ambae
716 3514 742 3564 ai
763 3514 873 3581 scripsit
890 3518 1098 3583 yraoirnatieos,
1120 3518 1169 3571 boc
1190 3516 1290 3580 coluit,
1308 3516 1341 3568 in
1358 3517 1395 3570 iis
1413 3518 1530 3586 cambus,

223 3594 367 3663 inquibus
382 3600 439 3664 pet
454 3612 467 3646 s
481 3594 643 3663 interposita
657 3590 746 3644 cocali
759 3607 815 3644 nors
832 3600 939 3659 coeant,
957 3613 976 3664 p
990 3596 1021 3647 in
1035 3597 1053 3650 b
1071 3596 1175 3649 aretari
1193 3594 1292 3648 debere.
1320 3595 1422 3649 rectius
1440 3602 1531 3654 tames

224 3680 282 3728 erat
305 3673 334 3728 in
357 3675 458 3742 quibus
483 3693 496 3728 s
521 3673 638 3728 eandem
661 3687 716 3724 non
740 3672 866 3739 sequitur
888 3675 970 3740 (uels
992 3692 1048 3729 non
1072 3675 1169 3730 statim
1187 3672 1323 3741 sequitur)
1342 3675 1421 3728 nulla
1444 3675 1529 3732 iuter·

224 3753 316 3822 posita
339 3753 432 3810 vocali
522 3760 543 3808 t.
562 3751 688 3820 sequitur
710 3750 739 3803 in
763 3753 792 3837 (p
811 3753 874 3806 add.
895 3754 928 3822 0)
948 3757 971 3808 Φ
990 3755 1189 3825 Adsequitur
1206 3752 1235 3806 in
1254 3752 1264 3806 i
1282 3752 1310 3805 Β
1328 3755 1454 3822 sequitur
1472 3760 1501 3812 et
1518 3759 1529 3813 i

223 3855 248 3903 et
266 3852 298 3904 in
315 3868 401 3920 uterq.
421 3853 444 3904 Φ
465 3852 543 3916 Por,
562 3849 685 3918 sequitur
705 3850 733 3900 et
752 3850 775 3899 Φ
794 3863 824 3914 ς,
843 3851 985 3919 sequimur
1002 3851 1031 3906 in
1050 3872 1072 3920 φ
1092 3850 1199 3904 Carrio.
1227 3848 1354 3917 sequitur
1372 3852 1438 3923 inq>
1455 3856 1529 3910 eide-

222 3934 269 3983 lur
297 3931 471 3986 tribuendum
498 3948 552 3985 esse
573 3928 755 3998 neqlepealiae
782 3932 955 3995 promoiuiici
977 3935 1069 3986 minus
1091 3935 1217 3985 accurate
1241 3928 1382 3994 reserentes
1406 3938 1529 4005 requiam

229 4008 377 4076 Varronis,
395 4030 414 4065 a
431 4029 484 4081 quo
500 4014 530 4064 Ψ
542 4017 566 4064 et
581 4030 602 4077 φ
622 4010 726 4063 litterae
744 4009 905 4076 compositae
919 4017 997 4066 erord
1015 4015 1047 4066 in
1060 4013 1192 4080 exemptis
1207 4007 1324 4064 Cornuti
1336 4028 1367 4079 p.
1383 4019 1446 4081 153,
1460 4021 1479 4070 ⁶

223 4093 363 4159 chnyps
381 4090 517 4161 cynyphis
535 4091 562 4144 Β
589 4088 686 4158 cynips
705 4085 821 4155 cynipys
840 4088 897 4142 AG
971 4093 1057 4164 quod]
1076 4108 1148 4161 quae
1167 4087 1257 4144 ABG
1325 4097 1411 4162 iper
1427 4101 1528 4167 aniep

122 4185 127 4201 ⁸
222 4174 335 4238 utroque
353 4171 409 4224 loco
428 4169 523 4226 om.0
576 4175 608 4223 tu
627 4168 780 4236 Quicquam
800 4169 829 4222 et
847 4169 980 4239 quicquid
999 4172 1028 4225 in
1047 4170 1140 4225 medio
1159 4186 1208 4239 per
1224 4186 1247 4237 c,
1265 4186 1322 4225 non
1339 4189 1390 4241 per
1406 4173 1424 4228 d
1443 4176 1528 4231 scribi

223 4250 326 4305 debent
344 4253 376 4305 de
394 4252 511 4320 ortboyr.
524 4268 553 4320 p.
568 4254 644 4306 2343
710 4255 738 4301 11
760 4251 810 4302 aut
828 4266 896 4305 corr.
912 4252 944 4305 ut
961 4251 989 4304 Β
1054 4257 1085 4304 11
1106 4250 1252 4304 scribenda
1266 4250 1348 4305 esto
1410 4259 1527 4311 teucro

222 4348 276 4399 que
295 4331 400 4385 habent
418 4333 445 4384 A
519 4333 550 4384 ut
569 4347 668 4386 consus
686 4332 783 4384 tonsus
801 4332 834 4398 ub
852 4347 962 4385 mensus
980 4348 1082 4401 pensus
1102 4330 1135 4396 0,
1159 4333 1191 4383 ut
1214 4332 1310 4385 tonsus
1327 4332 1425 4385 tunsus
1443 4351 1527 4402 pran-

222 4428 268 4463 sus
287 4427 388 4479 pensus
407 4412 439 4465 de
457 4412 574 4480 ortlioyr.
590 4428 621 4480 p.
640 4414 716 4465 2335
809 4417 840 4464 14
860 4413 973 4480 pensus]
992 4428 1109 4481 pransus
1130 4410 1227 4465 Carrio
1245 4417 1269 4465 et
1287 4426 1381 4481 marea
1399 4412 1528 4468 editionis
1620 4408 1624 4413 ’

224 4491 372 4545 Parisinus
434 4491 563 4559 quamuis
581 4490 760 4559 antiquorum
780 4489 878 4544 Carrio
944 4498 975 4544 15
994 4489 1104 4561 prasus]
1123 4491 1238 4557 sortasse
1256 4507 1337 4559 pesus
1398 4497 1430 4546 17
1449 4493 1527 4562 syria

222 4569 347 4636 cyriacus
370 4571 527 4638 symbolum
547 4569 604 4622 AG
625 4569 713 4638 syrias
737 4568 865 4639 cyriacus
887 4570 1036 4624 simbolum
1055 4569 1095 4635 Β,
1120 4569 1200 4638 Syria
1218 4569 1347 4638 Syriacus
1370 4571 1526 4641 symbolum

223 4646 329 4701 Carrio.
358 4649 510 4717 Syracusae
528 4650 687 4703 restituitur
705 4650 837 4717 accipitis
856 4648 973 4702 Caeriti
1037 4656 1070 4704 18
1090 4648 1287 4718 cycopantaG
1356 4656 1388 4705 ta
1407 4651 1528 4707 Forfices

222 4726 341 4797 forpices
354 4745 404 4780 om.
419 4727 512 4782 ABG.
536 4728 656 4783 Forfices
674 4730 827 4783 secundum
845 4729 1045 4800 etymologiam
1065 4745 1081 4787 ς
1148 4735 1183 4783 20
1202 4728 1227 4784 si
1244 4747 1262 4783 a
1280 4729 1327 4783 filo
1344 4728 1359 4783 f
1375 4729 1484 4787 forfices
1502 4730 1527 4785 0

257 4806 441 4864 debeamuss
