3316 5474
597 375 666 434 Ans
685 374 929 471 (insumantur
1344 375 1409 445 391

110 491 133 532 p.
147 483 179 523 21.
193 483 219 523 21
233 479 263 522 H.

111 570 199 630 arbor
222 586 328 649 pecus,
351 586 426 646 quae
450 585 504 628 nos
527 565 691 646 corporalia
715 584 869 647 vocamus3
892 565 947 628 alia
970 585 1046 646 quac
1070 586 1090 628 a
1114 567 1290 647 quibusdam
1312 568 1410 649 appel·

111 676 236 737 lotiones
259 675 400 736 «licuntur
423 683 453 735 ct
476 682 546 736 sunt
568 673 780 755 incorporalia,
811 691 887 752 quae
914 673 1067 736 intellectu
1091 684 1205 736 tantum
1229 675 1316 736 modo
1344 694 1410 756 pcr-

111 787 276 864 cipiantur,
304 801 408 843 verum
436 800 533 860 neque
561 781 655 842 videri
683 799 738 842 nec
766 783 846 860 tangi
876 791 1015 864 possunt,
1043 791 1077 843 ut
1104 793 1150 844 est
1177 786 1271 864 pictas
1299 785 1411 844 iustitia

110 891 203 951 decus
226 890 353 970 dignitas
377 888 512 950 facundia
536 887 679 948 doctrina.
724 906 759 948 ea
782 906 836 949 nos
859 888 1031 968 appellativa
1054 890 1188 951 dicimus.

83 1014 97 1052 ο
200 997 317 1058 Numici
340 996 479 1058 accidunt
502 994 589 1075 haec,
612 994 737 1074 qualitas
760 1013 855 1075 genus
878 996 971 1074 ligura
992 1015 1135 1058 numerus
1154 1016 1249 1058 casus.
1286 997 1411 1077 qualitas

111 1114 158 1166 cst
177 1123 234 1184 qua
252 1102 447 1183 intellegitur,
465 1104 620 1182 proprium
639 1103 678 1162 sit
696 1120 805 1163 nomen
823 1120 861 1163 an
879 1102 1093 1183 appellativum.
1131 1123 1240 1184 genera
1258 1108 1411 1167 nominum

111 1221 181 1273 sunt
200 1210 267 1291 titi,
291 1209 486 1272 masculinum
510 1210 684 1269 femininum
707 1217 848 1270 neutrum
867 1227 1031 1272 commune.
1062 1216 1261 1274 masculinum
1280 1221 1325 1275 est
1342 1207 1408 1295 coil

107 1321 312 1396 praeponitur
334 1320 398 1392 Ιιίο,
421 1325 455 1376 ut
477 1319 528 1377 ln'c
547 1324 746 1394 praeceptor:
771 1315 950 1393 femininum
973 1326 1020 1379 est
1042 1321 1092 1380 cui
1114 1323 1308 1400 praeponitur
1330 1319 1412 1401 haec,

111 1434 145 1487 ut
167 1425 239 1486 hacc
263 1424 376 1486 schola:
400 1432 539 1485 neutrum
562 1431 607 1485 est
630 1426 679 1485 cui
701 1427 894 1505 praeponitur
917 1424 987 1507 hoc,
1010 1434 1044 1487 ut
1066 1426 1122 1487 hoc
1146 1429 1303 1490 scrinium:
1331 1446 1410 1488 corn·

72 1551 98 1590 ro
112 1547 202 1594 muue
221 1542 267 1593 est
286 1535 335 1595 cui
357 1533 550 1611 praeponitur
573 1529 622 1591 hic
641 1531 761 1592 ethacc
781 1532 898 1613 ethos,
921 1541 955 1595 ut
977 1536 1028 1594 liic
1051 1541 1080 1595 et
1102 1536 1179 1595 laec
1202 1544 1232 1595 et
1254 1538 1311 1597 λοι
1334 1533 1411 1596 ῖοΙίτ.

113 1650 183 1701 sunt
206 1648 237 1701 et
258 1641 440 1720 promiscua,
463 1656 537 1717 quiae
561 1636 666 1698 Gracci
689 1633 841 1700 ἐπίκοινα
863 1639 1024 1722 appellant,
1047 1659 1115 1702 cum
1139 1642 1219 1721 quod
1243 1643 1411 1703 necessario

112 1746 274 1807 masculino
298 1765 407 1826 genere
430 1746 641 1825 pronuntiatur
659 1730 755 1806 ctiam
767 1746 908 1807 feminino
926 1746 1122 1830 intellegitur,
1146 1747 1190 1808 rel
1209 1757 1312 1809 contra
1330 1752 1414 1824 quod

113 1855 254 1914 feminino
282 1855 492 1934 pronuntiatur
520 1855 608 1913 ctiam
632 1853 794 1914 masculino
817 1857 979 1932 accipitur,
1010 1864 1043 1915 ut
1070 1873 1173 1935 passer
1200 1856 1296 1935 aquila
1325 1875 1413 1917 anser

114 1960 247 2023 mustela.
292 1961 404 2040 figurae
429 1961 580 2020 nominum
604 1967 675 2020 sunt
697 1959 786 2044 duae,
809 1960 933 2041 simplex
957 1969 988 2022 ct
1010 1964 1187 2044 composita,
1215 1963 1353 2045 simplex,
1379 1972 1414 2024 ut

73 2085 99 2125 ιι
114 2068 196 2151 ielix,
219 2071 396 2146 composito,
419 2074 454 2128 ut
476 2065 592 2141 infelice.
638 2077 858 2148 componuntur
886 2077 986 2130 cutem
1013 2071 1132 2131 nomina
1160 2069 1254 2130 modis
1282 2069 1349 2131 llll:
1377 2089 1412 2131 ex

203 2268 294 2323 Codes
312 2265 510 2336 sangallensis.
554 2273 606 2320 le
623 2282 673 2321 om.
756 2266 983 2338 aprecipiuntur
1064 2271 1228 2324 incultum
1247 2299 1282 2309 -
1300 2272 1317 2322 8
1335 2267 1413 2323 femi·

111 2348 209 2404 ninum
227 2365 277 2403 ονι.
350 2345 462 2400 ascolo
533 2348 576 2400 est
589 2352 654 2417 post
673 2349 802 2403 neutrum
819 2363 870 2403 om.
945 2354 977 2402 10
995 2346 1092 2402 uthic
1110 2349 1226 2404 ethaeo
1244 2347 1412 2403 clhocom.

149 2435 180 2483 11
202 2428 276 2498 quod
295 2446 378 2482 οτοτε
398 2445 462 2483 cum
479 2428 667 2485 necessarium
686 2447 755 2498 οπερ
773 2448 936 2498 αναγκαιως
1015 2434 1048 2482 12
1067 2428 1144 2498 quod
1162 2445 1212 2486 om.
1290 2436 1323 2484 13
1343 2429 1414 2485 acci·

112 2509 189 2581 pilnr
198 2526 248 2564 ουι.
321 2513 355 2561 14
369 2508 488 2579 simplex
501 2508 569 2565 felix
583 2529 644 2564 απα
658 2530 696 2572 ως
709 2528 740 2564 το
755 2511 959 2580 componuntur
971 2509 1086 2564 nomina
1099 2514 1226 2566 τντθετα
1240 2513 1271 2566 σε
1287 2530 1412 2582 cooperor

113 2811 207 2902 ἡμεῖς
225 2812 399 2899 ἐνσώματα
417 2816 597 2901 καλοῦμεν.
619 2809 641 2881 ἃ
661 2814 698 2882 δὲ
715 2815 771 2883 καὶ
789 2813 879 2902 παρά
898 2840 1003 2883 τινων
1020 2820 1241 2901 προσηγορίαι
1260 2817 1414 2902 λέγονται

113 2928 172 2989 καί
183 2923 273 2989 ἐστιν
288 2918 456 3008 ἀσώματα,
475 2918 572 2988 άτινα
585 2924 631 3013 τῷ
645 2925 694 3012 νῷ
709 2921 816 3009 μόνον
831 2920 1128 3009 καταλαμβάνεται,
1146 2919 1219 2989 ἀλλ’
1237 2921 1313 2990 οὔτε
1329 2926 1414 2991 ἰδεῖν

115 3027 191 3097 οὕτε
214 3026 367 3110 ἅψασθαι
390 3027 501 3097 αὐτῶν
524 3027 684 3114 δυνατόν,
712 3026 757 3109 ὥς
779 3030 869 3097 ἐστιν
893 3024 1045 3114 εὐσέβεια
1067 3027 1265 3116 δικαιοσύνη
1291 3028 1416 3118 κόσμος

114 3134 241 3223 ἀξίωμα
264 3135 380 3223 εὔροια
404 3140 610 3204 διδασκαλία.
654 3139 758 3206 ταῦτα
780 3133 874 3223 ἡμεῖς
895 3132 1122 3222 προσηγορικὰ
1145 3137 1294 3223 λέγομεν.

87 3263 100 3302 ⁵
207 3246 259 3334 Τῷ
279 3241 418 3330 ὀνόματι
438 3249 614 3331 συμβαίνει
632 3247 751 3329 ταῦτα,
769 3240 859 3324 εἶδος
877 3244 974 3329 γε’νος
993 3245 1103 3330 σχῆμα
1120 3240 1266 3330 &ponpis
1282 3248 1416 3326 πτῶσις.

114 3349 204 3430 εἶδός
227 3353 318 3418 ἐστιν
341 3342 367 3442 ῷ
390 3363 532 3437 νοεῖται,
555 3345 576 3437 ἢ
599 3348 718 3437 κύριον
737 3359 788 3437 είη
807 3348 844 3419 τὸ
864 3349 973 3437 ὄνομα
991 3344 1012 3436 ἢ
1031 3349 1289 3437 προσηγορικον.
1334 3353 1414 3440 γένη

114 3461 182 3525 τῷν
220 3454 397 3543 ὀνομάτων
433 3458 519 3525 είσλυ
559 3457 717 3545 τέσσαρα,
758 3455 936 3544 ἀρσενικὸν
977 3455 1157 3544 θηλυκὸν
1199 3456 1415 3547 οὐδέτερον

86 3617 87 3621 ,
114 3561 267 3631 κοινόν.
313 3560 527 3650 ἀρσενικόν
552 3570 557 3647 Ι
582 3565 692 3631 ἐστιν
714 3555 760 3632 οὗ
783 3562 1052 3651 προτάσσεται
1076 3555 1204 3651 οὗτος,
1228 3564 1277 3645 ὥς
1301 3557 1417 3648 οὗτος

116 3668 134 3738 ὁ
168 3668 422 3750 διδάσκαλος·
454 3668 607 3756 θηλυκόν
635 3672 726 3739 ἐστιν
755 3660 797 3738 οὗ
823 3668 1043 3757 προτάσσεται
1071 3669 1169 3757 αὕτη,
1202 3667 1248 3752 ὡς
1279 3670 1362 3759 αὕτη
1394 3670 1416 3759 ἡ

34 3810 41 3820 ·
79 3798 104 3836 1⁰
117 3779 232 3865 σχολή·
258 3773 437 3864 οὐδέτερόν
456 3779 565 3845 ἐστιν
586 3768 627 3846 οὗ
646 3775 865 3864 προτάσσεται
883 3779 994 3864 τοῦτο,
1016 3775 1062 3858 ὥς
1079 3783 1178 3847 τοῦτο
1196 3778 1234 3847 τὸ
1254 3785 1416 3866 σκρίνιον

116 3884 234 3953 κοινόν
262 3885 353 3952 ἐστιν
382 3875 422 3952 οὗ
445 3883 664 3970 προτάσσεται
687 3882 705 3954 ὁ
730 3885 785 3953 καί
808 3881 829 3971 ἡ
851 3882 967 3953 καὶτὸ
1035 3889 1156 3954 ,ἔστιν
1184 3886 1239 3953 καὶ
1266 3887 1417 3956 ἐπίκοινα

117 3990 281 4079 ὀνόματα,
312 3988 334 4059 ά
368 3994 402 4059 oi
428 3989 588 4079 Ἕλληνες
623 3993 806 4061 ἐπίκοινα
842 3990 1168 4079 προσαγορεύουσιν,
1205 3989 1303 4062 ὁπότε
1336 3991 1416 4082 ὅπερ

117 4096 306 4185 ἀναγκαίως
328 4095 492 4190 άρσενικῷ
515 4099 604 4185 γένει
623 4101 819 4185 ἐκφωνεῖται
836 4099 892 4166 καὶ
911 4103 1049 4189 θηλυκῷ
1068 4113 1210 4185 νοεῖται,
1232 4095 1253 4186 ἢ
1275 4096 1417 4169 τούναν-

117 4212 189 4273 τίον
214 4203 307 4288 ὅπερ
330 4208 468 4295 θηλυκῷ
493 4206 690 4290 ἐκφωνεῖται
712 4205 768 4273 καὶ
790 4203 955 4297 άρσενικῷ
978 4204 1288 4293 παραλαμβάνεται,
1311 4203 1357 4286 ὡς
1378 4207 1416 4276 τὸ

79 4332 104 4372 1⁵
118 4310 287 4398 στρουθός
305 4308 400 4390 άετός
417 4309 480 4398 χήν
498 4314 593 4398 γαλῆ.
629 4310 779 4399 σχήματα
796 4315 864 4379 τῶν
884 4309 1060 4399 ὀνομάτων
1079 4313 1169 4380 ἐστὶν
1188 4311 1266 4398 δύο,
1286 4310 1417 4383 άπλοῦν

117 4420 172 4486 καὶ
206 4417 390 4504 σύνθετον,
422 4415 566 4504 ἁπλοῦν,
599 4415 644 4498 ὡς
674 4416 712 4487 τό
788 4424 1015 4487 .συντίθεται
1043 4418 1081 4487 δὲ
1108 4416 1255 4506 ὀνόματα
1282 4419 1418 4509 τρόποις

117 4527 281 4613 τέτρασιν,
305 4526 340 4592 ἐκ
364 4523 426 4592 δύο
449 4530 595 4611 τελείων,
624 4522 669 4605 ὡς
691 4522 728 4593 τὸ
757 4523 972 4612 προάστειον·
1000 4528 1036 4594 ἐκ
1064 4525 1126 4594 δύο
1154 4524 1418 4615 ἀπολειπόντων,

208 4712 224 4758 2
244 4706 470 4776 καταλαβανεται
552 4711 566 4759 7
586 4699 714 4772 θηλυκὸν
732 4734 768 4744 -
785 4710 802 4759 9
822 4699 992 4767 διδάσκαλος
1015 4721 1065 4760 om.
1149 4712 1182 4760 10
1202 4701 1278 4762 ἐστιν
1295 4724 1346 4764 om.

121 4791 153 4838 12
172 4778 190 4838 ἃ
211 4782 253 4855 οἵ]
282 4804 330 4839 ouo
416 4780 546 4839 ἐπίκοινα
570 4785 720 4853 posteriore
746 4785 803 4840 loco
824 4800 874 4840 orn.
947 4778 1085 4856 ’14ὅπερ
1103 4802 1154 4841 orn.
1242 4795 1274 4842 16
1292 4785 1417 4862 τρόποις]

118 4884 234 4933 τραποις
