3316 5474
165 343 230 407 528
602 340 786 411 [CORNELII
813 338 1035 409 FR-ONTONIS]

165 455 186 492 p.
200 442 255 484 aaoo
268 442 292 481 Ρ.

257 527 439 607 Diligentiam
464 534 494 587 et
517 545 627 587 curam.
673 525 822 604 diligentia
842 543 857 584 a
877 523 1024 604 diligendo
1043 521 1171 603 singula,
1195 520 1275 583 huic
1298 522 1498 603 neglegentia

167 638 341 716 opponitur,
361 653 415 694 rrec
434 636 540 713 recipit
558 651 703 693 errorem:
725 651 795 692 eura
814 634 903 692 animi
923 642 982 713 cst,
1005 648 1079 709 quae
1099 631 1223 691 anxium
1239 630 1321 692 lacit
1338 631 1498 692 bominem

167 752 197 803 et
220 750 278 803 tam
302 741 443 801 honestae
466 759 554 819 quani
577 739 751 800 inhonestae
774 740 819 798 rei
841 748 896 799 est

259 848 382 927 liegium
406 856 436 908 et
459 846 566 926 regale.
603 849 717 925 regium
737 845 816 925 quod
835 847 928 926 regis,
952 843 1049 923 regale
1073 843 1151 922 quod
1176 862 1251 924 rege
1276 845 1419 925 dignum
1444 854 1498 905 est.

256 954 423 1016 Erraticnm
439 963 468 1014 et
483 955 662 1014 erraticium.
693 954 839 1013 erraticus
863 960 893 1012 ot
915 958 1014 1031 potest
1032 970 1133 1012 errare
1152 960 1183 1013 et
1200 951 1300 1035 solet,
1327 955 1519 1015 erraticiusa

169 1066 284 1124 animus
307 1064 427 1141 estqui
450 1061 525 1122 solet
548 1079 648 1122 errare
673 1068 703 1120 ct
730 1058 850 1119 desinit:
879 1059 988 1118 erratio
1016 1059 1096 1118 enim
1122 1059 1213 1118 animi
1244 1068 1296 1120 est
1328 1062 1497 1141 repentina

168 1172 335 1232 commotio.

258 1277 399 1338 Errorem
422 1286 452 1338 et
475 1279 662 1337 errationem.
699 1292 785 1334 error
808 1274 917 1334 estrei
937 1274 1053 1354 vitium,
1077 1280 1110 1333 ut
1133 1290 1216 1333 amor
1240 1272 1351 1355 notor,
1378 1277 1494 1337 erratio

170 1388 300 1447 incertae
324 1387 395 1445 riae.

260 1491 393 1553 Erratrix
414 1501 443 1551 et
462 1491 596 1551 erratica.
642 1491 769 1550 erratrix
787 1507 946 1571 personam
965 1490 1100 1569 respicit,
1122 1489 1331 1570 utvenatri13
1358 1493 1491 1552 erratica
1505 1508 1527 1547 n

170 1600 279 1661 hedera
303 1608 333 1660 et
356 1601 431 1659 vitis.

260 1706 368 1767 Notene
393 1716 423 1765 ct
446 1704 595 1765 adnotare.
642 1712 724 1764 notat
747 1701 793 1762 vel
816 1701 913 1763 locum
938 1704 1004 1781 quis
1029 1701 1073 1762 vel
1096 1720 1256 1782 personam
1279 1702 1329 1764 sel
1357 1707 1489 1783 noxiam,

172 1814 291 1875 adnotat
315 1815 364 1891 qui
390 1821 475 1872 notae
500 1811 571 1890 perid
595 1811 691 1871 adicit.
1017 1785 1022 1795 ’

262 1918 385 1980 Salubre
410 1930 439 1980 et
463 1918 599 1979 salutare.
646 1915 764 1977 salrtbre
784 1915 819 1976 ad
838 1915 936 1977 locum
956 1917 1087 1977 retertur
1105 1925 1135 1976 et
1153 1916 1189 1976 ad
1208 1915 1325 1997 cibum,
1351 1917 1486 1979 salutare

172 2027 326 2088 consilium
351 2038 404 2087 est.
441 2029 481 2086 ita
505 2024 622 2085 salubre
647 2042 704 2084 non
729 2032 830 2097 nocet,
855 2022 982 2084 salutare
1006 2021 1135 2102 prodest.
1498 2042 1521 2080 15

262 2133 453 2193 Committcrc
482 2141 511 2191 et
539 2131 669 2191 credere.
716 2132 928 2191 committlmus
960 2129 1096 2209 consilia,
1128 2129 1279 2189 credimus
1309 2133 1483 2209 pecuniam.

263 2238 325 2300 Snb
348 2249 377 2299 et
401 2241 439 2299 in.
486 2237 540 2298 suh
570 2257 627 2297 non
657 2254 817 2315 ttttmqnam
844 2255 898 2315 pro
927 2236 1002 2296 clam
1030 2238 1164 2317 ponitur,
1192 2245 1224 2297 nt
1253 2236 1424 2318 subripuit,
1451 2241 1486 2298 id

174 2359 218 2409 est
241 2348 315 2408 clam
339 2347 449 2423 rapuit,
478 2352 527 2403 urit
553 2344 614 2402 lenc
640 2352 720 2402 notat
743 2342 838 2422 aliqua
864 2341 993 2422 subdita3
1022 2344 1052 2402 in
1076 2352 1127 2402 ant
1150 2345 1232 2402 intus
1255 2344 1409 2421 siguificat
1432 2354 1483 2405 aut

176 2457 262 2515 nimis
286 2463 336 2513 ant
360 2451 441 2511 valde
466 2462 496 2511 et
520 2450 669 2510 interdum
693 2469 746 2529 pro
771 2469 828 2510 non
853 2452 983 2530 ponitur.

263 2560 432 2620 Claritatem
456 2569 486 2619 et
509 2557 723 2618 claritudinem.
771 2557 888 2618 claritas
912 2567 971 2619 tam
994 2559 1113 2620 luminis
1137 2577 1225 2638 qtrarn
1245 2560 1520 2639 perspicuitatifflo

175 2667 319 2729 claritudo
343 2668 469 2744 generis.
515 2668 597 2745 prior
621 2667 720 2744 ltaque
745 2664 925 2747 splendonio,
948 2669 1096 2746 posterior
1121 2665 1282 2726 nobilitatis
1306 2674 1362 2725 est.

265 2773 404 2833 Vicinium
429 2782 459 2832 et
483 2775 670 2834 vicinitatem.
718 2771 828 2832 Vicinia
853 2774 984 2834 vicorum
1010 2775 1192 2854 coniunctio,
1221 2775 1358 2833 vicinitas
1387 2772 1481 2833 borni·

176 2902 246 2944 num
271 2882 454 2942 eorrs'ersatio
479 2889 532 2940 est.

177 3048 360 3058 —---—-
376 3048 387 3053 -

268 3152 280 3197 1
301 3143 376 3196 luter
395 3158 489 3195 carram
508 3144 537 3194 et
555 3140 729 3208 diligentiam
750 3183 755 3193 .
775 3157 842 3194 eura
861 3156 908 3195 cor
926 3140 1000 3194 arant
1018 3142 1047 3209 (l.
1066 3140 1182 3208 haurit),
1205 3141 1235 3194 id
1254 3144 1296 3195 est
1314 3141 1433 3209 minuit,
1455 3148 1484 3198 et

178 3225 335 3280 cruciat-um
354 3223 451 3287 habet,
471 3222 518 3288 qui
537 3224 648 3275 corruat
667 3222 694 3288 (l.
710 3237 757 3274 eor
775 3224 849 3289 urat)
865 3221 1035 3288 :diligentia
1052 3225 1095 3276 est
1113 3238 1204 3273 rerum
1223 3221 1435 3278 administratio
1454 3228 1485 3278 et

177 3311 220 3360 est
239 3302 407 3359 contrarium
426 3300 618 3370 neglegent-iae
638 3303 693 3371 coil.
716 3303 806 3355 bloet.
887 3308 904 3355 t
928 3302 1046 3371 Regium
1069 3304 1148 3357 Beda
1170 3307 1276 3368 287327
1363 3312 1380 3356 δ
1405 3304 1485 3359 luter

179 3384 339 3439 erratieium
359 3386 388 3436 et
406 3382 553 3436 erraticum
574 3426 579 3435 .
599 3380 745 3435 erratioius
768 3387 811 3436 est
833 3381 882 3450 qui
906 3381 999 3436 antimo
1024 3390 1122 3436 errat.
1142 3382 1212 3436 nihil
1236 3382 1310 3436 enim
1335 3383 1414 3437 aliud
1440 3390 1485 3439 est

178 3466 280 3521 erratio
299 3481 382 3531 quam
402 3461 651 3530 repentinaanimi
671 3460 850 3515 commotatio
870 3500 875 3512 .
896 3461 1041 3515 erraticius
1065 3463 1092 3528 (l.
1112 3462 1257 3527 erraticus)
1281 3464 1394 3531 estqui
1419 3464 1485 3520 loco

178 3550 268 3601 terrae
283 3561 349 3598 suae
364 3548 438 3597 errat
452 3545 508 3597 cod.
526 3544 616 3597 ⁴'lieret
689 3541 848 3595 8Errorem
864 3574 895 3582 -
914 3542 1237 3607 tumultuantes
1313 3549 1345 3596 14
1361 3543 1485 3600 Salubre

180 3628 257 3682 Beda
276 3629 379 3689 2583]
453 3630 487 3677 ‘20
506 3623 671 3677 claritatem
690 3623 768 3677 Beda
786 3628 889 3689 atrato

198 3771 390 3781 ...—--—-——

268 3865 285 3911 u
304 3872 376 3925 quae
395 3853 507 3907 anxium
525 3854 594 3908 facit
611 3854 751 3907 bominem
771 3856 877 3909 ettam
896 3855 1028 3910 honestae
1047 3872 1131 3925 quam
1150 3856 1313 3910 inhonestae
1336 3857 1378 3911 rei
1403 3864 1449 3914 eet
1467 3876 1487 3918 ς

180 3956 253 4008 quae
272 3942 330 3991 tam
350 3934 464 3991 anxium
482 3935 551 3988 facit
569 3935 709 3988 hominem
729 3942 785 4002 quai
803 3934 943 3990 bominem
963 3939 1006 3990 sta
1020 3938 1060 3990 rei
1074 3944 1089 3991 e
1104 3936 1137 3990 N
1206 3942 1222 3988 -t
1241 3935 1315 4002 quod
1333 3937 1411 4005 regis
1430 3938 1489 3995 tuit

179 4020 258 4074 Beda
330 4023 345 4070 t
365 4013 514 4070 commotio
535 4030 551 4071 ς
571 4014 712 4070 commitio
731 4016 764 4068 N
834 4021 866 4070 10
886 4016 1002 4070 erratrix
1021 4034 1167 4086 personam
1182 4016 1295 4085 respicit
1308 4017 1340 4068 ut
1353 4021 1489 4074 srenatrix

179 4100 271 4165 Beda,
290 4097 404 4152 erratrix
419 4112 482 4165 pers
497 4135 681 4150 .........
697 4102 712 4150 ὃ
727 4098 854 4153 uenatrix
868 4098 901 4151 N
912 4097 1029 4152 erratrix
1043 4114 1092 4166 por
1107 4114 1135 4150 se
1146 4098 1230 4165 rapta
1243 4097 1285 4149 est
1303 4097 1335 4148 ut
1353 4098 1489 4153 uenauix

180 4197 197 4239 ς
221 4224 226 4234 .
251 4180 405 4234 indetrita
428 4177 528 4231 codicia
551 4179 689 4246 scriptura
710 4180 798 4246 pardo
821 4179 921 4248 plura,
949 4193 1031 4245 quoru
1058 4194 1126 4245 quoe
1151 4178 1182 4229 in
1205 4176 1321 4229 editione
1344 4176 1489 4245 tepenter,

180 4262 267 4315 ‹lecsae
284 4260 448 4314 enitebantur
522 4266 552 4312 11
573 4258 675 4312 hedera
693 4259 760 4312 uitis
780 4275 795 4316 ς
871 4266 902 4312 15
921 4256 1036 4326 prodest
1060 4256 1175 4311 oonsilio
1195 4271 1211 4313 ς
1231 4299 1237 4309 .
1257 4257 1387 4324 consilio,
1412 4263 1490 4328 quaed

181 4345 210 4395 in
230 4344 284 4408 fiete
301 4341 435 4409 sentientis
451 4355 545 4393 err-sus
562 4339 694 4406 scriptum
712 4343 771 4392 erat
790 4339 820 4391 iu
839 4340 940 4403 codice,
964 4352 1053 4390 errore
1076 4338 1188 4390 editoris
1209 4337 1263 4391 leue
1285 4341 1489 4404 traarapositum

181 4427 218 4476 est
293 4428 323 4475 16
344 4420 460 4474 consilia
478 4436 495 4477 ς
513 4417 628 4472 consilio
647 4419 679 4470 N
754 4425 786 4472 17
806 4416 942 4486 subripuit
961 4416 1034 4471 clam
1054 4434 1127 4484 rap.
1148 4459 1154 4471 .
1175 4458 1181 4469 .
1202 4458 1207 4468 .
1228 4433 1259 4470 ee
1282 4418 1364 4470 notat
1386 4418 1490 4488 aliqua

181 4503 251 4557 subd
270 4545 276 4556 .
297 4544 303 4554 .
324 4543 329 4554 .
351 4544 356 4555 .
376 4501 451 4554 intus
470 4499 609 4568 significat
622 4500 664 4564 N,
683 4500 732 4553 ubi
745 4498 820 4551 intus
834 4500 865 4551 in
882 4497 982 4550 detrito
1000 4497 1139 4563 scripturo
1158 4512 1214 4550 nort
1232 4501 1303 4550 certo
1321 4500 1489 4567 apparebat,

184 4581 336 4649 subripuit,
356 4581 429 4633 elam
447 4580 553 4648 rapuit,
578 4582 626 4632 aut
645 4580 703 4632 lere
721 4581 802 4634 notat
820 4578 927 4645 aliquid
945 4577 1089 4631 subditum
1109 4620 1114 4631 .
1134 4576 1163 4630 in
1183 4579 1232 4629 ant
1250 4576 1323 4630 intus
1342 4576 1490 4644 significat

182 4677 199 4717 ς
219 4702 224 4712 .
244 4661 279 4725 cf.
299 4659 366 4712 Rea.
386 4661 418 4713 de
437 4660 552 4728 orthopr.
569 4677 600 4727 p.
614 4665 721 4725 26834
741 4660 791 4713 sub
807 4690 839 4697 —·
854 4657 967 4727 ponitur
985 4675 1041 4712 non
1059 4674 1210 4726 numquam
1231 4660 1259 4710 et
1276 4673 1326 4725 pro
1345 4655 1435 4725 olam,
1455 4666 1490 4714 ut

183 4737 334 4807 subripuit,
354 4738 381 4791 id
401 4739 534 4792 astulam
554 4738 649 4805 rapuit
727 4744 759 4791 19
780 4737 872 4808 nimis]
893 4738 984 4791 miuus
1002 4737 1086 4792 editio
1103 4735 1269 4789 Basilcensis
1349 4740 1489 4794 arnobi·

182 4818 283 4891 litatis]
303 4818 412 4888 generis
431 4836 499 4872 corr.
518 4817 672 4873 nobilitatis
691 4819 724 4873 N
