3316 5474
250 368 317 434 466
743 368 918 424 ARVSIANI
936 367 1058 424 Mussn

247 480 271 518 p.
286 471 327 509 ree
341 469 368 509 u.

250 555 332 615 dedi
355 556 555 636 patiamini,
579 554 657 615 idem
675 573 730 634 pro
750 553 886 615 Cluentio
905 555 1049 630 (dmi)
1074 554 1134 614 sed
1153 553 1256 634 plane
1276 554 1317 615 ad
1338 555 1579 636 supplicium

249 661 418 723 dedidit.

338 767 393 828 liat
415 767 470 849 illi,
494 766 579 847 Verg.
602 768 674 828 hen.
694 767 770 828 llllll
790 768 864 841 (83)·
884 767 923 827 (16
947 774 1029 829 nate
1051 768 1194 847 petenti
1213 766 1288 827 :dai
1311 768 1343 828 in
1367 767 1466 850 illud,
1492 768 1576 831 idern

248 876 320 936 hen.
343 872 421 934 Vllll
445 875 535 949 (815)
560 874 653 936 saltu
681 892 760 936 sese
789 873 955 935 omnibus
982 875 1092 935 armis
1119 874 1154 933 in
1177 873 1327 935 flurium
1352 874 1464 937 dedit
1489 924 1497 937 .
1523 876 1576 938 dat

248 983 284 1044 ad
307 981 404 1064 illum,
427 982 494 1043 Ter.
519 981 606 1042 Phor.
631 983 666 1052 (Ι
670 982 695 1040 V
714 981 803 1055 3,(8)
1598 998 1611 1038 s

488 1093 524 1150 in
548 1093 764 1151 servitutem
787 1107 980 1170 pauperem
1004 1088 1044 1149 ad
1068 1088 1177 1148 ditem
1201 1087 1277 1148 dari
1301 1136 1308 1148 .

338 1196 480 1277 deposuit
508 1197 569 1272 his,
603 1196 687 1276 Verg.
716 1215 796 1277 geor.
824 1195 850 1255 ll
878 1196 950 1271 (21)
976 1195 1149 1276 deposuit
1180 1194 1293 1257 sulcis
1322 1243 1328 1256 .
1357 1195 1510 1276 deposuit
1538 1199 1571 1259 in

247 1304 307 1385 his,
336 1304 395 1365 Cic.
418 1301 529 1385 ‘Philip
558 1302 624 1364 lllll
654 1305 774 1379 (1124)
806 1321 884 1365 enm
920 1305 955 1364 in
992 1305 1140 1383 gremiis
1178 1305 1362 1364 mimarum
1400 1311 1569 1366 mentum

248 1421 471 1491 mentemque
495 1412 696 1491 deponeret
720 1459 726 1472 .

338 1518 466 1580 Detraho
491 1518 558 1600 tihi,
588 1518 647 1580 Cic.
671 1538 725 1600 pro
749 1518 836 1580 Corn.
860 1518 872 1578 l
896 1517 988 1579 nihil
1016 1518 1160 1578 senatui
1187 1517 1391 1578 detraxisse
1423 1518 1606 1582 Corne-n

247 1627 333 1688 lium
349 1675 356 1688 .
371 1627 494 1687 detraho
515 1626 551 1687 de
571 1635 614 1707 te,
637 1626 696 1687 Cic.
711 1645 766 1707 pro
781 1625 893 1686 Scauro
913 1626 986 1699 (36)
1006 1623 1096 1685 nibil
1120 1623 1252 1686 Sardos
1275 1625 1387 1704 Appio
1412 1629 1566 1705 gratius

248 1752 326 1795 esse
352 1735 527 1808 tacituros,
551 1751 653 1813 quam
677 1735 707 1821 si
730 1732 770 1792 de
796 1732 925 1792 Scauri
944 1733 1034 1791 iama
1052 1731 1421 1793 detraxerint.rolnnt
1435 1734 1565 1813 quidam

144 1900 147 1905 ,
249 1841 417 1902 distantiam
442 1859 521 1921 esse,
546 1850 578 1901 ut
603 1836 744 1900 ‘lacerare
768 1833 885 1899 lamam’
909 1838 946 1898 de
969 1837 1019 1898 illo
1042 1837 1199 1899 detrahere
1223 1840 1274 1919 sit,
1298 1838 1349 1900 sed
1369 1839 1468 1900 lelso.
1491 1860 1563 1903 nam

248 1948 307 2010 Cic.
326 1948 363 2008 de
383 1946 478 2027 suppl.
498 1951 543 2019 (in
571 1949 655 2008 Verr.
683 1947 831 2021 V22,58)
851 1964 940 2026 quae
964 1954 1000 2005 tu
1024 1945 1066 2005 de
1090 1964 1162 2025 rep.
1186 1954 1309 2006 nostra
1333 1945 1562 2030 detraxeris,

247 2055 275 2115 id
300 2064 346 2116 est
370 2057 555 2115 imminueris
578 2064 609 2115 et
637 2052 808 2134 abstuleris,
836 2053 913 2114 idem
942 2055 973 2113 in
997 2051 1080 2113 Catil.
1105 2052 1309 2127 11(8,18)61
1337 2052 1488 2114 dubitas
1519 2056 1561 2118 de
1576 2074 1601 2114 15

247 2164 481 2242 possessione
506 2161 700 2222 detrahere
724 2209 730 2220 .

335 2267 440 2328 Deficit
462 2267 540 2328 illam
560 2286 637 2348 rem,
661 2266 745 2346 Verg.
766 2285 864 2346 georg.
885 2266 896 2326 l
916 2267 1012 2342 (290)
1035 2277 1162 2328 noctes
1185 2267 1305 2328 lentus
1330 2285 1396 2329 non
1422 2270 1560 2335 delicit

246 2374 371 2435 humor
396 2422 401 2434 .
425 2375 526 2435 deficit
548 2373 584 2434 ah
608 2374 656 2434 illa
679 2393 726 2453 re,
750 2373 809 2434 tlic.
833 2374 869 2434 de
893 2383 1032 2453 praetura
1056 2374 1169 2435 urbana
1193 2378 1239 2444 (in
1266 2375 1350 2435 Verr.
1370 2384 1430 2436 oct.
1450 2397 1515 2440 sec.
1543 2381 1562 2440 Ι

245 2481 356 2556 3179)
380 2479 617 2562 Lampsacena
646 2483 775 2541 civitas
803 2480 964 2542 delicere
992 2469 1033 2542 ab
1061 2483 1212 2561 imperio
1242 2500 1279 2541 ac
1308 2484 1452 2543 nomine
1483 2505 1558 2547 non

245 2585 387 2647 valebat
410 2635 417 2647 .
441 2588 541 2648 deficit
563 2587 598 2647 ad
623 2587 719 2666 illurn,
749 2587 804 2648 Sal.
829 2587 889 2668 lug.
914 2588 1014 2662 (611)
1046 2590 1081 2648 in
1114 2588 1170 2649 his
1202 2587 1354 2649 urbibus
1386 2608 1479 2668 quiae
1515 2592 1600 2653 adro

246 2712 282 2754 se
306 2694 514 2755 deiecerant
533 2743 539 2754 .
558 2695 658 2756 deficit
681 2694 855 2776 simpliciter
877 2713 932 2775 pro
955 2695 1054 2776 deest,
1077 2693 1412 2775 largientium)
1436 2700 1557 2777 primo

245 2801 371 2861 avulso
395 2820 463 2862 non
488 2802 617 2863 delicit
640 2801 741 2862 alter.

334 2907 451 2969 Decedo
482 2913 555 2970 linio
587 2909 623 2970 de
656 2895 717 2969 hac
744 2921 799 2990 re,·
823 2909 881 2970 Cic.
911 2909 947 2969 de
976 2928 1037 2990 rep.
1062 2912 1082 2970 I
1108 2910 1237 2983 (1367)
1266 2918 1303 2970 ut
1334 2909 1390 2970 his
1423 2911 1465 2972 dc
1501 2917 1557 2976 via

245 3015 488 3076 decedendum
514 3019 561 3077 sit
585 3065 591 3076 .
615 3016 726 3077 decedo
746 3017 815 3077 hnic
835 3016 1023 3097 simpliciter,
1045 3015 1130 3096 Verg.
1151 3016 1216 3077 buc.
1237 3018 1336 3091 (8,88)
1360 3036 1425 3078 nec
1449 3037 1555 3082 serae

245 3125 407 3183 meminit
431 3123 607 3183 decedere
632 3127 729 3185 nocti
754 3172 760 3182 .
1570 3146 1597 3185 rs

334 3230 467 3292 Delectat
495 3249 541 3290 me
570 3231 643 3292 haec
672 3250 733 3312 res,
767 3230 972 3310 (liederep.
997 3231 1152 3306 1(13,19)
1185 3233 1262 3311 ipsa
1294 3234 1455 3311 cognitio
1489 3253 1556 3296 nos

335 3493 426 3548 mare
456 3494 604 3548 rannone
658 3492 783 3563 aurun]
803 3493 855 3547 rur
877 3494 970 3561 priore
987 3493 1044 3547 1000
1135 3494 1211 3562 ru]
1235 3493 1274 3548 111
1365 3482 1554 3552 ninimirum

244 3577 422 3643 mentemque
503 3581 534 3627 to
553 3574 740 3640 detrhexiese,
758 3574 804 3627 sed
822 3574 909 3627 deleta
927 3572 945 3625 b
964 3573 1056 3626 littero
1137 3573 1207 3627 nihil
1226 3574 1308 3628 ardor
1327 3575 1434 3644 Appios
1521 3586 1554 3633 14

244 3654 279 3708 (16
297 3671 354 3723 rep.
374 3672 425 3709 nos
443 3654 560 3710 traxeris
633 3661 666 3709 18
687 3672 766 3710 amor
780 3669 848 3707 corr.
864 3653 963 3705 humor
1035 3653 1163 3708 206166
1181 3654 1342 3708 deiecerunt
1413 3657 1482 3709 hen.
1499 3656 1553 3730 VI]

244 3733 282 3785 Vl
301 3735 369 3787 Aen.
442 3741 475 3788 23
496 3735 561 3788 huic
575 3735 670 3803 priore
690 3735 745 3788 loco
764 3750 814 3787 om.
888 3731 968 3788 lone

244 3880 456 3890 ---.--—-——-

333 3970 349 4018 2
369 3964 489 4036 dedidit]
508 3965 588 4021 dedit
605 3968 707 4020 codices
726 3965 864 4021 Ciceronis
949 3970 965 4018 8
984 3984 1047 4020 cnm
1070 3967 1100 4021 in
1123 3968 1238 4037 gremiis
1257 3969 1405 4023 mimorum
1423 3972 1553 4026 mentum

244 4047 421 4114 mentemque
436 4046 589 4116 deponeret
600 4048 643 4113 M,
657 4064 720 4102 cnm
734 4047 763 4101 in
778 4046 891 4116 gremiis
905 4047 1051 4102 mimorum
1066 4051 1188 4102 mentem
1202 4055 1382 4116 mentumque
1397 4049 1553 4118 deponeres

243 4127 347 4180 codices
366 4126 516 4193 Ciceronis,
540 4129 589 4183 nbi
608 4130 731 4182 mentum
750 4132 928 4195 mentemque
946 4145 980 4183 ex
997 4129 1056 4182 suis
1074 4129 1153 4183 libris
1170 4129 1256 4183 edidit
1275 4128 1428 4182 Ferrarius
1518 4139 1550 4187 11

244 4205 318 4260 nihil
332 4206 433 4261 Sardos
448 4208 540 4277 Appio
554 4208 661 4278 gratius
677 4209 714 4261 Μ
718 4249 725 4274 ,
744 4225 907 4277 persuasum
925 4211 969 4263 est
983 4208 1077 4263 Sardis
1097 4226 1126 4263 se
1144 4208 1216 4263 nihil
1230 4207 1321 4277 Appio
1336 4208 1443 4278 gratius
1456 4210 1553 4268 Cicero

298 4295 332 4343 11
351 4306 422 4357 qnae
441 4291 473 4343 tn
497 4289 531 4343 (16
555 4306 584 4343 re
609 4289 721 4359 publica
745 4290 839 4343 nostre
861 4288 1014 4343 detraxeris
1042 4290 1144 4343 codices
1168 4288 1306 4343 Ciceronis
1332 4291 1490 4358 deteriorem
1521 4295 1554 4348 in

242 4371 399 4424 melioribus
418 4371 496 4423 libris
514 4371 642 4424 orniesnrn
660 4376 697 4424 est
716 4370 751 4424 de
839 4375 871 4422 15
891 4370 920 4422 et
937 4368 1047 4423 dubites
1067 4369 1172 4434 Cicero,
1196 4372 1245 4423 nbi
1263 4374 1293 4425 et
1311 4369 1423 4424 dubites
1443 4372 1554 4427 innon

242 4452 329 4504 nullis
347 4451 485 4505 codicibus
504 4456 542 4504 est
634 4456 665 4504 19
685 4449 826 4505 bellumne
852 4448 956 4518 populo
974 4447 1100 4504 Romano
1119 4451 1312 4519 Lampsacena
1336 4450 1435 4503 civitas
1455 4448 1553 4510 iacere

243 4531 415 4585 conabatur?
443 4530 561 4585 deficere
585 4531 620 4584 ab
643 4530 760 4599 imperio
779 4545 812 4582 66
830 4528 942 4581 nomine
961 4530 1056 4583 nostro
1074 4530 1205 4585 volebat?
1230 4531 1324 4585 Cicero
1396 4536 1444 4595 ,20
1465 4532 1502 4586 sd
1522 4553 1554 4590 se

243 4610 403 4664 deiecerant
417 4611 567 4665 Sallustius
581 4617 606 4664 et
620 4612 780 4664 Arusianus
790 4627 820 4678 p.
836 4614 940 4677 estne
1011 4615 1045 4662 23
1056 4608 1160 4664 decedo
1175 4609 1239 4664 huic
1249 4610 1284 4665 de
1295 4610 1347 4664 hec
1357 4627 1387 4664 re
1398 4610 1555 4670 Honoenns

239 4707 269 4758 p.
289 4694 325 4742 41
407 4690 460 4760 his]
480 4689 526 4744 hic
547 4690 586 4756 G,
604 4691 628 4745 is
647 4692 729 4744 codex
749 4690 888 4744 Ciceronis
968 4695 1001 4743 26
1021 4706 1054 4743 66
1073 4706 1117 4742 me
1136 4690 1261 4758 quidem,
1281 4693 1312 4744 ut
1332 4690 1443 4744 hercule
1463 4693 1554 4750 eciam

243 4772 272 4822 te
290 4768 395 4838 ipsum,
414 4769 504 4836 Laeli,
524 4770 669 4839 omnisque
689 4770 786 4825 avidos
805 4768 958 4840 supientiae
978 4768 1101 4839 cognitio
1119 4769 1181 4839 ipsa
1200 4786 1289 4824 rernm
1305 4770 1554 4844 consideratioque

153 4885 159 4895 .
245 4849 368 4904 delectet
387 4850 480 4905 Cicero
