3316 5474
657 374 705 430 DE
723 374 822 430 ARTE
840 373 1006 430 METRlCA
1415 373 1481 437 235

177 488 199 525 p.
214 477 273 516 asar.
287 476 314 515 so
328 475 353 514 ι.

178 559 233 620 sub
252 560 368 620 diverse
387 562 416 619 in
442 560 539 620 verbis
558 568 722 640 ponuntur:
745 578 811 621 nam
831 562 1043 641 corripiuntur,
1062 578 1131 620 cum
1153 559 1315 620 crescendo
1339 558 1479 639 disyllaba

178 666 322 747 reddunt,
346 677 379 727 ut
401 665 462 727 adit
484 666 545 727 obit
568 668 623 727 init
647 665 739 748 subit;
763 666 968 728 indiderenter
987 675 1071 747 sunt,
1095 684 1163 727 curru
1187 665 1335 745 trisyllaba
1359 667 1479 746 faciunt,

178 781 212 833 ut
234 773 323 833 adicit
341 772 432 832 obicit
455 775 538 834 inicit
564 773 688 853 subicit;
711 772 919 852 producuntur
938 781 1066 852 tantum,
1090 790 1157 832 cunr
1181 770 1366 850 tetrasyllaba
1391 791 1426 832 ex
1446 792 1478 833 se

177 879 318 960 reddunt,
341 886 374 939 ut
397 880 491 940 adicio
511 878 607 940 obicio
630 882 718 941 inicio
744 880 867 941 subicio.
903 883 974 941 item
997 880 1204 960 producuntur
1232 897 1307 959 quae
1331 897 1385 958 pcr
1409 898 1479 959 prae

149 997 207 1052 set
229 1007 283 1066 per
306 1005 381 1066 quae
405 988 435 1046 in
459 989 563 1065 primis
582 987 700 1068 syllabis
724 987 910 1068 scribuntur-3
934 987 1106 1048 breviantur
1125 1005 1194 1047 vero
1219 988 1347 1066 pretinm
1371 1004 1479 1066 precor

176 1112 279 1173 premo
302 1092 454 1173 prebendo
479 1103 508 1154 ct
532 1112 654 1175 queror,
678 1095 733 1155 boc
757 1104 803 1155 est
826 1094 976 1174 querelam
1000 1095 1129 1175 depono,
1153 1104 1276 1174 atquae
1296 1115 1330 1155 cx
1357 1094 1402 1154 bis
1425 1112 1479 1173 per

177 1201 388 1261 derivationem
408 1200 452 1260 vel
472 1199 699 1262 declinationem
718 1202 764 1263 rcl
782 1203 1026 1282 compositionem
1047 1204 1110 1262 lieri
1133 1210 1260 1281 possunt
1280 1211 1310 1261 et
1333 1219 1391 1281 que
1409 1218 1477 1260 con·

176 1309 297 1367 iunctio.
335 1309 404 1366 itern
424 1308 718 1387 contrabreviantur
737 1328 772 1368 cx
793 1309 885 1369 isdem
909 1308 1180 1389 praepositionibus
1203 1311 1233 1369 in
1257 1309 1480 1386 compositione,

177 1423 209 1474 ut
228 1413 334 1473 debinc
354 1413 507 1493 profectus
525 1416 680 1494 professus
695 1416 837 1495 profusus
854 1415 987 1495 profatus
1004 1435 1131 1496 proavus
1151 1433 1300 1496 pronepos
1320 1425 1351 1476 et
1370 1423 1478 1474 cetera.

138 1549 163 1588 10
267 1520 342 1581 Sunt
375 1523 445 1582 item
474 1521 621 1601 aliquanta
650 1522 736 1583 verba
770 1541 845 1602 quae
878 1524 988 1602 primas
1015 1521 1140 1602 syllabas
1168 1530 1334 1602 temporum
1366 1523 1479 1580 ratione

177 1637 359 1710 permutant,
388 1647 463 1707 quae
488 1629 591 1690 subter
614 1628 735 1690 collecta
765 1632 899 1690 inomni
926 1631 1087 1709 praeterito
1116 1630 1249 1709 perfecto
1273 1628 1316 1688 rel
1346 1630 1375 1688 in
1399 1630 1479 1689 omni

177 1737 338 1815 praeterito
367 1735 655 1816 plusquamperfecto
684 1737 729 1798 rel
761 1740 791 1798 iu
820 1754 880 1798 uno
915 1737 1016 1797 futuro
1045 1736 1123 1797 modi
1156 1745 1270 1797 motum
1298 1736 1480 1795 coniunctivi

177 1841 397 1924 producuntur,
425 1845 455 1902 in
483 1844 592 1903 ceteris
619 1851 718 1904 autem
748 1843 843 1904 modis
871 1853 901 1904 et
930 1842 1112 1924 temporibus
1140 1842 1325 1923 breviantur,
1355 1852 1387 1903 ul
1410 1851 1480 1904 sunt

177 1948 263 2028 baec,
287 1948 352 2028 lego
376 1948 433 2029 legi
456 1968 523 2010 cum
544 1950 656 2030 legero,
679 1949 760 2009 faveo
787 1949 843 2009 favi
862 1967 930 2009 cum
950 1949 1062 2029 favero,
1086 1950 1170 2008 venio
1189 1949 1256 2008 veni
1274 1966 1342 2008 curu
1361 1966 1480 2029 venero,

139 2083 163 2121 ιι
179 2055 257 2135 fugio
282 2057 343 2135 fugi
362 2075 429 2117 cum
450 2056 567 2138 fugero,
591 2059 665 2118 lacio
685 2058 741 2118 foci
761 2076 828 2119 cum
851 2057 964 2139 fecero,
983 2055 1072 2116 sedeo
1092 2055 1154 2116 sedi
1174 2073 1242 2116 cnm
1261 2054 1381 2138 sedero,
1401 2056 1478 2116 fodio

178 2162 238 2223 fodi
266 2182 333 2224 cum
362 2163 478 2245 fodero,
507 2162 590 2224 video
620 2164 678 2225 vidi
706 2182 774 2226 cum
798 2163 912 2244 videro,
940 2182 1031 2224 voveo
1055 2165 1120 2223 vovi
1148 2180 1216 2222 cum
1246 2180 1366 2243 vovero,
1395 2163 1479 2222 foveo

178 2269 237 2329 fovi
259 2288 327 2330 cnm
351 2272 465 2350 forero,
488 2273 556 2333 iuvo
576 2273 635 2332 iuri
655 2289 722 2332 cnm
742 2273 858 2352 irn'ero,
881 2289 936 2349 ago
956 2271 1002 2349 egi
1026 2286 1093 2330 cum
1113 2287 1216 2350 egero,
1240 2286 1305 2329 emo
1329 2272 1387 2330 emi
1411 2289 1479 2330 cum

178 2394 291 2458 emero,
314 2376 377 2436 lavo
401 2377 456 2438 lari
480 2396 547 2439 cum
571 2378 682 2459 lavero,
712 2377 779 2439 odio
803 2376 851 2438 odi
875 2396 942 2439 cum
966 2376 1071 2456 odero,
1098 2394 1166 2436 sero
1190 2377 1251 2436 sevi
1275 2394 1343 2437 cum
1367 2394 1480 2455 scvcro,

178 2477 245 2544 sino'
261 2486 315 2544 siri
334 2502 401 2545 cum
421 2487 533 2566 sivero,
557 2484 641 2563 [cavo
661 2487 724 2546 ccvi
743 2504 811 2547 cum
831 2484 950 2562 cevero]
975 2502 1063 2544 caveo
1083 2485 1146 2544 cavi
1165 2501 1232 2543 cnm
1257 2502 1371 2544 cavero.
1409 2486 1479 2544 item

138 2617 165 2655 ao
179 2599 281 2651 contra
304 2592 497 2653 inveniuntur
517 2611 591 2672 quae
615 2594 644 2653 in
668 2594 818 2674 praesenti
843 2601 975 2672 tempore
999 2590 1142 2671 producta
1162 2599 1280 2650 suntet
1299 2591 1329 2650 in
1348 2572 1478 2671 praeter-

177 2700 218 2758 ito
246 2697 429 2781 breviantur,
458 2708 491 2760 nt
515 2707 584 2759 sunt
608 2699 692 2780 baec,
720 2718 798 2779 pono
823 2699 921 2780 posui,
945 2715 1018 2777 cogo
1042 2698 1139 2778 coegi,
1162 2694 1200 2755 do
1223 2695 1305 2777 dedi,
1328 2705 1375 2757 sto
1398 2698 1475 2756 steti.

177 2807 246 2865 item
275 2808 371 2866 onmia
401 2807 488 2866 verba
520 2824 594 2885 qnae
628 2807 658 2865 in
690 2806 858 2885 praeteritis
889 2813 957 2865 ante
985 2812 1124 2864 crescunt
1164 2805 1194 2863 in
1227 2805 1330 2882 primis
1360 2802 1478 2884 syllabis

177 2911 356 2987 luoriantur,
377 2922 409 2974 ut
428 2912 524 2994 pendo
542 2913 685 2995 pependi,
704 2913 813 2974 tondeo
833 2911 961 2994 totondi,
981 2930 1070 2992 posco
1090 2912 1219 2992 poposci,
1239 2930 1329 2971 curro
1349 2914 1478 2993 cucmri,

177 3020 265 3080 tendo
290 3021 415 3101 totondi,
438 3019 516 3100 pello
539 3020 648 3100 pepuli.

136 3151 162 3189 as
266 3128 338 3188 llcm
362 3130 392 3188 iu
417 3127 515 3188 verbis
539 3145 613 3206 qnae
638 3126 750 3188 eisdem
780 3126 885 3187 litteris
905 3124 1079 3186 scribuntur
1103 3125 1263 3186 notandum
1289 3126 1367 3206 quod
1397 3125 1481 3207 liber,

140 3219 143 3223 ’
177 3238 202 3296 si
222 3234 329 3295 librum
349 3235 494 3312 significat
513 3241 563 3294 aut
582 3235 738 3314 corticem,
757 3232 876 3293 brevem
895 3231 984 3292 babet
1003 3231 1035 3313 li,
1054 3235 1079 3293 si
1099 3231 1239 3314 liberum,
1259 3233 1383 3311 longam.
1414 3232 1481 3314 pila,

177 3344 274 3403 sbras
298 3343 458 3421 signifieat,
482 3339 597 3421 longam
621 3341 709 3401 babet
732 3342 775 3420 pi,
804 3341 829 3399 si
852 3339 1021 3421 sphaeram,
1050 3339 1189 3400 brevcm.'
1216 3358 1341 3400 securus
1365 3339 1480 3419 longam

177 3469 223 3530 se,
251 3451 366 3508 seonris
394 3447 522 3510 brcrem.
565 3448 670 3510 domus
716 3447 835 3507 brevem
864 3445 915 3528 do,
944 3445 1042 3526 doura,
1071 3446 1099 3506 id
1128 3455 1174 3507 cst
1203 3454 1328 3529 lectrum,
1355 3447 1480 3527 longam.

217 3643 220 3649 .
267 3611 278 3656 1
304 3602 431 3656 diuersae
455 3602 514 3655 FL
604 3601 744 3671 disyllaba
766 3601 863 3671 (uerba
881 3601 944 3656 odd.
964 3602 985 3669 f)
1008 3600 1127 3654 reddunt
1145 3602 1171 3654 L
1194 3600 1362 3671 disyllabarn
1386 3605 1430 3667 (ox
1450 3620 1479 3657 se

177 3684 240 3737 odd.
255 3687 287 3751 p)
307 3682 429 3736 reddunt
448 3680 512 3734 FP
529 3682 699 3752 disyllabum
718 3697 751 3734 ex
770 3697 799 3734 ee
818 3679 939 3734 reddunt
957 3695 973 3737 ς
1063 3686 1078 3733 2
1098 3679 1289 3736 indifferentes
1308 3683 1408 3739 sums

177 3762 324 3830 trisyllaba
343 3761 368 3814 L
386 3767 411 3816 et
431 3765 462 3816 iu
480 3780 564 3831 morp.
585 3763 617 3817 sl’
637 3761 724 3833 uerba
742 3763 752 3816 1
770 3760 944 3830 trisyllabum
965 3759 1026 3812 FP
1040 3759 1217 3830 trisyllabum
1236 3777 1253 3819 ς
1329 3767 1346 3814 3
1370 3763 1403 3814 ut
1420 3759 1479 3813 adi·

177 3843 216 3896 cia
230 3873 262 3881 -
277 3842 397 3896 reddunt
411 3858 462 3897 om.
478 3843 512 3909 P,
531 3845 627 3912 adalp
695 3840 879 3909 tetrasyllaba
893 3841 919 3893 L
937 3840 1147 3908 tetrasyllabam
1163 3840 1214 3909 Fp
1233 3839 1447 3910 tetrasyllabum
1463 3854 1479 3896 ς

229 3922 402 3991 opraetium
422 3940 537 3993 praecor
556 3923 587 3977 F
667 3920 1019 3987 sarmentorum
1097 3923 1257 3990 quaerelam
1277 3920 1308 3975 F
1382 3926 1478 3988 9pro·

177 4001 262 4070 lalus]
281 4001 420 4071 profestus
440 4004 585 4057 Putscbiua
656 4008 687 4054 11
709 4000 753 4055 rel
772 4000 800 4054 iu
819 3998 894 4055 omni
914 3999 1066 4068 praeterito
1085 4000 1358 4071 plusquamperfecto
1376 4017 1425 4054 om.
1443 3998 1479 4065 F,

177 4083 272 4149 odeis
331 4089 364 4136 12
379 4083 581 4139 coniunctatiui
597 4081 632 4149 P,
645 4097 714 4136 corr.
730 4078 901 4134 coniunctiui
916 4078 947 4131 F
1010 4088 1041 4134 13
1056 4083 1150 4135 autem
1165 4097 1214 4135 om.
1232 4080 1260 4133 P
1324 4086 1357 4133 14
1371 4078 1477 4148 favero]

177 4178 265 4230 pauco
284 4163 351 4232 paui
370 4182 432 4217 cnm
451 4180 555 4232 pauero
574 4163 610 4217 ol.
625 4178 698 4215 arou.
713 4160 779 4213 odd.
796 4159 824 4211 Ρ
878 4165 910 4212 15
929 4175 993 4212 cum
1008 4159 1104 4214 sedero
1123 4161 1204 4214 loueo
1223 4158 1283 4214 foui
1302 4176 1364 4212 cum
1382 4157 1478 4211 fouere

176 4241 258 4296 uideo
277 4242 336 4296 uidi
355 4260 418 4296 cum
438 4243 535 4297 uidero
554 4259 642 4296 uoueo
661 4241 728 4295 uoui
747 4257 810 4295 cum
829 4255 931 4292 uouero
950 4237 1026 4293 fodio
1045 4238 1102 4293 fodi
1121 4257 1184 4294 cum
1203 4239 1299 4294 fodero
1317 4238 1382 4291 iuuo
1401 4235 1429 4288 P

177 4321 265 4390 fodio]
284 4320 365 4376 fodeo
386 4322 416 4374 F
491 4329 523 4376 16
542 4337 632 4375 uoueo
651 4320 718 4375 noui
737 4337 800 4375 oum
818 4319 914 4374 fouero
933 4317 1000 4372 iuuo
1020 4316 1051 4370 F
1123 4320 1205 4373 foveo
1226 4317 1283 4372 fori
1302 4334 1365 4371 cum
1383 4315 1478 4371 fovero

176 4417 226 4455 om.
246 4401 285 4466 L,
303 4401 367 4455 odd.
388 4403 398 4454 l
479 4409 510 4456 18
529 4401 593 4455 labo
613 4398 671 4453 lani
689 4416 753 4453 cum
771 4400 868 4453 labero
887 4398 951 4453 odio
969 4397 1016 4452 odi
1035 4414 1096 4451 eum
1117 4398 1201 4452 odero
1222 4397 1252 4450 F
1267 4396 1331 4452 odio
1350 4396 1397 4451 odi
1415 4414 1478 4451 cum

177 4482 261 4537 odero
280 4482 345 4536 lauo
364 4481 422 4535 laui
442 4499 503 4534 cum
522 4480 662 4534 laueroL
734 4479 808 4550 sero]
828 4494 894 4533 seno
914 4476 944 4530 F
1017 4482 1049 4531 19
1068 4476 1133 4547 siri]
1153 4476 1207 4530 sini
1227 4476 1257 4530 F
1329 4493 1398 4532 cauo
1417 4477 1480 4531 ceui

177 4567 321 4661 cu11l⁰uer0
336 4622 422 4661 cauco
437 4605 500 4659 caui
513 4622 576 4659 cum
590 4622 690 4660 cauero
712 4604 742 4658 F
757 4620 843 4659 cauco
862 4603 924 4658 ceni
941 4619 1004 4657 cum
1023 4618 1124 4657 ceucro
1142 4600 1264 4672 (decipio
1281 4601 1346 4656 inde
1365 4599 1480 4655 cauilla-

176 4690 221 4740 tor
234 4702 366 4755 euperem.
382 4687 401 4752 f)
421 4701 506 4739 caneo
526 4683 589 4739 caui
607 4701 670 4739 cum
690 4700 790 4740 caruero
808 4684 834 4737 L
853 4699 938 4738 cauco
957 4681 1021 4737 caui
1039 4700 1103 4736 cum
1123 4699 1230 4739 caueto
1242 4682 1271 4736 P
1320 4687 1353 4735 21
1373 4680 1480 4735 breuia·

176 4766 429 4902 {aprlthtsprarI‘haec
449 4765 479 4818 F
539 4771 573 4820 23
592 4765 701 4834 pendeo
721 4762 841 4834 pependi
858 4761 945 4817 tando
964 4763 996 4817 F
1055 4768 1089 4817 Ἡ
1108 4779 1216 4832 speram
1237 4762 1297 4816 FL
1364 4761 1478 4832 longam
