3316 5474
164 383 231 448 408
492 462 496 477 Ι
726 381 899 437 DOSITHEI

162 483 316 534 amum

646 562 706 627 DE
729 560 977 627 ΡΑΒΤΙΟΙΡΙΟ

253 710 444 790 Participium
472 717 518 770 est
548 710 637 772 dictio
668 712 814 790 originem
847 709 966 771 trahens
994 728 1010 769 a
1039 710 1156 769 nornine
1185 717 1215 768 et
1238 726 1254 768 a
1277 708 1373 769 verbo
1404 728 1474 771 eum

164 824 297 896 tempore
332 826 362 878 et
393 835 463 878 casu
496 828 526 879 et
557 836 676 897 genere.
724 819 913 898 participium
936 825 1045 878 ‘autem
1079 815 1191 877 dictum
1223 814 1355 897 videtur,
1391 817 1473 897 quod

165 932 278 1001 partem
302 927 398 1004 capiat
421 926 563 1006 nominis,
586 933 700 1005 partem
724 924 814 985 verbi.
859 925 1014 1005 participio
1038 923 1176 983 accidunt
1194 941 1210 982 a
1229 925 1348 984 nomine
1374 943 1473 1004 genus

165 1038 195 1090 et
218 1049 317 1113 casus,
344 1049 360 1091 a
391 1031 481 1092 verbo
512 1031 637 1110 qualitas
664 1038 695 1092 et
724 1038 858 1112 tempus,
886 1030 921 1091 ab
951 1040 1079 1110 utroque
1108 1048 1250 1090 numerus
1275 1025 1280 1109 Ι
1305 1037 1336 1090 et
1365 1031 1511 1111 figuras

164 1156 272 1216 genera
296 1140 459 1218 participiis
477 1138 627 1218 accidunt,
651 1137 854 1219 masculinum,
878 1146 910 1198 ut
929 1136 976 1197 hic
996 1139 1105 1218 iactus,
1129 1138 1316 1217 femininum,
1341 1147 1376 1198 ιιι
1395 1137 1471 1199 haee

165 1246 249 1325 iacta,
268 1255 420 1328 neutrum,
444 1255 476 1307 ut
491 1245 546 1306 hoc
562 1246 685 1326 iactum,
708 1263 879 1327 commune,
902 1252 936 1305 ιιι
950 1245 1073 1305 iaciens:
1102 1253 1248 1325 tempora,
1262 1246 1472 1327 praeteritum,

165 1361 199 1413 ut
220 1353 378 1433 iaculatus,
401 1370 555 1434 praesenS,
579 1361 612 1414 nt
630 1352 769 1426 iaculans,
792 1353 935 1427 luterum,
959 1359 992 1411 ut
1011 1350 1201 1412 iaculatores.
1233 1350 1358 1429 qualitas
1376 1354 1471 1430 parti·

165 1460 311 1539 cipiorum
330 1462 407 1521 sicut
426 1459 598 1521 verborum:
616 1469 668 1520 aut
685 1461 765 1520 enim
785 1461 900 1538 agentia
918 1467 988 1520 sunt
1007 1467 1057 1519 aut
1076 1459 1216 1537 patientia
1235 1465 1285 1518 aut
1299 1461 1471 1521 communia

165 1574 216 1627 aut
238 1576 344 1628 neutra
368 1575 418 1628 aut
441 1566 626 1647 deponentia.
672 1565 871 1627 comitandus
893 1584 952 1626 non
971 1566 1112 1646 dicimus;
1135 1565 1348 1626 convivandum
1368 1574 1471 1628 tamen
1485 1583 1511 1623 ro

167 1673 293 1734 dicimus
317 1675 410 1753 figura
432 1676 502 1756 ista,
532 1693 588 1754 qua
614 1675 643 1734 in
667 1673 805 1734 omnihus
834 1671 932 1734 verbis
960 1674 1085 1752 utimur,
1113 1670 1284 1733 luctandum
1313 1671 1385 1731 mihi
1415 1683 1471 1734 est.

165 1783 281 1842 numeri
305 1780 377 1861 duo,
401 1780 559 1861 singularis
583 1790 613 1841 et
640 1780 770 1861 pluralis.
817 1782 927 1859 figurae
955 1779 1044 1860 duae,
1077 1778 1201 1858 simplex
1234 1788 1263 1839 et
1295 1783 1469 1858 composite.

255 1887 330 1949 Sunt
354 1888 444 1949 murita
469 1890 586 1948 nomina
610 1906 685 1967 quae
710 1890 840 1967 speciem
863 1888 1086 1966 participiorum
1110 1886 1233 1968 liabent,
1261 1895 1293 1948 ιιι
1317 1889 1471 1949 tunicatus

165 1995 309 2074 galeatus3
342 2014 416 2074 quae
449 1998 522 2070 quia
554 2003 668 2073 partem
696 2013 711 2054 a
740 1992 830 2054 verbo
863 2012 921 2053 non
954 1992 1077 2075 hahent,
1110 2012 1169 2054 non
1203 2001 1283 2054 reete
1313 1996 1470 2075 partieipia

165 2102 314 2162 dicuntur.
360 2110 430 2163 sunt
453 2100 584 2181 aequalia
608 2103 741 2183 nomina,
769 2118 843 2179 quae
868 2102 1045 2161 nominativo
1074 2118 1144 2160 casu
1173 2101 1336 2180 participiis
1360 2101 1510 2162 similiare

166 2207 316 2289 videntur,
344 2217 376 2269 ut
400 2207 498 2268 cultus
522 2226 626 2287 passus
650 2210 744 2288 visus,
772 2225 901 2287 quorum
924 2207 1066 2268 discretio
1090 2205 1284 2267 declinatione
1309 2205 1468 2287 detegitur.

255 2315 328 2375 lllud
361 2313 576 2376 observandum
610 2325 669 2395 est,
705 2313 937 2393 inpersonalium
969 2312 1127 2374 verborum
1160 2316 1279 2374 omnino
1313 2316 1469 2395 partieipia

167 2441 226 2482 non
247 2440 327 2501 esse,
346 2424 478 2499 qutamvis
498 2424 591 2482 visum
612 2423 702 2481 inerit
722 2420 849 2481 Salustio
868 2420 967 2494 dicere
987 2416 1246 2500 ‘paenitentem
1265 2417 1470 2503 Lepidum'5

166 2536 197 2588 et
219 2529 343 2608 pudens.
393 2528 444 2588 sed
473 2530 565 2607 magis
593 2526 748 2607 appellatio
777 2545 865 2606 quam
892 2529 1079 2607 participium
1107 2536 1167 2608 est,
1195 2518 1212 2588 ὁ
1238 2521 1471 2609 αἰσχυντηρός,

166 2635 245 2696 unde
269 2634 416 2714 inpudens
439 2625 457 2696 ὁ
482 2625 712 2715 ἀναίσχυντος.
1485 2654 1513 2693 eo

661 2861 721 2927 De
745 2860 972 2927 ADVERBIO

255 3008 399 3070 Adverhia
422 3018 473 3070 aut
496 3028 566 3070 suae
589 3011 745 3088 positionis
768 3018 838 3069 sunt
861 3018 911 3069 aut
939 3007 975 3068 ab
1004 3007 1067 3067 aliis
1096 3017 1260 3070 transeunt.
1306 3029 1322 3069 a
1346 3029 1378 3070 se
1403 3030 1470 3072 nas·

167 3125 290 3197 ciuntur,
322 3124 356 3177 ut
387 3115 452 3176 heri
483 3134 592 3195 nuper,
629 3114 665 3175 ab
697 3114 781 3196 aliis,
815 3115 900 3176 docte
933 3114 1103 3194 prudenter.
1158 3115 1297 3176 adverbio
1330 3117 1472 3180 accidunt

168 3224 341 3303 significatio
365 3224 545 3303 comparatio
569 3224 671 3302 ligura.

257 3330 492 3409 significationes
503 3329 709 3391 adverbiorum
721 3328 828 3389 miritae
844 3335 914 3389 srtnt
928 3327 1087 3410 σημασίαι
1102 3322 1334 3409 ἐπιρρημάτων
1348 3330 1477 3394 πολλαί
1486 3359 1513 3399 25

170 3443 237 3450 -.-..
282 3443 334 3449 —-
338 3443 380 3449 ..—

258 3493 348 3548 Codex
366 3492 561 3561 Sucronensis.
599 3491 827 3547 111uotuendum
902 3497 934 3544 14
949 3490 1016 3560 quie
1029 3508 1079 3546 om.
1155 3499 1186 3546 15
1201 3493 1330 3548 dicuntur
1344 3495 1380 3549 al.
1395 3512 1472 3551 oran.

167 3575 379 3642 superscriptum
398 3577 435 3626 est
508 3578 541 3626 18
560 3572 732 3641 penitentem
803 3578 838 3625 20
856 3565 1053 3642 ἀναίσχυντος]
1073 3592 1241 3640 arcesarces
1318 3579 1352 3627 25
1371 3574 1471 3629 aduer-

168 3655 276 3708 biorum
296 3650 512 3721 significationes
531 3654 596 3705 eunt
614 3652 719 3706 multae
737 3651 876 3719 significet
900 3654 1048 3719 (eom-aut)
1072 3651 1145 3705 enim
1170 3655 1281 3722 tempus
1304 3654 1412 3707 finitum
1439 3659 1473 3709 nt

168 3734 312 3803 diequarte
342 3751 382 3793 εις
410 3750 544 3802 resorptus
568 3731 651 3785 hodie
669 3738 773 3802 σημιρό
794 3748 854 3786 cras
874 3750 956 3800 copto
974 3731 1106 3799 perendie
1129 3750 1199 3800 perc
1222 3752 1273 3800 την
1301 3751 1401 3801 ceptor
1429 3753 1472 3798 εις

169 3832 201 3879 tn
220 3831 314 3881 τριτην
334 3810 379 3864 die
398 3815 497 3879 quarto
517 3830 557 3874 εις
575 3832 608 3879 τη
627 3829 740 3879 recepte
760 3829 849 3879 ημερα
868 3810 934 3864 here
952 3812 981 3863 et
999 3810 1060 3864 heri
1078 3813 1151 3878 χθης

258 3977 290 4026 ra
310 3970 381 4025 sunt
399 3970 489 4025 mutia
507 3971 630 4043 nomina]
652 3971 757 4026 coam.
773 3975 924 4040 p.180,20
941 3969 1471 4041 Dtom.p.402,231tonat.p.aee,12

206 4057 238 4107 te
257 4067 328 4121 quoe
347 4067 411 4104 cum
429 4053 539 4119 partem
561 4051 640 4106 verbi
663 4069 717 4106 non
741 4050 864 4105 habeant
882 4049 1038 4116 martem,
1065 4068 1136 4120 quae
1164 4050 1231 4119 quia
1257 4069 1275 4105 e
1301 4052 1385 4106 verbo
1413 4069 1472 4108 non

171 4132 284 4187 veniunt
305 4130 449 4185 Diomedes
526 4137 558 4186 17
586 4131 659 4185 Illud
687 4129 903 4201 observandum]
932 4131 1023 4185 Diorn.
1047 4147 1076 4199 p.
1105 4136 1205 4197 ecem
1280 4137 1311 4185 18
1336 4130 1471 4200 salustio]

169 4213 296 4281 quamvis
324 4211 472 4267 Sallustius
501 4212 604 4266 dixerit
634 4211 664 4266 in
696 4211 787 4281 prima
817 4208 935 4264 historie
963 4210 1111 4279 ‘Lepidum
1141 4213 1330 4280 paenitentem
1354 4212 1470 4267 oonsili'

171 4294 313 4347 Ultorieius
327 4310 357 4361 p.
376 4296 476 4355 253,11
549 4297 583 4344 22
603 4291 754 4360 Aduerbie]
776 4290 882 4343 Glrora'e.
897 4307 927 4358 p.
948 4296 1053 4356 18⁰,28
1125 4297 1158 4344 25
1178 4293 1401 4362 Significationes
1421 4293 1472 4346 ad-

170 4373 340 4442 verbiorum]
361 4371 466 4426 Ultoris.
481 4388 511 4439 p.
531 4374 661 4438 18724':
680 4373 715 4439 ef.
734 4371 826 4423 Diem.
844 4385 873 4437 p.
888 4373 969 4438 4044
989 4411 995 4422 .
1017 4368 1237 4439 Significationee
1249 4403 1280 4410 -
1292 4378 1385 4439 411,1t
1407 4390 1472 4441 pro-

170 4452 283 4507 hibendi
302 4468 336 4506 ne
355 4448 393 4519 μή
412 4468 482 4505 neve
501 4447 569 4520 μήτε
589 4454 695 4520 scripto
712 4455 777 4504 sunt
794 4449 827 4502 ia
845 4450 934 4503 codice
954 4451 1117 4505 Monoceoei
1135 4456 1188 4504 601
1209 4452 1267 4518 (M)
1347 4469 1472 4520 σημασια

170 4534 385 4603 significationes
402 4533 406 4603 Ι
423 4550 602 4600 επιρηματων
620 4531 816 4587 aduerbiornm
831 4532 836 4598 Ι
852 4534 940 4583 nolio
959 4549 1030 4584 stow
1048 4530 1154 4585 multae
1169 4534 1233 4584 sunt
1248 4534 1252 4599 Ι
1269 4549 1397 4599 opportere
1417 4551 1472 4598 pop

170 4613 310 4682 significet
328 4612 402 4666 euim
418 4615 422 4679 Ι
438 4631 546 4680 provee
565 4631 603 4673 ως
621 4615 731 4681 tempus
750 4613 782 4664 ut
800 4611 841 4678 (in
858 4626 943 4680 morp.
963 4611 1083 4679 finitum)
1098 4613 1103 4679 Ι
1120 4629 1240 4679 σημερον
1259 4611 1341 4666 hodie
1362 4614 1367 4678 Ι
1387 4633 1471 4683 αυριο

170 4709 232 4747 crea
257 4695 261 4760 Ι
286 4711 356 4759 μετα
380 4711 430 4758 την
453 4711 553 4759 ceptor
576 4692 709 4760 perendie
734 4697 737 4758 Ι
763 4709 803 4752 εις
825 4707 955 4756 turpisne
979 4690 1008 4743 in
1026 4690 1071 4744 die
1089 4691 1173 4744 tertio
1200 4695 1204 4759 Ι
1230 4710 1271 4752 εις
1297 4711 1330 4758 τη
1357 4709 1470 4759 recepte

172 4775 273 4842 quarto
299 4775 303 4839 Ι
330 4790 420 4840 ημερα
439 4776 512 4840 ttius
539 4771 584 4826 die
607 4772 667 4825 heri
692 4773 735 4839 (ira
751 4787 838 4839 uturp
858 4771 978 4837 ethere)
1001 4789 1095 4838 corrue
1118 4789 1208 4838 ημιρα
1227 4770 1446 4825 nudiustertius
1467 4780 1471 4815 i

170 4871 235 4922 προι
255 4863 308 4921 our
328 4869 389 4906 sero
405 4854 409 4923 Ι
426 4869 506 4906 mene
525 4867 640 4920 uespere
656 4856 660 4921 Ι
677 4870 782 4919 conspe
801 4870 901 4914 ventor
919 4850 1045 4919 uesperto
1064 4853 1145 4906 nocte
1166 4852 1201 4903 M
