3316 5474
451 358 463 385 b

269 382 334 445 444
758 382 935 440 Altvslnnl
953 384 1072 441 Msssn

269 566 442 629 arbitrarer:
472 568 594 629 moleste
623 568 753 629 ferebam
782 588 873 631 rrnvrm
902 570 973 631 mibi
1001 572 1177 632 drusianam
1206 568 1324 651 deesse,
1353 590 1452 651 quem
1484 580 1589 633 nmen

269 673 380 736 editum
414 677 443 736 in
478 674 648 737 Stubeiiano
681 676 769 737 Fabri
801 676 940 739 thesauro
973 678 1187 739 inaudiveram:
1223 676 1312 757 idque
1348 679 1588 741 incommodum

269 781 437 844 Guaiterius
465 802 481 844 a
511 802 556 845 me
589 802 648 844 non
680 782 737 844 levi
770 802 825 845 suo
858 785 1043 846 incommodo
1075 780 1209 865 depulit?
1253 784 1400 847 lectiones
1431 797 1541 850 autem
1568 804 1585 847 a

268 889 426 952 Garatonio
441 890 587 952 exhibitae
603 911 619 951 a
633 893 733 970 priore
749 891 849 952 codice
864 892 1054 973 Neapolitano
1069 892 1217 954 interdum
1232 892 1352 972 paulum
1369 893 1584 956 dissentiunt.

268 1015 359 1077 quare
383 999 408 1058 is
432 1017 550 1078 quoque
574 997 666 1059 altero
695 998 810 1080 codice,
842 1018 930 1079 quem
964 999 998 1060 ad
1028 997 1140 1061 fleinsii
1172 999 1373 1079 apographum
1406 1001 1582 1063 adhibitum

268 1122 333 1165 esse
357 1104 431 1185 dixi,
455 1105 570 1167 videtur
592 1100 667 1167 'usus
690 1125 765 1167 csse,

357 1212 459 1273 Restat
482 1222 515 1274 ut
538 1212 574 1274 de
599 1215 746 1293 excerptis
770 1231 845 1292 quae
868 1214 898 1272 in
918 1211 1003 1273 libris
1022 1231 1110 1273 manu
1130 1215 1248 1293 scriptis
1268 1215 1386 1275 nomine
1406 1214 1579 1277 Cornelii

268 1317 462 1380 Frontonis
484 1321 625 1401 inscripta
646 1330 676 1381 et
695 1319 730 1381 ab
749 1320 881 1400 bugeio
905 1321 993 1382 Maio
1017 1321 1094 1382 edita
1119 1330 1188 1382 sunt
1211 1322 1325 1383 dicatur
1349 1368 1356 1382 .
1380 1321 1577 1384 huiusmodi

268 1426 359 1488 libros
387 1430 455 1488 novi
481 1437 543 1489 tres
570 1431 710 1489 extremis
738 1430 835 1508 quinti
862 1427 968 1489 decimi
1001 1428 1045 1489 vei
1077 1430 1180 1508 prImis
1213 1430 1304 1489 sexti·¹
1321 1427 1430 1490 decimi
1460 1428 1577 1492 saecuti

268 1535 353 1594 annis
376 1536 517 1616 scriptos,
541 1553 633 1596 eruum
648 1534 818 1597 Vaticanum
834 1533 935 1615 3402,
958 1537 1009 1615 qui
1029 1534 1098 1595 oiim
1117 1533 1211 1596 Fulvii
1232 1533 1329 1595 Vrsini
1348 1536 1418 1616 tuit,
1444 1535 1575 1598 aiterum

267 1643 338 1702 item
361 1638 533 1703 Vaticanum
557 1638 653 1723 5216,
677 1645 798 1703 tertium
822 1641 1047 1704 Ambrosianum
1072 1637 1165 1703 n498
1190 1643 1250 1723 ini,
1273 1645 1302 1702 in
1327 1642 1437 1721 quibus
1462 1644 1573 1705 codici·

270 1749 323 1810 bus
347 1749 394 1809 bic
417 1748 493 1810 liber
522 1751 705 1829 praescripto
739 1749 824 1811 titulo
851 1753 986 1811 t'oruclii
1012 1751 1173 1811 Frontonis
1201 1753 1338 1827 eecnrplu
1365 1753 1572 1813 elocutionum

268 1865 335 1936 post
358 1855 431 1916 Veiii
454 1855 547 1936 Longi
570 1867 601 1917 et
622 1857 786 1918 Adamantii
808 1856 940 1936 blartyrii
963 1856 1068 1937 libros,
1098 1858 1148 1935 qui
1173 1857 1201 1915 io
1226 1856 1424 1936 Neapolitanis
1449 1876 1571 1938 quoqne

271 1963 423 2024 codicibus
447 1975 514 2025 ante
538 1963 620 2025 iilum
648 1966 752 2044 scripti
780 1973 864 2045 sunt,
896 1963 1017 2043 legitur:
1050 1964 1086 2024 ci.
1116 1982 1236 2042 gramm.
1260 1962 1307 2024 lat.
1333 1983 1357 2024 v.
1381 1962 1417 2023 Vi
1441 1983 1470 2044 p.
1495 1962 1572 2026 247.

270 2070 374 2131 iisdem
398 2069 482 2131 bbris
505 2080 535 2132 et
558 2069 673 2131 duobus
697 2081 815 2151 praeter
843 2070 897 2131 hos
920 2070 1066 2131 Vaticanis
1089 2070 1183 2131 biaius
1212 2089 1284 2131 usus
1312 2079 1370 2150 est,
1398 2089 1468 2131 cnm
1498 2071 1571 2132 haec

269 2189 408 2258 excerpta
431 2179 535 2240 eodem
560 2177 658 2258 titulo,
681 2196 770 2257 quem
794 2177 880 2237 modo
904 2196 939 2238 ex
964 2196 1050 2238 manu
1075 2180 1194 2258 scriptis
1218 2176 1301 2237 libris
1325 2176 1455 2259 exhibui,
1484 2197 1570 2258 prae·

270 2288 380 2366 scripto
404 2285 506 2347 ederet
525 2333 531 2346 .
550 2284 586 2346 de
611 2282 763 2345 codicibus
780 2292 892 2365 autem,
916 2302 991 2364 quos
1010 2291 1216 2364 usurpaverat,
1239 2286 1268 2344 in
1289 2283 1417 2343 nomana
1438 2283 1570 2345 editione

269 2393 341 2454 baec
369 2393 529 2472 adnotavit,
562 2386 802 2452 ‘Granuuaticum
830 2390 1006 2470 opusculum
1034 2390 1166 2470 exempla
1194 2391 1394 2451 elocutionum
1426 2390 1570 2453 tribuitur

269 2499 405 2561 Cornelio
428 2499 571 2560 Frontoni
602 2500 632 2559 in
661 2501 792 2579 quinque
820 2497 972 2559 codicibus
995 2482 1013 2557 a
1035 2516 1081 2558 me
1109 2496 1286 2578 observatis,
1317 2499 1348 2557 in
1380 2497 1569 2559 ambrosiano

270 2606 407 2668 videlicet
430 2625 489 2668 uno
513 2614 543 2667 el
565 2607 596 2666 iu
620 2615 747 2684 quatuor
771 2607 924 2684 vaticanis,
948 2623 1074 2683 quornm
1099 2614 1196 2665 tamen
1221 2623 1297 2664 rrnrrs
1321 2606 1440 2663 nonnisi
1459 2603 1570 2666 selecta

269 2714 412 2794 quaedam
435 2713 537 2787 babet,
561 2731 635 2793 quac
660 2712 695 2772 ab
720 2711 878 2792 exemplari
901 2711 1000 2772 basilii
1023 2711 1142 2772 Zanchii
1166 2730 1253 2772 manu
1277 2713 1388 2790 scripto
1411 2711 1570 2794 desumpta

169 2886 172 2890 ,
268 2816 423 2882 dicuutur'
452 2869 458 2882 .
487 2820 537 2881 scd
572 2822 602 2880 in
635 2822 671 2879 iis
704 2838 778 2899 quae
806 2819 901 2879 biaius
933 2818 1039 2880 horum
1071 2819 1206 2879 codicum
1239 2821 1417 2898 scripturam
1445 2827 1569 2881 secutus

268 2929 360 2990 edidit
384 2946 441 2989 non
467 2928 561 2989 solum
590 2925 721 3006 exempla
751 2928 943 3007 scriptorum,
971 2944 1046 3005 quae
1070 2927 1278 3005 grammaticus
1300 2933 1454 3006 posuerat,
1479 2945 1569 3008 saepe

268 3036 458 3116 neglegenter
491 3037 600 3114 scripta
634 3042 663 3094 et
695 3035 811 3093 omissis
844 3032 1018 3112 quibusdam
1052 3031 1200 3093 vocabulis
1232 3032 1380 3092 interdum
1412 3032 1570 3095 decurtata

268 3142 311 3203 vei
344 3142 429 3222 plane
457 3145 578 3221 omissa,
611 3159 712 3201 verum
745 3142 846 3220 etiam,
879 3140 908 3209 iu
937 3142 1101 3218 posteriore
1130 3141 1254 3199 maxime
1283 3139 1350 3200 iibri
1379 3148 1477 3220 parte,
1512 3140 1569 3203 hoc

267 3261 312 3311 est
345 3249 413 3311 inde
446 3248 482 3308 ab
515 3246 732 3308 elocutionibus
760 3245 796 3306 ab
825 3248 834 3306 i
861 3245 958 3307 littera
986 3246 1210 3326 incipientibus,
1240 3245 1349 3307 multae
1382 3246 1570 3309 elocutiones

267 3376 334 3419 cum
364 3359 425 3418 suis
453 3355 596 3434 exemplis
624 3356 748 3415 omissae
777 3362 877 3414 sunt.
906 3370 980 3432 quae
1013 3355 1110 3414 omnia
1143 3361 1245 3433 postea
1277 3351 1497 3415 Lindemannus
1532 3376 1568 3418 ex

267 3465 400 3526 Gudiano
424 3463 525 3525 codice
550 3461 727 3542 supplevit.
751 3461 904 3539 inpriore
936 3478 1005 3519 vero
1032 3459 1101 3520 iibri
1129 3469 1212 3540 parte
1242 3459 1398 3540 quaedam,
1430 3480 1507 3540 quae
1537 3466 1568 3525 iu

267 3571 408 3651 exemplis
441 3573 620 3651 scriptorum
654 3567 730 3648 apud
755 3568 933 3627 brusianum
966 3576 1105 3646 corrupta
1138 3576 1234 3648 erant,
1268 3569 1298 3626 in
1332 3567 1376 3628 bis
1405 3567 1569 3632 Frontonis

267 3680 416 3757 excerptis
439 3696 475 3737 ex
499 3678 631 3757 ipsorum
654 3676 834 3753 scriptorum
859 3671 942 3732 libris
962 3682 1095 3734 correcta
1114 3683 1184 3734 sunt
1202 3721 1208 3735 .
1228 3683 1346 3753 praeter
1365 3674 1437 3736 haec
1457 3685 1569 3760 autem,

266 3803 341 3864 quae
366 3783 549 3863 neglegentia
573 3782 618 3842 vei
642 3781 763 3842 consilio
788 3782 853 3841 eins
875 3782 927 3859 qni
951 3787 1088 3860 excerpta
1108 3780 1179 3841 iecit
1197 3790 1306 3842 mutata
1326 3792 1404 3863 sunt,
1422 3782 1568 3847 lectiones

267 3912 282 3952 a
310 3891 385 3953 Maio
413 3889 560 3951 exhibitae
589 3891 629 3949 ita
662 3906 729 3948 cum
761 3887 937 3967 apographis
965 3887 1102 3948 drusiani
1135 3891 1337 3970 consentiunt,
1372 3900 1403 3950 ut
1435 3889 1568 3952 dubitari

249 3996 394 4079 ‘nequeat
416 4000 487 4079 quin
513 3997 543 4058 hi
567 4014 685 4076 quoquo
709 3994 777 4056 libri
800 3994 848 4054 ad'
864 3994 942 4055 idem
970 3992 1175 4074 archetypum,
1203 4013 1238 4054 ex
1263 4014 1321 4074 quo
1345 3995 1393 4054 iila
1416 3995 1566 4076 descripta

266 4116 350 4186 sunt,
373 4104 529 4166 revocandi
553 4104 613 4163 sint
636 4105 790 4182 omnisque
810 4099 857 4160 ilia
878 4102 1001 4161 mutatio
1025 4099 1105 4161 italis
1123 4102 1222 4180 potius
1238 4119 1324 4179 quam
1340 4104 1432 4161 reteri
1447 4102 1566 4164 cuidam

265 4215 456 4294 grammatico
480 4209 636 4271 tribuenda
659 4210 723 4268 sit.
743 4206 933 4268 lurcacccdit
956 4206 1034 4286 quod
1058 4205 1182 4267 aliorum
1206 4209 1463 4286 grammaticorum
1487 4207 1567 4291 libri,

265 4325 316 4403 qui
331 4341 389 4382 una
404 4339 472 4381 cum
486 4318 624 4379 drusiani
646 4314 721 4375 libro
747 4333 780 4374 er
800 4313 939 4374 bobiensi
963 4313 1064 4374 codice
1089 4314 1231 4393 descripti
1254 4316 1283 4373 in
1299 4313 1400 4373 codice
1415 4314 1567 4378 Parrhasii

266 4429 417 4510 leguntur,
450 4427 484 4488 ad
513 4425 578 4486 ilios
607 4423 711 4503 libros,
745 4425 774 4482 in
803 4421 911 4502 quibus
941 4430 1080 4501 excerpta
1114 4440 1188 4500 quac
1216 4421 1358 4482 Frontoni
1391 4421 1568 4486 tribuuntur

266 4539 375 4616 scripta
399 4544 482 4614 sunt,
506 4552 541 4594 ex
565 4532 620 4593 boc
645 4533 709 4609 ipso
732 4528 913 4608 apographo,
936 4547 995 4589 non
1020 4548 1055 4590 ex
1075 4529 1214 4589 bobiensi
1233 4529 1392 4609 archetypo
1411 4535 1567 4610 propagati

266 4653 334 4703 sum
358 4690 365 4702 .
389 4661 424 4701 ex
449 4659 508 4720 quo
532 4640 677 4719 suspicari
701 4654 859 4716 possumus
883 4634 955 4695 haec
979 4653 1096 4715 quoque
1116 4644 1254 4714 excerpta
1274 4654 1309 4694 ex
1329 4636 1432 4696 eodem
1452 4637 1568 4722 codiee,

265 4768 300 4808 ex
321 4768 379 4828 qno
399 4748 505 4827 reliqui
528 4747 597 4806 libri
621 4744 763 4822 descripti
786 4751 879 4822 crant,
902 4742 976 4801 iacta
1001 4751 1031 4802 et
1050 4744 1146 4822 ipsum
1166 4740 1324 4802 Frontonis
1344 4761 1460 4823 rrevnren,
1485 4747 1566 4825 quod

265 4858 301 4917 iis
329 4857 505 4933 inscriptum
535 4864 593 4933 est,
625 4872 660 4912 ex
688 4850 737 4911 illo
767 4852 891 4929 petitum
921 4868 994 4909 csse.
1041 4849 1092 4909 seri
1122 4851 1260 4928 qnoniam
1289 4850 1380 4910 codex
1407 4851 1567 4936 Farrirasii,
