3316 5474
612 368 659 423 DE
680 365 969 422 ORTHOGRAPHIA
1395 371 1437 432 27

132 480 154 516 p.
169 470 229 507 esso.
245 470 269 507 er
285 469 309 506 r.

133 557 163 614 in
187 555 318 613 convivit
341 572 396 613 nec
421 555 450 612 in
475 555 632 633 consumit,
657 563 687 613 et
710 553 804 614 sicubi
818 553 914 632 ‚mirga
937 561 1080 632 sequatur
1099 563 1150 615 aut
1168 563 1273 617 natura
1293 565 1343 616 ant
1362 557 1440 634 posi·

134 662 225 743 tione,
248 662 306 720 nisi
330 659 425 719 media
450 678 616 719 consonans
640 660 749 739 liquida
773 655 897 740 lueritl

222 768 397 837 Quaesitum
422 774 482 847 est,
505 765 600 827 biems
625 777 724 829 ntrum
747 786 802 847 per
824 787 859 847 ps
883 787 919 828 an
944 788 998 847 per
1022 787 1066 829 ms
1090 769 1211 829 deberet
1235 768 1339 851 scribi,
1369 789 1435 830 curn

132 873 242 951 alioqui
262 871 385 933 dubium
406 892 465 932 non
484 875 523 934 sit
542 878 613 953 qnin
633 895 687 954 per
706 892 750 934 ms
770 873 924 935 scribenda
945 877 992 948 sit,
1016 878 1153 955 quoniam
1177 879 1313 955 genetivo
1331 877 1437 936 hiemis

106 981 202 1040 ararit
223 988 253 1039 et
273 982 411 1058 qnoniam
432 998 485 1058 per
506 1001 523 1060 p
543 992 572 1042 et
591 1001 606 1040 s
626 1000 658 1040 ea
675 980 855 1052 scribuntur,
875 1000 950 1058 quae
966 983 1043 1061 apud
1058 983 1187 1042 Graecos
1202 987 1233 1042 in
1248 983 1277 1044 Ψ
1291 983 1438 1045 desinunt.

135 1087 209 1146 banc
234 1095 333 1149 autem
353 1105 412 1147 non
432 1090 461 1147 in
481 1087 516 1157 Ψ,
529 1088 665 1150 desinere
686 1088 873 1147 manifestum
894 1098 992 1148 estex
1014 1108 1058 1169 eo,
1082 1089 1159 1168 qnod
1180 1108 1256 1167 quae
1275 1089 1323 1150 illa
1342 1091 1440 1152 littera

134 1196 334 1253 terminantur
363 1202 414 1254 arrt
444 1195 473 1252 in
502 1212 579 1267 πος,
609 1202 642 1252 nt
671 1188 787 1267 Πέλοψ
815 1195 982 1273 Πέλοπος,
1010 1204 1061 1255 aut
1089 1199 1119 1256 in
1146 1196 1207 1276 βος
1230 1197 1385 1279 desinunt,
1409 1208 1441 1260 nt

135 1295 225 1378 φλέψ
253 1293 386 1378 φλεβός.
427 1300 523 1361 biems
551 1310 648 1361 autern
678 1309 812 1360 neutram
836 1301 941 1361 barum
966 1299 1142 1379 syllabarum
1165 1305 1302 1380 genetivo
1327 1306 1440 1383 recipit.

133 1409 204 1467 item
229 1425 288 1466 non
312 1415 440 1484 constat,
471 1406 631 1467 obscurum
660 1415 762 1467 utrum
786 1425 839 1485 per
863 1407 901 1466 ob
925 1426 960 1467 an
986 1427 1039 1487 per
1063 1427 1100 1486 op
1124 1407 1230 1468 debeat
1254 1410 1357 1491 scribi,
1386 1431 1441 1471 nec

96 1525 121 1563 1⁰
136 1515 234 1572 minus
253 1510 379 1572 observo
399 1513 511 1593 obsido,
531 1532 598 1574 cnm
619 1516 647 1573 in
668 1514 725 1574 illis
744 1512 762 1572 b
782 1513 878 1573 littera
899 1513 1051 1573 evidenter
1069 1532 1176 1575 sonum
1196 1534 1282 1576 sunm
1303 1517 1439 1577 vindicet.

136 1638 193 1678 non
225 1628 328 1679 carent
360 1622 532 1697 quaestione
564 1622 651 1681 etiam
684 1619 767 1698 plebs
798 1628 829 1680 et
859 1619 931 1679 urbs
961 1630 991 1679 et
1021 1621 1140 1700 Pelops,
1173 1640 1248 1698 quae
1279 1622 1370 1683 Varro
1401 1628 1440 1685 ita

135 1726 304 1805 distinguit,
333 1736 366 1787 ut
389 1745 442 1805 per·
465 1726 483 1785 b
508 1737 537 1786 et
560 1748 575 1787 s
598 1747 632 1786 ea
656 1728 835 1787 nominativo
859 1745 930 1786 casu
959 1736 1044 1806 putet
1074 1747 1138 1787 esse
1168 1728 1337 1808 scribenda,
1365 1750 1440 1809 qnae

135 1833 258 1892 eandem
283 1833 409 1893 litteram
434 1835 570 1912 genetivo
593 1836 747 1907 sinpulnri
772 1831 910 1911 reddant,
939 1841 971 1891 nt
1001 1832 1085 1911 plebs
1112 1833 1221 1914 plebis,
1249 1835 1322 1895 urbs
1349 1837 1442 1917 urbis,

135 1959 168 1999 ea
188 1957 258 1999 rero
277 1958 368 2018 perp
393 1949 469 2018 ets,
493 1959 567 2017 quae
592 1940 728 2001 similiter·
751 1941 886 2017 genetiuo
910 1938 1043 1999 eiusdem
1068 1939 1175 2016 [modii
1201 1945 1317 2002 numeri
1340 1945 1369 2003 in
1394 1947 1440 2022 pis

97 2056 121 2095 ¹⁵
136 2053 309 2125 excurrant,
342 2054 375 2106 nt
403 2046 509 2125 Pelops
537 2045 662 2124 Pelopis.
701 2046 752 2104 sed
782 2043 867 2104 nobis
898 2054 1058 2123 utrumqne
1089 2067 1142 2126 per
1169 2067 1204 2127 ps
1236 2048 1441 2110 videturesse

136 2151 337 2234 scribendum,
359 2156 498 2231 qnoniam
523 2173 557 2212 ειι
581 2151 627 2211 bis
651 2151 680 2213 Ψ
704 2151 801 2211 littera
825 2160 951 2230 constet,
975 2170 1063 2229 (qnam
1087 2156 1223 2232 gerretiro
1242 2155 1371 2217 diximus
1390 2168 1441 2219 ant

135 2262 164 2319 in
189 2260 235 2319 bis
260 2268 311 2320 ant
333 2262 363 2319 in
387 2263 432 2338 pis
456 2263 545 2320 exire.

225 2365 299 2434 Quis
323 2365 441 2444 quidam
465 2385 519 2446 per
542 2368 605 2427 cuis
629 2364 773 2446 scribunt,
797 2369 936 2443 quioniam
956 2347 1169 2446 supervacuam
1188 2388 1254 2429 esse
1274 2389 1291 2448 q
1311 2371 1439 2432 litteram

135 2482 248 2551 putant.
278 2472 329 2531 sed
350 2492 404 2532 nos
423 2492 491 2533 cnm
511 2471 596 2533 illan
616 2473 753 2552 litteram,
776 2475 800 2532 si
826 2473 943 2550 qnando
964 2475 1049 2533 tertia
1074 2472 1110 2532 ab
1129 2493 1163 2534 ea
1182 2476 1289 2536 vocalis
1309 2481 1438 2560 ponitur,

137 2586 349 2594 --——..-·—....

224 2627 349 2682 3hiems
363 2645 393 2696 p.
413 2633 497 2693 2i,6
580 2633 609 2680 11
631 2626 711 2696 plebs
726 2645 755 2695 p.
779 2631 819 2691 tl,
839 2633 864 2682 7.
882 2634 967 2685 21.7
1018 2628 1438 2698 ·18quirp.15,1.9.te,4

228 2780 240 2823 l
261 2770 396 2841 convivit]
420 2769 546 2824 conbibit
563 2770 658 2823 ΒΡω.
688 2771 720 2822 de
739 2786 790 2823 con
815 2773 1016 2838 praepositione
1038 2773 1146 2825 diverso
1160 2779 1357 2841 praeceperant
1377 2775 1440 2829 Cae·

136 2853 228 2906 scutra
251 2853 328 2920 apud
352 2851 473 2906 Cassiod.
494 2869 524 2918 p.
549 2856 621 2905 2314
646 2857 669 2904 et
696 2851 809 2904 diarius
835 2851 991 2903 Victorinus
1010 2870 1040 2919 p.
1060 2858 1168 2918 11118,
1206 2852 1329 2907 Scaurus
1352 2860 1441 2908 aretem

138 2932 167 2984 ia
184 2933 234 2986 boe
252 2948 356 3000 quoquc
373 2933 452 2985 aerbo
466 2933 619 2999 prudentae
636 2932 758 3000 syllabae
776 2932 925 2998 eaerrrpluat
941 2932 1064 2998 posuisse
1083 2932 1188 2984 videtur
1278 2940 1293 2985 3
1314 2934 1442 3002 hiempns

138 3012 229 3064 utrum
248 3028 298 3080 per
316 3011 359 3080 pis
378 3016 457 3080 (corr.
472 3029 523 3080 per
541 3015 585 3081 ps)
607 3012 634 3064 B
653 3013 748 3081 hyems
768 3015 860 3067 utrum
888 3029 988 3081 perpe
1007 3031 1028 3063 ιιι
1053 3012 1145 3063 utrum
1168 3009 1258 3065 hiems
1281 3029 1382 3081 perpe
1403 3015 1441 3066 P:

860 3097 873 3123 0

137 3136 170 3199 es.
192 3135 342 3202 Papiriam.
363 3138 439 3204 optut
459 3136 580 3190 Cassiod.
596 3153 624 3204 p.
644 3142 723 3190 2292
796 3136 919 3204 taliqni
933 3135 960 3186 Β
1033 3134 1099 3200 quin
1120 3152 1167 3202 per
1182 3154 1208 3187 m
1229 3137 1375 3190 scribenda
1389 3139 1440 3191 Ρω

138 3232 197 3268 cnm
218 3232 268 3284 per
285 3234 328 3269 ms
347 3216 496 3298 scribenda
512 3218 539 3269 B
616 3223 632 3269 b
652 3233 701 3286 per
716 3221 779 3284 post
798 3216 929 3283 quoniam
948 3232 998 3268 οιιι.
1018 3214 1053 3277 Β,
1072 3216 1136 3269 odd.
1156 3216 1207 3267 Pa
1285 3216 1441 3270 scribent-nr

485 3301 504 3327 .l.
530 3301 547 3327 β.

139 3339 221 3393 ΒΡω
294 3341 369 3410 apud
388 3356 486 3409 grecos
504 3301 533 3393 ‘ll
549 3339 680 3394 desinunt
695 3340 722 3391 Ρ
736 3339 810 3408 ιιριιιί
829 3356 926 3408 grecos
949 3342 973 3391 Τ
989 3338 1119 3393 desinunt
1134 3338 1160 3390 Β
1179 3340 1253 3407 apud
1273 3341 1393 3396 Graecos
1414 3345 1444 3394 Ψ

137 3420 268 3474 desinunt
286 3442 308 3474 ω
382 3428 397 3474 6
416 3421 446 3474 in
463 3423 494 3472 Ψ
506 3421 629 3474 desinere
647 3420 698 3473 Ρω
718 3420 747 3473 in
765 3419 926 3473 Ydesinere
941 3420 968 3471 Β
1041 3426 1056 3473 ‘l
1077 3420 1264 3475 terminantur
1280 3422 1333 3474 Po
1348 3422 1441 3475 termi-

139 3503 237 3554 nentur
250 3501 278 3552 B
340 3504 391 3555 aot
409 3502 437 3554 in
453 3520 516 3569 ιιος,
537 3502 568 3553 ut
582 3498 673 3561 ailon
689 3499 822 3567 πέλυκος,
842 3502 892 3552 ant
910 3498 939 3551 in
959 3501 1007 3568 βος
1021 3498 1165 3565 desirmnt,
1184 3503 1216 3553 nt
1229 3500 1306 3568 aliq
1321 3497 1439 3571 φ1ιβόςε

138 3580 233 3648 hyems
251 3582 348 3634 autem
366 3601 387 3633 ω
407 3583 456 3634 aut
475 3580 504 3633 in
521 3581 572 3633 ΠΟ
592 3582 623 3633 ut
640 3579 961 3633 ΠΗΛΟΠΥΠΗΛΟΠΟ(
980 3582 1030 3632 aut
1048 3579 1076 3631 in
1095 3581 1148 3633 hoe
1166 3580 1277 3634 desinat
1295 3586 1326 3634 ut
1345 3582 1440 3634 ΦΛΗΥ

137 3661 274 3717 ΦΛΗΒΟ(
297 3659 406 3728 hiemps
430 3663 454 3728 (s
475 3661 539 3727 ras.)
562 3662 656 3713 autem
674 3660 702 3712 B
724 3663 775 3713 aut
798 3659 832 3712 in'
851 3677 888 3712 ιιο
913 3658 986 3712 sient
1009 3663 1100 3727 netoq
1119 3665 1240 3724 πελοπος
1264 3663 1313 3714 oue
1335 3661 1363 3714 in
1388 3661 1441 3715 hoc

138 3795 246 3849 desinat
264 3796 297 3846 nt
316 3796 392 3861 φλεψ
412 3793 515 3861 olidos
533 3753 631 3862 hyemis
649 3795 744 3847 antem
763 3792 791 3844 P
885 3798 901 3846 8
922 3781 1096 3846 neutrum'B
1185 3796 1316 3864 genetivo
1336 3810 1385 3848 ora.
1405 3795 1441 3860 B,

138 3875 199 3927 add.
223 3874 275 3926 Ρω
358 3871 458 3941 recipit
476 3873 503 3925 Β
522 3872 640 3942 recipiat
660 3872 713 3925 Po
804 3879 820 3925 o
840 3873 987 3927 obscurum
1006 3875 1099 3926 utrum
1118 3890 1168 3943 per
1187 3875 1223 3930 ob
1241 3892 1277 3928 an
1295 3891 1345 3942 per
1363 3891 1400 3942 op
1418 3895 1440 3927 ω

139 3955 286 4008 obscurum
302 3954 339 4008 ob
353 3970 389 4006 an
404 3969 453 4021 per
467 3968 503 4022 op
517 3953 543 4005 Β
564 3954 709 4007 obscurum
728 3954 822 4005 utrum
842 3970 891 4021 per
905 3953 941 4007 ob
959 3955 1010 4007 aut
1027 3971 1076 4022 per
1090 3971 1126 4023 op
1148 3957 1175 4008 Ρ
1239 3961 1271 4008 10
1290 3953 1440 4007 obsidento

185 4032 312 4088 uindicet
325 4049 380 4087 non
394 4035 471 4087 earet
487 4033 539 4086 Ρω
555 4032 679 4086 uindicet
693 4035 722 4085 et
736 4049 791 4085 non
809 4036 890 4102 paret
903 4034 930 4085 B
1005 4042 1035 4088 11
1056 4038 1085 4088 et
1098 4036 1200 4104 Pelops
1214 4056 1235 4088 ω
1255 4039 1284 4089 et
1302 4034 1398 4105 pelobs
1415 4034 1442 4086 P

138 4113 269 4182 epelobs
288 4113 315 4165 B
387 4128 468 4166 uarro
488 4131 521 4166 .n.
542 4111 728 4179 addistinguit
747 4112 782 4164 P:
801 4113 836 4177 ef.
858 4112 1006 4182 Papi-rina.
1027 4116 1104 4183 aprnl
1123 4116 1243 4169 Cassiod.
1259 4133 1287 4184 p.
1309 4120 1384 4168 2291

139 4200 170 4247 12
190 4192 338 4247 scribenda
356 4207 429 4261 quae
447 4191 474 4243 Β
492 4192 582 4245 scribe
598 4208 753 4259 nouamque
767 4208 840 4260 qnae
856 4191 884 4244 P
901 4192 1049 4247 scribenda
1063 4211 1181 4264 eaquae
1201 4215 1222 4248 ω
1297 4200 1328 4247 13
1347 4194 1440 4262 singu-

140 4272 189 4326 lari
207 4288 257 4325 orn.
277 4271 361 4325 ΒΡω
454 4277 485 4323 14
503 4287 554 4339 per
571 4288 590 4339 p
609 4274 639 4325 et
656 4289 669 4324 e
690 4273 744 4325 Ρω
763 4288 813 4341 ρει
830 4289 862 4340 ps
881 4272 908 4324 B
996 4273 1072 4327 modi
1091 4289 1141 4327 ora.
1161 4295 1182 4326 ω
1272 4273 1302 4325 in
1322 4271 1366 4341 pis
1386 4273 1439 4326 Ρω

139 4353 166 4405 in
185 4369 218 4420 pe
236 4352 263 4404 Β
354 4356 386 4404 15
407 4352 553 4405 excurrant
577 4351 779 4405 ll'e'lmannsius
796 4352 829 4405 de
853 4350 934 4404 Varr.
954 4353 1015 4406 lib-r.
1034 4370 1146 4422 mamm.
1163 4371 1193 4421 p.
1212 4357 1274 4417 117,
1292 4357 1441 4407 excurrunt

139 4432 222 4486 BPa
285 4429 397 4501 Pelops]
413 4430 510 4499 pelobs
523 4428 561 4483 Β
625 4439 657 4486 16
675 4433 719 4501 Ψ]
737 4434 762 4484 Τ
776 4431 804 4483 Β
869 4447 953 4497 quam
967 4432 1093 4501 genitiuo
1107 4433 1181 4487 Pba
1196 4449 1258 4485 eam
1273 4430 1440 4500 genitiooB

218 4515 269 4566 aut
285 4511 314 4564 in
333 4510 376 4563 bis
395 4511 444 4564 eut
462 4509 491 4563 in
509 4510 553 4579 pis
572 4511 623 4563 Ρω
643 4510 740 4564 autin
759 4509 803 4564 his
822 4512 871 4563 aut
889 4511 968 4580 apis
986 4510 1014 4563 B
1123 4518 1156 4566 18
1174 4528 1223 4580 per
1241 4510 1300 4564 cuis
1320 4510 1371 4564 Pa
1390 4529 1441 4581 per

140 4590 217 4646 cuius
230 4592 259 4645 Β
331 4609 349 4659 q
369 4589 492 4645 litteram
506 4608 555 4645 οιιι.
570 4590 608 4656 Β,
623 4592 686 4645 add.
702 4591 775 4644 Plio
849 4597 881 4644 19
899 4591 1001 4659 putant
1013 4590 1041 4642 B
1059 4592 1160 4659 putem
1173 4591 1224 4643 Po
1296 4591 1344 4644 sed
1363 4592 1442 4646 nulla

140 4689 200 4725 cum
220 4674 300 4739 (corr.
320 4671 369 4725 sed
389 4678 407 4725 ιῑ
429 4676 463 4724 cir
481 4672 540 4725 ulla
558 4690 576 4725 u
596 4672 622 4741 b)
643 4671 740 4726 littera
758 4689 788 4724 a.
808 4669 832 4723 si
851 4669 962 4739 quando
980 4670 1008 4722 B
1027 4668 1077 4724 sed
1095 4686 1151 4723 non
1169 4688 1233 4724 cum
1251 4669 1311 4725 ulla
1328 4689 1346 4723 u
1365 4671 1440 4725 litte·

141 4768 198 4806 ram
217 4755 247 4810 .t,
266 4770 278 4805 s
299 4750 316 4804 .i
345 4751 458 4820 qrmndo
478 4752 506 4804 P
521 4752 570 4805 secl
589 4769 638 4805 nos
657 4768 720 4804 cnm
738 4748 790 4803 illa
808 4767 826 4802 ιι
846 4748 955 4804 literam
975 4751 1004 4802 et
1023 4765 1035 4800 s
1054 4749 1167 4817 quando
1186 4771 1207 4804 ω
1301 4751 1387 4805 tertia
1404 4752 1449 4806 ab·

142 4846 174 4883 ea
191 4831 299 4886 uocalis
318 4851 339 4884 ω
359 4831 444 4885 tertia
462 4832 498 4885 ab
518 4849 551 4885 ee
567 4831 661 4885 aoeali
678 4831 706 4884 B
725 4830 809 4885 tertia
827 4832 863 4885 ab
883 4847 915 4886 eo
933 4828 1039 4886 uocalis
1058 4828 1086 4881 P
