3316 5474
230 360 295 426 346
796 363 954 420 AVDACIS

228 461 382 509 nmmn

228 555 365 626 correpta
393 546 438 606 vel
465 545 609 626 producta
639 543 699 608 sit?
740 549 776 609 ln
804 551 978 629 imperativo
1002 548 1103 610 modo:
1133 567 1201 609 nam
1229 553 1366 628 qtrotiens
1394 559 1531 629 correpta

227 664 287 736 est,
310 655 442 715 detracta
460 673 475 714 s
494 654 592 716 littera
612 658 718 715 transit
735 657 766 715 in
785 674 816 736 c,
839 664 873 717 ut
891 655 956 735 lego
975 655 1049 734 legis
1072 654 1149 737 lege,
1173 657 1272 739 scribo
1291 657 1398 724 scribis
1417 656 1532 737 scribe;

228 762 345 843 quando
369 772 469 822 autem
488 761 634 842 producta
653 770 712 843 cst,
735 771 905 841 perseverat
923 766 955 822 iu
973 765 1161 844 imperativo,
1183 772 1218 824 ut
1237 763 1323 825 audio
1343 742 1427 825 audis
1446 768 1531 839 audi,

227 871 323 929 servio
348 871 443 946 servis
464 872 547 930 servi
569 917 576 931 .
599 872 696 930 omnis
719 889 790 949 ergo
814 872 1029 950 coniugationis
1052 873 1176 932 allectus
1196 890 1231 931 er
1250 872 1423 950 imperativo
1442 871 1532 932 modo

227 978 425 1056 cognoscitur.
1558 995 1573 1035 ⁵

147 1129 206 1180 naa
315 1109 429 1171 Genera
459 1109 617 1171 verborum
641 1119 714 1189 quot
737 1107 829 1173 sunt?
874 1110 1026 1192 Quinque,
1058 1110 1088 1172 id
1121 1121 1168 1173 est
1199 1114 1340 1192 actinrm,
1372 1114 1531 1193 passivum,

226 1224 381 1299 neutrum,
413 1235 583 1298 commune,
615 1215 775 1296 deponens.
817 1217 952 1279 Antinum
985 1217 1108 1280 verbum
1141 1218 1227 1297 quale
1260 1215 1327 1280 est?
1354 1238 1372 1276 e
1400 1219 1485 1290 Quod
1514 1238 1531 1280 r

225 1322 322 1384 littera
343 1327 531 1405 terminatur,
555 1341 612 1403 qua
636 1322 768 1403 deposita
791 1325 869 1387 redit
891 1329 922 1386 in
945 1327 1087 1408 activum,
1110 1335 1144 1386 ut
1167 1325 1232 1405 lego
1255 1325 1345 1404 legor.
1383 1325 1530 1388 Neutrum

226 1431 304 1510 quod
330 1428 396 1493 est?
432 1430 517 1503 Quod
542 1450 559 1492 o
583 1431 680 1492 littera
704 1434 881 1493 terminatur
904 1441 934 1494 ct
957 1451 973 1492 r
995 1433 1123 1494 litteram
1147 1450 1206 1492 non
1231 1433 1349 1511 recipit,
1377 1441 1411 1493 ut
1439 1453 1529 1495 curro

226 1538 312 1618 vigilo
341 1587 348 1600 .
377 1541 441 1601 eius
474 1540 704 1619 significationes
737 1548 807 1600 sunt
838 1539 925 1602 duae:
960 1549 1011 1601 aut
1038 1542 1117 1600 enim
1146 1538 1252 1619 agendi
1280 1541 1336 1598 rim
1366 1537 1467 1619 habet,
1496 1549 1530 1602 ut
1545 1557 1572 1595 ιο

225 1645 314 1706 sedeo
338 1665 441 1727 curro,
464 1655 514 1707 aut
536 1645 681 1727 patiendi,
704 1656 737 1706 ut
760 1646 842 1726 algeo
867 1647 979 1728 vapulo.
1017 1647 1179 1707 Commune
1204 1645 1326 1706 verbum
1351 1646 1435 1726 quale
1460 1643 1530 1706 cst?

226 1753 311 1824 Quod
332 1773 348 1814 r
370 1753 468 1815 littera
493 1755 669 1814 terminatur
693 1760 722 1812 et
745 1755 859 1833 agentis
883 1763 913 1814 et
935 1755 1074 1835 patientis
1094 1756 1200 1834 recipit
1219 1755 1472 1834 significationem,
1496 1762 1529 1813 ut

226 1861 363 1922 consolor
392 1862 511 1921 osculor
534 1881 542 1922 ε
565 1860 691 1921 dicimus
715 1863 793 1921 enim
818 1861 954 1921 consolor
979 1870 1006 1922 te
1031 1868 1061 1922 et
1084 1861 1222 1922 consolor
1250 1880 1267 1921 a
1295 1870 1333 1923 te.
1371 1861 1528 1941 lleponens

224 1966 302 2046 quod
331 1963 399 2028 est?
440 1967 524 2038 Quod
553 1985 569 2026 r
596 1966 694 2027 littera
722 1969 899 2029 terminatur
927 1978 957 2030 et
984 1967 1133 2048 deponere
1162 1987 1225 2029 eam
1258 1988 1317 2029 non
1351 1976 1462 2049 potest,
1495 1976 1529 2028 ut

224 2073 321 2134 luctor
338 2077 421 2135 iocor
440 2093 532 2135 conor
552 2092 665 2135 nascor.
703 2075 804 2135 dctira
820 2093 911 2155 quare
926 2072 1089 2137 dicuntur?
1125 2076 1198 2147 Quia
1219 2086 1323 2156 agunt,
1342 2085 1374 2136 ut
1392 2074 1527 2136 verbero.
1543 2092 1569 2131 ιι

224 2181 342 2243 Passiva
365 2185 483 2258 quare?
520 2182 594 2253 Quia
618 2183 785 2265 patiuntur,
809 2191 842 2244 ut
865 2182 1015 2246 verberor.
1051 2183 1202 2244 Neutralia
1226 2179 1339 2262 quare?
1376 2183 1449 2253 Quia
1473 2201 1528 2243 nec

223 2298 315 2368 agunt
342 2308 398 2351 nec
428 2291 596 2370 patiuntur,
623 2298 657 2350 ut
685 2297 730 2350 sto
759 2292 841 2351 iaceo
870 2290 958 2352 sedeo
983 2340 989 2352 .
1014 2300 1083 2352 sunt
1110 2299 1209 2351 autem
1238 2299 1269 2351 et
1298 2290 1528 2371 semineutralia,

224 2414 298 2474 quae
318 2403 408 2475 agunt
427 2395 537 2474 aliquid
557 2406 588 2457 et
606 2413 666 2456 non
684 2399 852 2479 patiuntur,
872 2407 904 2459 ut
924 2407 991 2459 nato
1012 2417 1114 2479 curro3
1133 2401 1204 2459 item
1224 2397 1278 2457 alia
1298 2396 1528 2477 semineutralia‚

223 2520 299 2580 quac
322 2503 476 2583 patiuntur
499 2512 529 2563 et
552 2521 611 2563 non
635 2513 739 2586 agunt,
769 2514 801 2566 ut
829 2504 934 2584 vapulo
958 2503 1032 2565 sudo
1057 2506 1156 2565 lerveo
1184 2504 1318 2584 langueo.
1355 2503 1527 2564 Communia

223 2627 315 2688 quare
338 2606 500 2681 dicuntur?
538 2610 613 2681 Quia
637 2610 692 2672 sub
716 2630 775 2672 uno
801 2610 890 2673 verbo
914 2620 1018 2673 tenent
1046 2615 1174 2673 activum
1203 2621 1232 2672 et
1260 2613 1410 2692 passivum
1438 2619 1468 2671 et
1496 2613 1526 2671 in
1541 2628 1569 2666 ao

222 2726 351 2797 utroque
374 2737 484 2798 genere
503 2737 519 2778 r
537 2735 699 2797 numquam
723 2717 888 2802 deponunt,
911 2736 999 2799 quam
1024 2720 1050 2779 si
1072 2719 1238 2799 deponunt,
1261 2718 1350 2779 latina
1369 2736 1428 2777 non
1449 2725 1528 2799 sunt,

224 2833 257 2885 ut
285 2844 391 2905 precor
419 2825 603 2904 contemplor
632 2827 808 2886 reminiscor
840 2825 991 2887 recordor.
1032 2825 1215 2905 deponentia
1244 2844 1334 2905 quare
1362 2821 1528 2886 dicuntur?

223 2931 298 3003 Quia
319 2927 324 3012 Ι
344 2931 498 3012 deponunt
521 2933 614 2993 luturi
637 2934 781 3011 temporis
803 2935 992 3013 participium
1016 2952 1032 2993 a
1056 2933 1269 3012 significatione
1293 2935 1422 3013 passiva,
1447 2931 1526 3011 quod

222 3041 284 3100 crit
305 3040 336 3100 ln
361 3037 431 3121 dus,
454 3048 488 3100 ut
511 3037 683 3100 moriendus
706 3037 876 3118 gloriandus
899 3039 1102 3100 blandiendus.

129 3190 204 3242 acen
312 3172 435 3235 Numeri
458 3171 617 3233 verborum
642 3180 714 3250 quot
737 3167 830 3232 sunt?
867 3172 945 3254 Duo,
969 3172 1142 3254 singularis,
1170 3181 1204 3233 ut
1227 3171 1305 3253 lego,
1332 3172 1469 3253 plureis,
1492 3181 1526 3232 ut
1541 3191 1568 3230 ιι

221 3278 372 3359 legimus.
396 3281 506 3360 figurae
531 3296 649 3360 quoque
678 3278 814 3361 totidem,
843 3278 981 3359 simplex,
1003 3287 1037 3340 ut
1060 3278 1139 3361 lego,
1162 3281 1337 3361 composita,
1361 3289 1394 3340 ut
1417 3279 1526 3358 relego.

220 3385 346 3466 Figurae
365 3385 524 3448 verborum
544 3394 617 3465 quot
636 3386 731 3446 modis
750 3381 991 3465 componuntur?
1023 3386 1183 3461 Quattuor,
1203 3406 1239 3447 ex
1258 3383 1374 3447 duobus
1393 3388 1526 3464 integris

220 3501 254 3554 ut
272 3494 410 3555 describo
428 3494 558 3575 depon03
578 3512 612 3553 ex
633 3494 749 3571 integro
770 3500 800 3552 ct
818 3500 974 3575 corrupto,
997 3499 1031 3553 ut
1050 3491 1153 3572 expleo
1173 3492 1310 3574 consulo;
1329 3513 1364 3554 ex
1384 3502 1525 3573 corrupto

220 3609 251 3661 et
272 3603 405 3683 integro,
429 3609 462 3662 ut
484 3601 595 3661 suffero
619 3597 760 3680 succed03
784 3618 819 3658 ex
844 3597 961 3660 duobus
985 3603 1148 3683 corruptis,
1172 3609 1205 3661 ut
1228 3603 1368 3661 sustineo.

313 3878 376 3933 lin
394 3895 444 3934 om.
460 3878 497 3945 B,
515 3878 579 3932 add.
600 3877 632 3944 V,
650 3878 745 3932 item3
817 3875 1043 3932 tandietservi
1057 3894 1106 3933 om.
1121 3879 1158 3948 Β,
1174 3879 1283 3934 addis
1354 3881 1525 3946 ilocunom,

220 3976 276 4029 goa
300 3959 424 4026 definitio
449 3959 535 4013 activi
556 3959 631 4012 verbi
653 3959 764 4026 eccidit,
787 3959 918 4014 indicaui.
960 3957 1063 4013 Action
1086 3978 1159 4028 qnae
1183 3964 1265 4014 snut?
1298 3960 1375 4025 Quae
1394 3976 1409 4013 0
1429 3960 1526 4014 littera

220 4040 405 4095 terminentur
424 4042 453 4094 et
471 4040 587 4108 accepte
605 4055 619 4090 r
636 4036 744 4091 iaciunt
766 4055 800 4093 ex
824 4055 853 4092 se
877 4037 1031 4108 passivum,
1054 4044 1087 4095 ut
1110 4042 1173 4113 lego
1196 4043 1282 4112 legor.
1320 4041 1435 4096 Pessiva
1453 4059 1524 4109 quae

220 4125 303 4176 sunt?
336 4121 412 4187 Quae
431 4138 446 4173 r
464 4119 559 4173 littere
577 4116 764 4172 terminentur
781 4122 810 4173 et
828 4119 959 4188 deposita
977 4137 1011 4175 ee
1033 4123 1152 4176 redeunt
1174 4122 1207 4176 in
1230 4123 1368 4188 activum,
1391 4124 1424 4175 nt
1447 4122 1525 4191 legor

219 4203 284 4273 lego
317 4202 344 4255 V
421 4207 437 4255 9
466 4199 631 4255 terminetur
657 4199 685 4252 Β
765 4207 798 4254 10
821 4199 924 4270 agendi
949 4200 1006 4254 vim
1036 4201 1063 4254 V
1084 4202 1217 4272 gendium
1240 4203 1267 4255 B
1346 4209 1378 4255 13
1397 4202 1526 4255 consulor

219 4283 348 4338 obsculor
366 4282 394 4336 Β
471 4282 645 4337 consulante
664 4283 694 4335 et
712 4281 876 4336 consulare
893 4282 922 4333 te
940 4279 968 4333 Β
1050 4287 1084 4335 15
1102 4283 1214 4353 nascor]
1233 4298 1332 4336 noscor
1349 4281 1376 4333 Β
1458 4279 1525 4349 quin

219 4366 308 4433 agunt
325 4367 358 4418 ut
374 4364 491 4418 uerbero
509 4363 623 4432 pessiue
640 4362 707 4431 quie
721 4363 832 4432 patiunt
846 4365 878 4415 ut
891 4363 1023 4418 verberor
1038 4363 1076 4416 M
1088 4361 1160 4428 Quia
1173 4365 1261 4432 agunt
1275 4365 1307 4415 ut
1321 4378 1369 4415 ner
1384 4404 1389 4414 .
1406 4361 1525 4415 uerorB

256 4451 288 4498 1‘l
308 4446 338 4499 et
360 4443 466 4498 semine
485 4483 491 4496 .
512 4442 615 4496 utralin
637 4442 664 4494 Β
693 4444 723 4495 et
748 4440 889 4496 neutralia
912 4442 949 4495 M
1019 4446 1051 4496 18
1069 4442 1127 4496 elia
1154 4441 1259 4496 semine
1277 4483 1284 4495 .
1302 4440 1407 4495 utralie
1424 4441 1452 4492 Β

219 4530 254 4580 20
272 4526 351 4578 tenet
368 4525 439 4578 ΒΜ
507 4524 536 4578 et
553 4523 582 4576 in
606 4524 723 4589 utroque
747 4537 848 4590 genere
873 4519 1075 4591 ssNnmqnam
1099 4521 1239 4591 deponent
1262 4520 1337 4590 quod
1362 4520 1385 4573 si
1408 4520 1524 4589 deponit

218 4603 308 4659 latine
325 4621 381 4659 non
399 4606 465 4658 sunt
482 4604 518 4671 B,
537 4619 587 4657 om.
607 4602 645 4655 M
712 4607 746 4654 23
767 4600 839 4666 Quia
861 4601 1039 4670 deponuntur
1062 4602 1090 4655 B
1162 4604 1190 4673 c]
1215 4605 1247 4656 ut
1268 4602 1296 4655 Β
1369 4602 1443 4670 quod
1467 4601 1525 4658 exit

218 4682 247 4736 B
265 4701 319 4753 qne
338 4684 407 4738 exiit
421 4685 459 4737 M
529 4689 564 4737 24
581 4682 755 4752 gloriandus]
774 4681 936 4751 gloriendns
956 4683 994 4736 M
1065 4681 1251 4736 blandiendus
1269 4682 1356 4752 figure
1375 4685 1524 4738 uerborum

220 4763 381 4819 lIlI'modis
400 4767 594 4834 conponuntur
617 4780 650 4816 ex
673 4763 728 4815 duo
751 4762 869 4831 integris
893 4764 925 4815 ut
947 4760 1067 4816 discribo
1086 4762 1125 4815 M
1195 4768 1229 4815 26
1247 4762 1353 4833 relego]
1378 4764 1477 4833 religio
1495 4764 1523 4815 Β

254 4847 289 4898 28
309 4843 438 4899 consuleo
457 4843 530 4896 ΒΜ
599 4860 633 4896 ex
652 4844 781 4911 corrupto
800 4858 850 4896 om.
872 4841 921 4908 M,
939 4842 1001 4898 add.
1021 4842 1049 4895 Β
