3316 5474
274 408 339 477 508
764 414 938 472 ABVSIANI
955 415 1078 472 MESSII

273 515 452 562 pmmu

485 602 669 664 Iuturnam
693 603 838 684 misero,
862 604 992 685 lateor,
1015 621 1232 666 succurrere
1256 603 1377 667 fratri

484 714 616 772 wmb

361 817 473 879 Studeo
496 817 539 878 illi
563 816 650 900 [rei],
673 818 733 879 Cic.
756 837 811 899 pro
834 818 932 880 Caelio
954 815 1055 900 (su)
1077 818 1219 880 studuit
1241 817 1442 883 Catilinae
1467 825 1602 885 iterum

271 927 441 1005 petenti.
466 925 571 986 studeo
596 943 642 986 me
666 935 817 1006 praestare
840 926 912 1009 illis,
936 925 993 987 Sal.
1016 926 1099 988 Catil.
1123 922 1202 1007 (11)
1228 928 1291 1005 qui
1321 946 1414 991 sese
1447 929 1601 992 student

272 1042 462 1112 praestare
496 1034 631 1093 ceteris
664 1033 879 1095 animalibus
903 1033 1039 1095 ‚studeo
1071 1033 1151 1096 illam
1183 1051 1262 1114 rem,
1294 1032 1360 1096 Cic.
1394 1055 1458 1116 pro
1485 1036 1630 1100 Scauros

270 1141 464 1219 retineret,
491 1140 526 1200 id
550 1140 640 1220 quod
664 1143 858 1221 praecipue
888 1159 1028 1222 semper
1056 1141 1209 1221 studuit,
1236 1145 1395 1218 generis
1428 1144 1598 1206 familiae

272 1249 426 1308 nominis
449 1247 674 1329 dignitatem,
697 1247 764 1308 Ter.
787 1246 932 1309 Heauton.
955 1243 1011 1328 (II
1030 1243 1098 1328 4,2)

332 1355 365 1415 id
390 1373 467 1416 cum
491 1353 680 1435 studuisti,
703 1356 765 1416 isti
788 1355 923 1416 lormae
948 1363 986 1416 ut
1008 1373 1125 1416 mores
1148 1353 1362 1416 consimiles
1390 1357 1542 1441 iurent,

270 1461 348 1523 idem
372 1461 459 1542 llecy.
483 1457 620 1542 (1112)

309 1576 348 1629 ut
371 1587 492 1630 omnes
516 1569 687 1629 mulieres
711 1569 832 1629 eadem
855 1588 967 1650 aeque
990 1569 1164 1631 studeant
1187 1569 1383 1649 nolintque
1410 1577 1555 1655 omnia,
1603 1587 1624 1626 ¹⁸

270 1676 347 1736 idom
371 1676 473 1736 eadem
497 1669 660 1757 (112‚20)
683 1675 809 1737 studeo
833 1676 932 1760 haec,
954 1679 1164 1757 priusquam
1188 1676 1249 1736 ille
1274 1676 1407 1739 redeat
1432 1727 1439 1739 .

359 1783 456 1864 Super
479 1783 533 1843 bac
556 1802 589 1843 re
613 1802 666 1862 pro
690 1782 757 1862 plus
780 1782 834 1843 bac
858 1801 904 1864 re,
935 1782 1019 1861 Verg.
1044 1785 1113 1843 deu.
1138 1782 1214 1843 Vllll
1237 1778 1310 1863 (61)
1334 1795 1450 1847 nocte
1478 1805 1589 1868 super

269 1889 1586 1972 mmmmmmfflmfflmmmmmmstfflmd

267 1995 368 2078 (750)
392 1996 499 2057 multa
522 2016 631 2077 super
654 1997 794 2057 Priamo
818 2000 993 2078 rogitans,
1016 1998 1095 2059 idem
1118 2016 1199 2078 geor,
1222 1995 1274 2056 llll
1298 1994 1401 2079 (559)

426 2105 512 2165 baec
536 2123 644 2184 super
667 2123 830 2165 arvorum
855 2104 954 2165 cultu
978 2123 1220 2185 pecorumque
1243 2103 1419 2166 canebam
1593 2120 1615 2160 u

427 2211 837 2291 mwmwffimms

267 2315 1188 2399 swmbmremomomomstbmdmdffl(w&

480 2428 863 2506 uecsuperipsesua
885 2425 1350 2487 mossturlaudelaborem.

266 2551 356 2614 super
374 2533 423 2593 illa
442 2552 473 2593 re
493 2536 596 2613 proin
617 2534 664 2593 illa
684 2553 731 2615 re,
754 2534 832 2594 idem
851 2533 917 2596 buc.
937 2531 1036 2615 (ist)
1060 2534 1187 2594 lroude
1211 2551 1321 2611 super
1344 2532 1472 2614 viridi,
1498 2536 1576 2596 idem

266 2634 270 2723 l
296 2639 366 2700 deu.
390 2640 402 2701 l
430 2638 533 2721 (700)
561 2649 748 2720 stratoque
776 2660 884 2722 super
912 2640 1156 2702 discumbitur
1184 2648 1297 2721 ostro,
1324 2639 1405 2700 idem
1434 2642 1510 2701 Aen.
1539 2641 1611 2701 l'lw

265 2744 363 2827 (203)
385 2750 525 2828 gemina
554 2768 663 2828 super
690 2749 820 2809 arbore
849 2748 1003 2810 sidunt.
1028 2767 1118 2829 super
1146 2747 1225 2809 illam
1253 2765 1329 2828 rem,
1358 2746 1439 2807 idem
1464 2750 1538 2809 Aen.
1563 2748 1574 2808 l

263 2851 359 2935 (290)
382 2874 485 2916 saera
509 2856 639 2916 sedens
663 2875 772 2935 super
795 2875 896 2917 arma.

353 2963 462 3024 Subter
491 2964 570 3024 illam
598 2983 676 3045 rem,
704 2964 788 3043 Verg.
813 2966 883 3024 lien.
908 2960 1070 3044 111(691)
1097 2963 1267 3043 Alpheum
1296 2962 1386 3023 lama
1415 2972 1475 3023 est
1503 2964 1573 3026 buc

263 3070 378 3131 Elidis
407 3089 541 3131 amnem
570 3072 732 3132 occultas
760 3074 880 3150 egisse
908 3073 982 3131 vias
1010 3070 1136 3132 subter
1169 3088 1261 3130 mare
1285 3116 1292 3129 .
1316 3067 1422 3130 subter
1449 3070 1500 3131 illa
1529 3090 1573 3152 re,

262 3175 653 3259 immMmWffl(M0
1167 3226 1170 3233 .
1585 3190 1609 3232 u

488 3284 857 3346 serreiuvatsubter
880 3285 1202 3345 densatestudiue
1226 3302 1338 3344 casus

351 3387 1572 3474 SQMmmmeWQmMNJmemwms

261 3499 328 3561 sub
356 3501 509 3578 imagine
539 3498 665 3558 lalceur
697 3497 951 3577 Saturnusque
985 3517 1093 3559 senex
1123 3546 1128 3558 .
1157 3496 1213 3559 sub
1241 3497 1316 3557 banc
1349 3517 1413 3559 reur
1447 3519 1505 3579 pro
1534 3502 1571 3562 ad

262 3606 336 3667 lrauc
365 3625 441 3686 reru,
470 3605 554 3684 Verg.
579 3606 650 3666 deu.
679 3604 702 3662 V
730 3601 826 3684 (853)
853 3606 1051 3684 oculosque
1079 3605 1144 3667 sub
1172 3614 1269 3665 astra
1299 3604 1459 3688 tenebat,
1490 3609 1571 3671 idem

261 3713 332 3772 lien.
357 3711 381 3771 ll
404 3708 502 3791 (112)
530 3719 728 3791 postesque
758 3710 822 3772 sub
851 3714 950 3792 ipsos
981 3714 1149 3774 nituntur
1176 3711 1363 3793 gradibus,
1392 3713 1471 3774 idem
1497 3718 1610 3777 demto

262 3815 432 3898 lfflaw

350 4045 441 4099 Codex
463 4044 612 4099 Parrhasii
647 4044 805 4100 3Cslilins
876 4043 972 4117 sisti]
992 4044 1016 4099 is
1089 4051 1122 4099 10
1142 4046 1295 4115 eademque
1314 4046 1448 4101 studeant
1465 4050 1571 4106 nolim·

260 4142 313 4195 que
333 4125 427 4180 omnis
515 4132 546 4178 12
566 4124 649 4195 Verg.
669 4144 729 4182 sorr.
749 4126 801 4179 llll
821 4125 849 4181 iu
868 4130 964 4181 noctes
983 4141 1066 4194 super
1084 4126 1177 4180 medis
1259 4133 1291 4180 11
1311 4143 1360 4195 pro
1379 4144 1431 4196 pro
1450 4128 1507 4183 bsc
1526 4132 1570 4203 re]

259 4224 310 4276 pro
329 4207 363 4261 de
383 4208 436 4262 hoc
455 4223 484 4260 re
567 4212 600 4261 18
619 4208 680 4278 sua]
700 4225 779 4261 suum
860 4212 892 4260 19
912 4224 995 4275 super
1013 4205 1064 4259 ille
1081 4222 1111 4259 re
1129 4224 1179 4275 pro
1199 4207 1227 4260 in
1246 4207 1297 4261 illo
1314 4206 1357 4275 rc]
1377 4207 1468 4277 Super
1486 4208 1570 4265 illam

259 4304 318 4342 rem
337 4286 412 4341 idem
432 4306 490 4342 aen.
511 4290 522 4342 I
541 4305 591 4358 pro
609 4288 637 4342 in
656 4289 734 4343 illum
754 4305 823 4344 corr.
842 4288 931 4357 Super
949 4286 1000 4340 ills
1017 4302 1068 4355 pro
1087 4285 1116 4338 in
1135 4286 1212 4340 illam
1285 4292 1319 4340 30
1333 4288 1487 4358 postesque
1502 4290 1570 4362 sub]

260 4367 312 4420 sub
331 4370 482 4435 postesque

350 4588 381 4635 11
401 4582 564 4652 priusquam
582 4583 630 4637 ille
649 4585 703 4637 huo
722 4583 774 4650 (eei
787 4584 828 4651 ut)
842 4582 940 4636 rodeot
953 4581 1056 4635 redime
1072 4580 1207 4646 Terentii,
1226 4580 1387 4650 priusquam
1400 4581 1452 4637 ille
1466 4586 1570 4643 redeat

258 4663 442 4731 superscripto
466 4667 497 4718 ut
521 4665 603 4718 codex
621 4664 771 4717 Berubinus
858 4668 991 4730 limpor
1014 4661 1066 4716 hsc
1089 4679 1118 4715 re
1141 4677 1191 4730 pro
1215 4676 1265 4729 pro
1283 4660 1336 4714 hoc
1354 4677 1384 4715 re
1401 4665 1516 4719 restitui
1534 4685 1569 4722 er

259 4742 392 4797 Diomede
407 4761 435 4812 p.
455 4748 555 4809 itone
573 4749 598 4797 et
616 4743 747 4796 Dositheo
761 4759 790 4811 p.
810 4747 892 4810 imp*
978 4747 1011 4796 18
1031 4759 1081 4796 sua
1099 4739 1213 4795 molitur
1232 4741 1335 4795 codices
1358 4740 1476 4810 Verpslii
1494 4745 1568 4801 Dio-

258 4822 344 4876 medis
361 4822 486 4877 Dositbei
566 4829 598 4876 19
618 4840 700 4893 super
719 4822 768 4877 illa
786 4840 815 4877 re
833 4839 885 4891 pro
903 4822 932 4876 in
950 4822 1002 4877 illo
1019 4824 1062 4894 re]
1081 4824 1116 4888 cf.
1136 4821 1221 4875 Prisc.
1237 4821 1254 4876 l.
1272 4820 1355 4874 XIV
1365 4838 1397 4890 p.
1416 4827 1454 4878 55
1472 4823 1504 4878 id
1525 4832 1570 4883 est

258 4899 288 4953 in
307 4901 421 4970 gemine
438 4902 537 4956 arbore
556 4902 651 4956 sidunt
668 4920 751 4973 super
821 4908 856 4957 23
875 4902 941 4973 huc]
960 4904 1013 4957 huc
1032 4905 1117 4957 edidit
1135 4902 1357 4967 Lindemannus,
1375 4902 1431 4956 huc
1451 4901 1479 4957 G
