3316 5474
708 403 902 461 EXCERPTA
1391 402 1455 468 327

150 521 171 557 p.
188 508 243 549 'lIL

151 592 305 671 Siquidem
333 611 349 652 a
377 592 463 653 nobis
495 598 618 672 propter
641 609 746 670 graeca
777 593 896 651 nomina
916 585 921 668 1
942 590 1114 670 adsumptae
1139 599 1222 670 sunt,
1252 599 1286 651 ut
1318 600 1390 670 puta
1423 599 1457 652 ut

150 699 279 779 hymnus
302 709 332 761 et
355 699 501 780 zephyrus
524 746 531 759 .
556 717 631 778 quae
656 700 680 758 si
704 698 876 777 adsumptae
901 716 961 758 uon
984 707 1097 779 esseut,
1128 697 1247 759 bimnus
1277 706 1308 758 et
1335 699 1457 759 dielirus

150 805 319 866 diceremus
342 854 349 866 .
374 824 500 886 quarum
524 824 541 884 y
564 807 642 865 inter
665 804 781 865 vocales
804 804 961 884 habemus,
984 823 999 863 z
1023 823 1092 864 vero
1116 807 1195 865 inter
1218 813 1329 885 mutas,
1357 814 1388 866 et
1411 813 1457 865 est

150 909 258 992 du'plex
283 961 288 972 .
314 912 379 983 Quo
404 911 490 972 modo
520 908 650 991 duplex?
687 911 762 982 Quia
790 911 855 972 loco
884 911 1010 972 duarum
1035 915 1266 973 consonantium
1294 914 1371 992 apud
1402 931 1457 972 nos

109 1033 123 1072 ι
151 1020 284 1099 iungitur
304 1068 311 1080 .
331 1038 386 1080 nec
409 1019 495 1079 aliter
518 1026 655 1079 constare
679 1020 768 1079 metri
790 1021 867 1080 ratio
889 1028 990 1098 potest
1008 1016 1057 1079 illo
1079 1038 1182 1099 versu,
1206 1018 1257 1079 ubi
1277 1028 1323 1080 est
1340 1016 1455 1080 Mezen-

150 1129 224 1208 tius,
252 1125 399 1206 siquidem
422 1144 469 1186 me
493 1124 592 1185 brevis
616 1124 724 1205 syllaba
748 1134 807 1205 est,
835 1143 939 1185 verum
963 1128 1110 1206 excipitur
1133 1145 1150 1186 a
1173 1125 1284 1206 duplici
1307 1126 1405 1188 littera
1429 1147 1456 1202 z,

150 1251 226 1312 quae
250 1235 275 1293 si
298 1233 454 1312 adsumpta
478 1251 537 1292 non
562 1241 654 1310 esset,
677 1251 732 1311 per
755 1250 770 1292 s
793 1240 824 1291 et
846 1232 864 1291 d
888 1231 1072 1293 Mesdentius
1096 1231 1289 1293 scriberetur.

239 1340 318 1412 Quot
345 1340 452 1401 litteris
480 1341 682 1399 extremitates
710 1338 870 1398 latinorum
899 1340 1053 1399 nominum
1081 1335 1247 1399 liniuntur?
1290 1339 1455 1419 Tredccim,
1479 1353 1549 1397 utu

150 1446 179 1506 id
204 1455 250 1507 est
273 1446 424 1507 vocalibus
443 1449 591 1525 quinque,
614 1444 840 1506 semivocalibus
863 1464 929 1526 sex,
952 1450 1041 1506 mutis
1065 1448 1184 1507 duobus
1208 1494 1215 1505 .
1245 1448 1347 1519 Quare
1369 1451 1455 1507 semi-
1504 1419 1509 1433 Ι

111 1554 304 1613 revocatione
336 1571 404 1629 rex,
442 1570 511 1612 cum
543 1560 659 1631 septem
692 1547 772 1612 sint?
818 1551 892 1623 Quia
926 1553 1038 1613 nullum
1075 1571 1183 1613 nomen
1220 1552 1345 1615 latinum
1381 1556 1412 1614 in
1446 1555 1460 1614 i

150 1659 278 1719 litteram
310 1661 379 1719 exit
430 1658 511 1730 Quae
544 1677 615 1738 ergo
648 1655 739 1727 sunt?
785 1660 968 1720 Aeiou
990 1659 1000 1719 l
1024 1678 1053 1719 m
1077 1679 1096 1720 n
1120 1679 1135 1719 r
1159 1679 1173 1720 s
1197 1680 1215 1720 x
1239 1670 1299 1721 ct
1349 1660 1454 1722 harum
1552 1724 1559 1732 ,

151 1764 296 1845 exempla,
333 1763 432 1825 tabula
468 1765 576 1826 monile
613 1765 692 1844 lrugi
724 1768 800 1826 ratio
832 1784 912 1845 genu
945 1765 1003 1826 mel
1037 1785 1190 1827 scamnum
1223 1767 1333 1828 llumeu
1366 1766 1455 1827 arbor

150 1871 206 1932 ilos
229 1891 287 1931 nox
311 1871 383 1932 allec
407 1881 504 1952 caput.

652 2098 712 2164 Du
737 2097 948 2165 SYLLABIS

111 2261 135 2298 1⁵
216 2240 332 2326 Syllaba
361 2247 431 2326 quid
460 2243 527 2306 est?
568 2244 680 2305 Littera
708 2243 816 2306 vocalis
845 2246 890 2306 vel
917 2246 1084 2307 litterarum
1113 2249 1208 2308 coitus
1241 2267 1295 2327 per
1323 2247 1450 2327 aliquam
1474 2261 1545 2311 trau

149 2354 278 2413 vocalem
304 2354 546 2433 comprehensus.
584 2350 699 2431 Syllaba
729 2352 806 2413 tunde
835 2350 935 2414 dicta?
968 2343 1046 2414 Ἀπὸ
1075 2351 1135 2433 τῆς
1158 2347 1354 2434 συλλήψεως
1377 2403 1383 2415 .
1408 2365 1454 2417 est

149 2462 228 2520 enim
258 2460 366 2539 syllaba
395 2453 560 2539 σύλληψις
592 2458 736 2538 quaedam
765 2458 945 2540 litterarum,
977 2460 1006 2521 id
1042 2469 1087 2521 est
1120 2464 1274 2540 conceptio
1308 2471 1337 2522 et
1370 2465 1454 2540 quasi

149 2567 315 2646 adsumptio
340 2613 346 2625 .
372 2565 503 2636 Qualitas
526 2564 703 2644 syllabarum
727 2567 757 2624 in
782 2574 854 2644 quot
878 2567 993 2645 species
1017 2564 1180 2628 dividitur?
1217 2566 1250 2627 ln
1274 2568 1379 2628 duas:
1403 2575 1454 2628 aut

149 2676 227 2733 enim
251 2672 357 2733 breves
380 2681 450 2733 sunt
474 2681 524 2733 aut
546 2671 650 2751 longae
675 2719 681 2731 .
706 2670 815 2731 Breves
839 2690 914 2750 quae
938 2690 987 2732 res
1016 2670 1128 2734 eflicit?
1165 2672 1309 2753 Correpta
1336 2675 1453 2736 vocalis.

109 2780 225 2851 2⁰erid
252 2777 378 2860 longas?
423 2780 572 2841 Producta
603 2779 720 2840 vocalis.
765 2777 799 2839 ln
832 2777 913 2839 brevi
947 2778 1056 2858 syllaba
1090 2788 1223 2859 tempora
1257 2790 1331 2859 quot
1363 2778 1454 2841 sunt?

149 2887 243 2948 Vnum
281 2935 288 2948 .
326 2888 402 2958 Quot
441 2889 470 2947 in
507 2882 615 2966 longa?
664 2885 729 2945 [luo
766 2932 772 2944 .
811 2883 927 2964 Longae
965 2885 1091 2966 syllabae
1129 2896 1201 2965 quot
1238 2888 1332 2949 modis
1375 2908 1452 2949 coru·

148 2991 397 3072 prehenduntur?
435 2993 558 3055 Duobus
586 3040 593 3053 .
622 2987 758 3064 Quibus?
799 2990 910 3052 Natura
948 3000 1000 3052 aut
1034 2995 1190 3072 positione.
1236 2992 1347 3055 Natura
1380 3004 1454 3074 quot

221 3279 234 3325 1
255 3272 395 3341 siquidem
413 3273 494 3328 uobis
513 3273 551 3326 M
621 3270 770 3340 adsumpta
793 3271 858 3324 sunt
880 3271 913 3323 ut
934 3271 1005 3339 puta
1023 3274 1056 3326 ut
1076 3288 1177 3340 ymnus
1196 3274 1226 3327 et
1244 3273 1379 3342 zephyrus
1398 3275 1451 3328 lnt.

149 3368 222 3420 qnae
242 3352 265 3406 si
283 3370 339 3407 nou
357 3352 505 3422 adsumpta
531 3350 635 3406 tuerint
657 3368 758 3420 ymnus
781 3352 811 3404 et
834 3349 961 3404 diefimm
986 3351 1142 3408 diceremus
1162 3355 1199 3408 Μ
1216 3352 1367 3422 adsumpta
1388 3355 1453 3407 sunt

148 3433 219 3499 puta
240 3433 272 3484 ut
295 3432 414 3500 hymnus
440 3435 473 3486 ut
497 3432 642 3500 zephyrus.
675 3432 727 3485 Iut
761 3446 832 3499 quae
857 3430 882 3483 si
905 3430 1053 3501 adsumpta
1077 3450 1132 3487 uon
1157 3434 1232 3487 esset
1249 3435 1329 3503 (corr.
1349 3433 1452 3499 essent)

149 3511 269 3579 hymnus
288 3519 316 3567 et
334 3512 379 3568 die
395 3556 400 3567 .
415 3513 520 3581 phyma
539 3509 694 3565 diceremus
707 3510 735 3563 Β
751 3549 758 3562 .
773 3509 927 3579 disphirus‚
944 3527 999 3579 pro
1017 3529 1070 3580 quo
1089 3513 1242 3583 sdepberus
1259 3515 1394 3582 scriptum
1411 3520 1449 3567 est

149 3593 225 3660 opud
255 3592 438 3659 Victorinum,
466 3592 641 3646 tribuendum
663 3592 771 3646 ridetur
797 3591 987 3660 yrommotico,
1014 3594 1063 3661 qui
1088 3593 1118 3648 di
1146 3595 1245 3648 litteris
1265 3611 1317 3662 per
1340 3595 1452 3648 sibilum

145 3671 265 3741 proludia
287 3689 383 3725 sonum
401 3690 415 3724 z
433 3673 539 3726 litterae
561 3673 679 3740 exprimi
701 3671 800 3735 uoluit,
827 3687 991 3739 quamquam
1014 3678 1108 3740 posteo
1131 3675 1163 3727 io
1185 3691 1210 3728 v.
1230 3673 1397 3740 Mezentius,
1421 3680 1453 3728 ut

148 3756 280 3805 caturam
298 3752 418 3820 duplicis
437 3753 542 3805 litterae
560 3751 719 3817 comederet,
743 3752 814 3806 idem
838 3750 947 3805 duobus
970 3755 1184 3808 monentibus
1202 3755 1235 3808 sd
1254 3771 1320 3809 usus
1338 3760 1384 3809 est.
1417 3755 1450 3821 cs.

148 3837 325 3885 commeatum
343 3831 518 3886 Eiasidlense
536 3833 568 3886 irs
586 3832 672 3887 Dori.
692 3830 786 3886 omcd.
804 3830 909 3883 Helori.
928 3831 968 3886 ed.
988 3830 1089 3901 Rapere
1110 3852 1141 3902 p.
1160 3839 1220 3888 225
1240 3854 1253 3888 z
1272 3851 1324 3905 pro
1343 3834 1451 3889 duobus

148 3928 161 3963 s
181 3912 226 3965 vel
244 3929 294 3981 pro
314 3912 490 3981 adponitur,
513 3928 584 3981 quae
603 3915 669 3966 ante
688 3911 747 3966 eius
766 3910 987 3978 assumptionem
1010 3909 1052 3965 ita
1074 3911 1280 3977 scribebantur,
1304 3916 1337 3968 ut
1360 3930 1452 3968 massa

148 3990 280 4045 dicebant
302 4008 352 4062 pro
371 4008 450 4046 maza
472 3995 502 4046 et
520 3992 686 4047 Messentius
709 3990 755 4046 rel
774 3990 932 4046 Medentius
957 3991 985 4057 (l.
1004 3991 1186 4061 Mesdsntius)
1210 3997 1260 4048 aut
1283 3993 1451 4048 Medientius

148 4088 199 4139 pro
217 4070 378 4125 Mezentius.
451 4072 517 4142 3y]
537 4072 547 4125 i
567 4073 604 4126 Μ
674 4074 703 4125 et
721 4071 776 4143 est]
796 4073 829 4126 ut
847 4072 889 4126 est
906 4071 979 4124 ΒΜ
1049 4071 1151 4138 iquia
1169 4071 1232 4126 loca
1249 4072 1276 4123 Β
1296 4089 1368 4140 quae
1387 4072 1450 4126 loco

150 4152 187 4204 Μ
257 4149 470 4205 consonantium
489 4167 539 4206 otu.
558 4150 641 4220 ΒΜ,
666 4152 730 4207 odd.
756 4151 782 4205 V
850 4150 969 4205 bmetri
992 4149 1082 4204 oratio
1105 4152 1199 4219 potest
1221 4150 1271 4204 illo
1295 4168 1375 4205 uersu
1402 4150 1451 4204 ubi

149 4235 192 4286 est
216 4231 367 4285 mezentius
391 4229 418 4280 Β
442 4231 532 4283 metra
559 4230 630 4285 ratio
657 4234 752 4301 potest
773 4232 824 4287 illo
847 4248 928 4286 uerso
952 4230 1000 4286 ubi
1023 4229 1192 4286 maurentius
1217 4231 1253 4283 M
1270 4251 1278 4282 .·
1297 4232 1332 4297 cs.
1373 4231 1451 4301 Verp.

148 4311 216 4365 Aen.
239 4310 290 4362 XI
309 4315 327 4364 7
345 4309 465 4363 Mezenti
483 4309 562 4364 ducis
581 4309 694 4365 exuvias
755 4318 772 4366 6
792 4329 809 4365 a
827 4311 932 4381 duplici
951 4311 1049 4367 littero
1067 4327 1140 4379 quae
1153 4309 1181 4362 Β
1196 4324 1213 4361 a
1231 4309 1338 4380 duplici
1356 4310 1451 4366 littera

148 4406 205 4458 qua
224 4391 260 4444 M
323 4398 407 4460 iper
425 4408 438 4443 s
457 4392 486 4444 et
504 4389 522 4442 d
541 4390 727 4445 mesdeutium
744 4392 773 4446 Β
791 4408 841 4462 per
859 4392 877 4446 d
896 4397 925 4448 et
943 4413 956 4448 s
975 4391 1151 4448 mssdendius
1171 4390 1209 4442 M
1279 4391 1449 4446 8tredecim

148 4470 292 4525 noualibus
311 4471 434 4539 quinque
453 4470 667 4526 semiuocalibns
681 4488 729 4527 sex
743 4490 807 4527 cum
822 4475 930 4542 septem
945 4473 1002 4528 siut
1014 4473 1042 4526 B
1057 4471 1191 4527 tredecim
1206 4470 1235 4525 id
1250 4474 1294 4525 est
1306 4471 1450 4526 uocalibos

147 4567 196 4604 sex
214 4567 276 4604 cum
296 4552 403 4619 septem
421 4550 478 4604 sint
493 4550 535 4604 M.
549 4552 735 4620 supplerentur
749 4554 880 4622 praebuit
904 4552 930 4605 V
1001 4560 1033 4607 11
1053 4551 1076 4622 t]
1097 4552 1168 4606 dM
1240 4557 1272 4605 12
1292 4551 1449 4620 exemplum

148 4632 219 4685 ΒΜ
290 4629 396 4684 munile
416 4630 454 4683 M
525 4637 560 4685 16
579 4646 634 4700 epo
652 4631 715 4687 silli
733 4649 796 4688 reos
815 4634 859 4688 est
876 4632 951 4687 euim
969 4633 1079 4703 syllaba
1097 4631 1246 4701 sillempsis
1265 4632 1404 4700 quaedum
1421 4631 1450 4684 B

149 4715 235 4781 apoto
259 4711 352 4765 sillum
376 4725 438 4764 sees
462 4713 505 4765 est
528 4712 603 4766 enim
629 4712 731 4767 sillaba
753 4711 872 4766 sillensis
895 4712 1016 4780 quedam
1037 4712 1074 4765 M
1144 4719 1176 4766 21
1197 4711 1278 4777 Quod
1300 4711 1330 4765 in
1352 4712 1448 4782 longa]

149 4793 217 4861 quid
234 4793 265 4846 in
282 4792 368 4861 longa
384 4791 412 4843 Β
484 4797 518 4845 22
537 4791 784 4861 deprehenduntur
808 4791 834 4845 V
899 4795 1004 4848 natura
1022 4794 1071 4846 eut
1088 4792 1228 4869 positione
1248 4793 1286 4846 Μ
1302 4796 1404 4848 natura
1423 4795 1452 4846 et

149 4873 286 4942 positione
305 4872 333 4924 B
