3316 5474
226 366 289 431 tot
760 361 989 419 cnserouoen

223 479 245 518 ρ.
259 467 320 508 eras.
333 468 359 508 ee
373 467 398 506 ι.

225 561 257 615 ut
280 553 412 623 Quirites
440 551 573 631 quaestio
602 550 745 628 quaerite.
782 555 882 608 cetera
909 565 979 606 vero
1002 563 1056 625 per
1079 564 1095 606 c
1119 544 1209 607 scribi
1233 544 1355 620 debent,
1384 554 1418 607 ut
1440 545 1527 606 cuius

224 659 333 721 Cumae
357 665 387 719 et
410 657 523 737 reliqua
546 655 636 716 buius
659 655 746 716 modi.

312 766 400 845 Cum,
424 763 540 845 quando
563 763 742 843 praepositio
766 763 837 841 erit,
860 775 914 841 per
937 779 953 820 c
977 758 1132 840 scribitur,
1156 769 1189 821 ut
1211 766 1257 819 est
1279 756 1366 839 illud,

383 873 534 933 divisum
558 871 746 949 imperium
770 885 848 928 cum
872 867 966 947 lore,
989 865 1131 947 Caesar,
1154 864 1270 926 babes.

223 979 340 1060 quando
358 987 456 1040 autem
476 976 647 1037 adverbium
665 983 724 1049 ost,
742 993 796 1054 per
815 993 833 1053 q
852 963 1056 1034 scribentium:
1075 980 1191 1033 veteres
1209 974 1288 1033 enim
1304 989 1363 1048 pro
1384 968 1525 1053 ‘quando’
1553 985 1567 1024 ι

223 1081 338 1167 ‘quum’
361 1085 514 1164 dixerunt,
541 1090 575 1143 ut
602 1089 647 1142 est
675 1076 779 1160 ‘quum
807 1083 888 1142 navis
916 1099 952 1141 ex
981 1081 1049 1141 Asia
1078 1075 1223 1142 renerit':
1250 1089 1409 1160 ceteraque
1436 1080 1526 1142 buius

223 1193 303 1254 modi
325 1190 462 1252 adverbia
486 1188 621 1250 similiter
645 1187 800 1249 scribenda
824 1196 907 1265 sunt,
930 1194 964 1247 ut
987 1204 1199 1267 quoquumque
1223 1185 1436 1266 ubiquumque.

311 1298 442 1359 Huiusce
470 1314 563 1376 perc
590 1294 719 1356 litteram
747 1294 937 1356 scribendum
961 1301 1015 1355 est.
1053 1296 1166 1372 antiqui
1194 1295 1272 1355 enim
1300 1291 1526 1373 pronominibus

223 1425 256 1467 ce
276 1405 430 1485 addebant,
451 1412 483 1464 nt
501 1403 584 1463 hicce
604 1401 709 1462 illicce
718 1403 835 1482 isticce3
855 1399 933 1462 unde
952 1399 1103 1461 subtracta
1122 1400 1224 1460 cadem
1239 1401 1397 1461 novissima
1416 1399 1525 1480 syllaba

223 1533 256 1575 ce
280 1512 416 1573 relictum
440 1519 485 1571 est
508 1509 556 1570 hic
579 1509 639 1570 illic
662 1510 737 1570 istic.
777 1506 828 1568 sed
854 1503 937 1586 [boc]
966 1505 1083 1568 in'solo
1103 1509 1242 1598 ¹genetivo
1265 1525 1336 1569 casu
1359 1507 1525 1568 articularis
1542 1519 1567 1558 1⁰

222 1621 420 1699 pronominis,
443 1620 494 1696 qui
518 1624 563 1677 est
586 1616 724 1692 buiusce,
748 1614 843 1676 adhuc
866 1614 968 1676 eadem
992 1613 1100 1693 syllaba
1124 1633 1158 1675 ce
1182 1616 1295 1693 integra
1320 1622 1426 1675 manet.
1500 1615 1502 1618 ’

311 1724 372 1785 Cur
395 1724 444 1784 elii
467 1742 521 1802 per
544 1742 561 1783 c
584 1721 774 1783 scribendum
796 1706 976 1802 putaverunt
999 1719 1132 1782 dicentes
1155 1740 1215 1781 non
1244 1739 1332 1800 posse
1357 1740 1375 1799 q
1398 1720 1526 1782 litteram

223 1833 308 1912 poni,
335 1830 385 1890 ubi
409 1849 428 1890 u
452 1839 531 1890 esset
558 1831 622 1889 sine
646 1828 700 1889 alia
729 1828 835 1908 vocali,
862 1829 1026 1889 secundum
1057 1827 1188 1908 regulam
1211 1846 1300 1909 supra
1329 1829 1451 1889 dictam:
1478 1828 1527 1889 alil

222 1955 277 2015 per
307 1956 338 2016 q,
369 1955 404 1996 eo
435 1935 514 2016 quod
544 1938 689 2014 originem
719 1935 815 1996 trabat
845 1934 881 1994 ab
911 1936 1130 2014 interrogativis
1160 1930 1320 2014 adverbiis,
1371 1953 1425 1995 uae
1457 1942 1528 1995 sunt

223 2042 340 2122 quando
365 2060 516 2121 quorsum.
553 2060 626 2103 usus
649 2051 747 2102 atttem
771 2041 900 2103 obtinuit
923 2051 956 2102 ut
979 2060 1034 2102 cur
1056 2061 1111 2121 per
1134 2061 1150 2102 c
1174 2041 1330 2102 scribatur.
1495 2058 1505 2097 r
1541 2052 1568 2091 1⁵

311 2147 459 2208 Portubus
483 2157 514 2208 et
536 2147 684 2230 partibus,
708 2148 836 2211 arcubus
859 2157 889 2210 et
912 2148 1044 2230 arcibus,
1072 2148 1197 2209 artubus
1220 2158 1250 2209 et
1273 2148 1387 2210 artibus
1410 2156 1526 2209 veteres

222 2254 341 2334 quidem
365 2253 569 2315 indifferenter
592 2258 791 2335 scripserunt:
820 2263 874 2315 nos
903 2273 1062 2335 possumus
1085 2254 1242 2316 observare
1270 2265 1304 2317 ut
1327 2254 1363 2315 ab
1388 2274 1423 2316 eo
1447 2255 1526 2334 quod

223 2370 293 2422 sunt
320 2369 437 2441 pertus,
464 2360 563 2422 idest
591 2363 702 2444 foetus,
725 2360 870 2442 partubus
898 2360 1077 2442 scribamus,
1102 2359 1138 2422 ab
1166 2379 1201 2422 eo
1231 2370 1329 2423 autem
1354 2362 1433 2441 quod
1457 2371 1527 2424 sunt

221 2475 321 2547 partes
348 2467 496 2549 partibus,
523 2471 654 2549 itemque
682 2469 718 2529 ab
746 2488 781 2530 eo
810 2469 888 2549 quod
917 2477 986 2530 sunt
1014 2486 1101 2529 arcus
1129 2467 1272 2550 arcubus,
1302 2458 1338 2529 ab
1368 2477 1526 2530 ouantem

225 2574 302 2654 quod
323 2583 394 2635 sunt
408 2593 492 2635 arces
507 2575 638 2658 arcibus3
657 2585 687 2638 et
701 2594 821 2637 rursum
836 2575 873 2636 ab
892 2594 927 2635 eo
947 2573 1025 2655 quod
1046 2583 1117 2636 sunt
1130 2583 1226 2656 artus,
1245 2574 1274 2635 id
1294 2585 1339 2637 est
1359 2575 1364 2654 Ι
1385 2576 1526 2658 membra,
1540 2583 1568 2623 ²⁰

222 2680 359 2754 artubus,
383 2680 420 2741 ab
443 2700 479 2741 eo
502 2690 602 2743 cartem
626 2683 704 2762 quod
728 2692 798 2744 sunt
822 2691 900 2744 artes
924 2681 1046 2743 artibus.

306 2776 385 2847 *ires
415 2787 530 2849 litterae
559 2799 628 2850 sunt
655 2791 731 2870 apud
756 2790 896 2871 Graecos,
928 2783 1038 2864 ζξψ.
1078 2807 1115 2850 ει
1142 2789 1188 2849 bis
1216 2791 1247 2849 in
1274 2809 1362 2850 usum
1389 2799 1525 2852 nostrum

223 2892 428 2955 transtulimus
451 2915 479 2956 z:
503 2897 574 2957 item
592 2915 646 2976 pro
667 2893 683 2971 ξ
706 2915 760 2957 nos
784 2916 801 2957 ι
825 2899 951 2958 utimur:
975 2903 1000 2970 ψ
1024 2895 1104 2957 nullo
1128 2896 1215 2957 modo
1238 2898 1395 2958 translerri
1417 2901 1525 2981 potuit,

225 2998 277 3060 sed
302 3002 344 3060 ris
368 2984 464 3081 ipsius
485 3003 626 3064 translata
649 3004 747 3064 estin
770 3020 818 3082 ps,
842 3011 875 3063 ut
898 3020 973 3082 quae
996 3021 1050 3083 ρει
1073 3009 1098 3078 ψ
1122 3002 1294 3064 scribuntur
1317 3022 1371 3084 ρει
1394 3023 1429 3085 ρε
1452 3008 1525 3066 scri·

310 3200 415 3256 tcum
436 3202 533 3257 Ooecil.
554 3202 635 3258 vinu.
650 3207 732 3258 -2318
804 3199 960 3256 8Huiusce
980 3201 1057 3256 Mar.
1081 3200 1180 3257 Victor.
1199 3206 1262 3270 16‚1
1337 3209 1369 3257 16
1387 3203 1525 3259 Purtubus

104 3249 111 3264 ⁸
185 3314 196 3327 ·
221 3281 319 3337 Scaur.
338 3288 420 3349 25,1
499 3289 532 3336 22
552 3283 620 3337 Tres
639 3281 750 3338 litterae
769 3283 915 3350 Papirion.
934 3286 998 3347 159,
1016 3285 1057 3336 22

310 3476 325 3523 3
349 3468 485 3523 scribetur
508 3471 540 3523 ut
563 3472 605 3524 est
627 3468 711 3537 illud,
734 3470 781 3524 sed
803 3469 865 3523 etur
883 3472 908 3521 ct
931 3469 973 3522 eet
998 3483 1052 3521 ros.
1071 3467 1112 3535 Β,
1139 3468 1223 3523 scribi
1243 3469 1327 3525 debet
1344 3473 1377 3526 ut
1395 3473 1437 3526 εει
1453 3471 1525 3525 illud

170 3605 173 3610 ,
221 3551 304 3603 codex
318 3549 538 3602 Βειιιειιεὶε243
609 3547 777 3618 tdivieum]
798 3548 898 3603 antici.
914 3549 961 3602 lot.
977 3547 1020 3600 II
1032 3552 1069 3602 68
1088 3549 1127 3602 ed.
1142 3549 1249 3616 Burni„
1267 3567 1293 3603 n.
1310 3555 1369 3604 256
1382 3551 1422 3604 ed.
1437 3550 1525 3616 Riese,

220 3629 391 3683 Donatoit.
417 3628 494 3696 Verp.
518 3632 595 3684 c.17
689 3627 775 3681 hebet
797 3628 899 3686 Purus
990 3629 1141 3697 cquando
1164 3632 1259 3684 sutem
1282 3630 1309 3683 Β
1334 3635 1380 3699 qffi
1404 3630 1527 3685 euimG

223 3706 335 3776 quaudo
355 3709 415 3772 (om.
435 3709 540 3775 sutem)
558 3707 586 3760 A
676 3706 841 3761 oduerbium
864 3710 907 3762 εει
930 3709 960 3761 ει
976 3724 1025 3777 ρει
1044 3726 1062 3777 q
1082 3708 1106 3763 0
1193 3712 1301 3765 ueteres
1320 3711 1393 3765 enim
1415 3709 1525 3780 quundo

221 3803 306 3853 quum
325 3785 448 3855 (quando
467 3802 530 3839 cum
548 3786 587 3853 B)
606 3786 735 3840 dixemnt
753 3786 848 3843 ABG.
876 3805 961 3856 quum
985 3788 1148 3843 edverbium
1170 3789 1320 3860 temporis,
1346 3790 1421 3858 quod
1440 3789 1524 3859 signi·

221 3866 288 3920 ficut
305 3866 430 3933 quondo,
454 3882 505 3934 per
523 3885 540 3935 q
560 3865 736 3921 scribendum
755 3869 798 3921 est
818 3873 944 3936 excerpto
962 3869 1076 3923 Occulti
1099 3870 1224 3925 Vindicis
1289 3870 1330 3926 ‘6
1349 3875 1382 3926 ut
1399 3875 1443 3926 εει
1460 3888 1477 3930 ς
1495 3871 1525 3925 id

221 3947 264 4000 εει
279 3944 371 3999 ABG
454 3952 468 3999 7
489 3962 686 4015 quoquumque
704 3945 895 4015 ubiquumque
914 3949 962 4006 ςΑ
982 3966 1158 4018 quocumque
1175 3949 1344 4019 ubicumque
1362 3952 1390 4004 Β
1414 3970 1525 4021 quoque

221 4024 431 4094 ubicumqueG
514 4024 670 4080 8Huiusce
689 4041 738 4094 per
757 4043 771 4078 c
789 4025 839 4083 Βς
858 4026 1059 4083 Huiuscemodi
1076 4045 1126 4099 per
1144 4045 1159 4082 c
1176 4027 1235 4083 Ao
1311 4030 1526 4085 scandebant

220 4104 297 4163 Ace
383 4105 534 4160 nouissimo
560 4105 657 4160 littera.
675 4124 690 4159 c
708 4104 836 4161 relictum
855 4110 947 4161 estut
966 4107 1011 4163 hic
1030 4125 1047 4168 ς
1134 4117 1166 4164 10
1185 4126 1200 4164 e
1218 4109 1347 4164 relictum
1366 4114 1410 4165 εει
1426 4111 1454 4164 Β

222 4193 252 4240 11
274 4185 323 4255 qui
337 4189 380 4240 εει
398 4186 447 4243 §A
466 4202 537 4253 quoe
552 4188 596 4240 εει
612 4185 640 4238 Β
659 4185 734 4254 quod
748 4187 835 4241 eetO
889 4194 920 4241 13
939 4186 998 4244 sine
1012 4189 1108 4260 ulique.
1126 4190 1218 4244 uoculi
1237 4188 1294 4244 Ab
1347 4197 1379 4245 15
1399 4190 1523 4260 quaudo]

219 4269 335 4332 fortusse
353 4281 452 4334 quare:
471 4265 506 4333 cf,
531 4265 586 4320 Vel.
604 4265 692 4333 Lonp.
712 4283 742 4334 p.
763 4271 843 4334 71‚4
932 4285 984 4321 usu
1004 4266 1036 4334 0,
1060 4285 1130 4323 corr.
1148 4285 1248 4323 usuec
1339 4275 1371 4323 le
1395 4270 1523 4341 ortubus]

220 4347 328 4401 artibus
345 4349 373 4400 A
448 4352 479 4400 17
499 4345 562 4415 nos]
583 4344 645 4399 Nou
663 4345 691 4398 B
769 4345 843 4413 quod
863 4348 929 4400 sunt
946 4348 1042 4415 pertus
1060 4362 1077 4405 ς
1096 4351 1165 4417 quot
1182 4351 1248 4404 sunt
1264 4351 1361 4419 pertus
1379 4349 1436 4403 AC
1453 4366 1524 4417 quae

220 4428 285 4480 sunt
298 4426 396 4495 partus
409 4427 437 4479 Β
457 4426 531 4496 quod
546 4427 589 4481 εει
607 4428 703 4496 purius
719 4426 817 4480 Carrio
879 4430 910 4480 18
926 4426 1000 4495 qnod
1016 4428 1082 4481 sunt
1095 4430 1190 4496 portes
1204 4428 1251 4485 §C
1262 4430 1296 4498 qi
1309 4431 1374 4483 sunt
1387 4430 1482 4497 partes
1496 4430 1522 4482 A

220 4522 292 4573 quae
311 4508 376 4560 snut
393 4508 487 4575 partes
505 4507 532 4560 Β
605 4513 638 4561 19
657 4507 781 4575 itemque
799 4506 835 4559 ab
854 4505 899 4575 eo]
918 4505 1041 4576 itemque
1056 4507 1092 4562 ab
1106 4524 1139 4562 eo
1158 4510 1252 4562 sutem
1271 4510 1297 4561 A
1369 4513 1525 4577 quaesunt

220 4600 298 4638 orces
316 4585 344 4637 Β
417 4591 450 4639 20
469 4605 562 4641 rursus
581 4585 640 4640 Ao
705 4602 777 4656 quse
796 4587 860 4640 sunt
878 4587 955 4642 artus
973 4587 1001 4642 B
1068 4587 1157 4659 ειιιιε]
1178 4604 1258 4642 arens
1276 4589 1304 4642 A
1376 4593 1409 4642 21
1429 4591 1524 4643 sutem

221 4681 271 4718 om.
291 4663 392 4729 ABG,
412 4666 475 4720 odd.
491 4681 508 4724 ς
575 4682 647 4734 quae
666 4668 730 4719 sunt
747 4666 822 4719 ortes
840 4666 868 4720 Β
936 4674 970 4722 tt
988 4669 1103 4736 fortusse
1116 4670 1173 4724 ιιεε
1187 4668 1300 4723 litterae
1314 4667 1441 4737 duplices
1459 4672 1525 4724 suut

221 4743 297 4813 apud
316 4743 436 4798 Graecos
491 4746 590 4816 ζξψ]
608 4763 627 4800 x
644 4746 740 4813 yzB
800 4752 833 4800 13
852 4758 875 4813 u
894 4752 957 4802 onte
976 4748 1053 4803 nnllo
1071 4753 1174 4818 etpost
1191 4765 1242 4819 per
1258 4747 1351 4805 omB
1405 4755 1439 4803 et
1459 4750 1523 4804 ecri-

220 4822 332 4894 ba'mus]
353 4822 498 4878 scribimus
515 4824 543 4877 Β
