3316 5474
250 366 317 432 424
816 368 988 425 posinunt

251 468 419 518 amum

406 555 570 632 ignavum
594 555 696 615 lucos
719 574 831 635 pecus
854 574 870 616 a
893 554 1133 635 praesepibus
1158 567 1296 618 arcent:

406 670 466 722 aut
489 670 570 722 ante
593 680 653 722 ora
676 662 777 724 deum
801 664 948 742 pinguis
974 664 1155 742 spatiatur
1178 663 1218 722 ad
1241 681 1334 739 aras,

252 767 339 828 modo
363 766 474 848 iundit,
498 767 585 828 modo
608 771 765 847 spatiatur:

622 884 683 935 aut
705 884 827 955 raptas
850 875 1081 954 fugientibus
1103 878 1240 955 ingerit
1263 876 1395 937 bastas.

684 1119 743 1185 Du
775 1119 1119 1188 INTERIEOTIONE
1592 1140 1605 1181 ι

339 1267 508 1328 Interiectio
532 1273 669 1346 estpars
692 1269 834 1331 orationis
857 1270 1027 1350 significans
1050 1270 1188 1350 allectum
1211 1271 1299 1330 animi
1319 1317 1326 1330 .
1351 1270 1432 1328 vario
1457 1278 1564 1330 autem

251 1375 358 1435 ellectu
378 1393 543 1437 movemur:
566 1383 618 1436 aut
636 1377 714 1436 enim
733 1375 872 1438 laetitiam
893 1377 1106 1459 significamus,
1129 1384 1163 1438 ut
1182 1394 1215 1436 ra
1235 1395 1319 1458 evax,
1342 1384 1394 1436 aut
1413 1374 1564 1459 dolorem,

251 1490 358 1541 utrae
382 1479 455 1562 beu,
478 1489 529 1542 aut
551 1482 800 1563 ammirationem,
821 1478 825 1564 Ι
846 1491 879 1544 ut
902 1482 993 1544 babae
1018 1483 1093 1544 eben
1118 1532 1124 1545 .
1148 1503 1184 1543 ex
1212 1483 1257 1543 bis
1285 1482 1382 1562 colligi
1412 1481 1562 1564 deinceps

251 1586 299 1647 alii
323 1594 421 1648 motus
444 1590 610 1649 animorum
638 1597 764 1668 possunt
787 1636 794 1650 .
818 1607 891 1669 apex
920 1589 1038 1651 Donati:
1067 1597 1118 1651 aut
1144 1591 1318 1672 metuentis,
1346 1598 1380 1650 ut
1412 1591 1440 1648 ei
1470 1597 1561 1672 attat3

251 1703 301 1755 aut
324 1696 466 1776 optantis,
489 1703 523 1756 ut
545 1714 563 1754 o
587 1697 699 1756 utinam
724 1744 730 1756 .
755 1696 807 1756 sed
830 1695 902 1757 baec
922 1695 1025 1756 Graeci
1048 1695 1187 1756 adverbio
1206 1696 1365 1778 applicant,
1388 1697 1470 1774 quod
1491 1696 1561 1758 ideo
1577 1713 1601 1753 ro

252 1800 347 1862 Latini
379 1821 438 1863 non
471 1804 596 1884 iaciunt,
633 1805 701 1882 quia
738 1803 862 1864 huiusce
901 1803 978 1864 modi
1017 1821 1104 1862 noces
1137 1821 1195 1863 non
1229 1806 1328 1864 statim
1360 1802 1561 1882 subsequitur

251 1909 373 1970 verbum
402 1957 409 1971 .
437 1909 508 1971 licet
535 1918 633 1971 autern
661 1898 716 1990 pro
744 1913 950 1973 interiectione
984 1901 1037 1987 [τό
1065 1919 1163 1971 antem
1190 1903 1435 1992 παρενθέσεως]
1466 1914 1560 1972 etiarn

251 2016 321 2077 alias
348 2024 448 2095 partes
476 2019 619 2078 orationis
647 2018 777 2096 singulas
804 2016 941 2098 pluresve
970 2016 1152 2096 subponere,
1181 2027 1214 2079 ut
1237 2019 1333 2098 nefas,
1360 2036 1415 2097 pro
1440 2021 1526 2081 neias
1551 2069 1558 2082 .

253 2122 393 2184 accentus
416 2124 447 2183 in
471 2123 717 2184 iuterectionibus
737 2125 811 2184 certi
830 2143 896 2184 esse
916 2142 975 2184 non
994 2134 1133 2204 possunt,
1157 2134 1190 2185 ut
1209 2126 1271 2185 lere
1290 2127 1319 2185 in
1339 2123 1404 2185 aliis
1424 2127 1560 2210 vocibuS,

253 2248 325 2308 quas
349 2229 513 2290 inconditas
537 2232 712 2291 invenimus.
1573 2250 1599 2289 rs

802 2368 1006 2435 EXPLICIT

784 2514 1023 2523 -——--—-—.—

340 2639 426 2703 Venit
449 2642 519 2703 mibi
543 2644 573 2703 in
598 2650 728 2703 ruentem
751 2641 840 2702 buius
864 2644 922 2722 rei,
954 2641 1046 2722 pudet
1073 2661 1119 2703 rne
1151 2644 1272 2726 amoris,
1304 2645 1384 2722 piget
1415 2661 1462 2703 rue
1487 2663 1558 2725 pro·

252 2752 401 2832 iectionis,
429 2749 527 2811 taedet
555 2767 601 2810 me
629 2751 837 2830 meretricum,
869 2751 991 2810 miseret
1024 2767 1070 2810 rne
1104 2751 1196 2833 senis,
1229 2751 1354 2811 interest
1384 2769 1448 2811 inea
1481 2750 1558 2812 baec

251 2875 315 2940 res,
342 2860 467 2918 interest
490 2875 569 2938 mea,
597 2859 722 2917 interest
745 2858 810 2916 eius
833 2863 864 2915 et
886 2857 979 2916 refert
1002 2855 1094 2937 illius,
1121 2857 1248 2917 interest
1275 2865 1304 2917 et
1332 2857 1425 2918 reiert
1452 2867 1558 2919 nostra

251 2974 347 3025 vestra
372 2962 503 3044 illorum3
520 2981 599 3040 ⁴egeo
624 2964 720 3022 victus
743 2971 773 3023 et
797 2964 889 3043 rictu,
913 2963 1029 3042 patiens
1052 2982 1117 3024 sum
1142 2962 1265 3046 laboris,
1288 2963 1373 3023 doleo
1397 2965 1493 3024 vicem
1513 2967 1559 3026 tui
1573 2982 1601 3022 eo

250 3080 280 3133 et
303 3081 398 3151 tuam,
426 3070 530 3131 similis
559 3088 623 3129 sum
653 3072 711 3150 tui,
738 3069 903 3130 discrucior
934 3071 1023 3130 animi
1047 3080 1076 3129 et
1099 3072 1196 3131 animo
1224 3079 1254 3129 et
1281 3072 1425 3151 animum,
1454 3089 1558 3132 amans

250 3285 339 3346 buius
363 3287 406 3345 rei
431 3294 461 3346 et
483 3284 538 3345 bac
563 3303 608 3367 re,
632 3286 694 3344 veri
718 3283 827 3365 simile,
855 3285 949 3344 reiert
976 3303 1054 3368 mea,
1082 3284 1206 3364 impleor
1234 3287 1294 3346 riui
1318 3293 1347 3345 et
1372 3287 1452 3367 vino,
1481 3284 1557 3346 obli·

251 3394 348 3452 viscor
371 3395 415 3452 tui
439 3400 469 3452 ot
492 3400 530 3452 te.

339 3498 438 3559 Noceo
457 3501 592 3579 inimico,
611 3498 797 3559 incommodo
813 3500 931 3578 viatori,
954 3500 1051 3559 olbcio
1066 3499 1244 3582 insidiatori,
1267 3499 1388 3560 rnedeor
1402 3499 1557 3579 languenti
1573 3519 1600 3558 ιιι

251 3600 323 3688 (boc
354 3605 476 3666 verbnm
504 3605 644 3682 perfecto
672 3599 788 3688 caret),
821 3603 955 3665 blandior
987 3608 1078 3687 patri,
1110 3607 1232 3668 ancillor
1264 3611 1417 3687 inagistro,
1451 3605 1557 3668 adulor

252 3711 381 3793 mulieri,
410 3714 548 3772 conscius
576 3715 650 3772 milri
676 3731 742 3772 snm
771 3712 854 3790 iacti,
881 3714 1056 3815 patrocinor
1078 3717 1205 3796 patriae,
1237 3718 1386 3775 convicier
1418 3713 1558 3798 debitori,

341 3920 431 3974 Oodcn
458 3920 653 3989 Sonpollensis.
709 3925 725 3972 ὅ
754 3918 801 3971 ΒΕ
830 3917 1115 3974 ΙΝΤΕΒΙΕΟΤΙΟΝΕ
1140 3936 1190 3974 om.
1273 3922 1394 3992 tenim]
1419 3939 1483 3977 cnm

252 4003 376 4057 dolorem
394 4001 501 4057 VAEE.
521 4001 597 4055 HEV
616 4005 666 4057 ont
684 3999 908 4056 ammirationem
927 4003 959 4053 ut
975 4016 1013 4054 ua
1026 3999 1108 4057 VAE.
1124 4000 1223 4054 PHEV
1295 4008 1310 4054 9
1330 4005 1362 4056 ut
1380 4008 1406 4056 ci
1426 4006 1488 4056 atta
1507 4006 1558 4058 aut

252 4083 375 4152 optantis
448 4086 481 4136 18
500 4082 618 4137 interest
631 4098 676 4134 me
691 4081 761 4135 baec
775 4096 818 4135 ros
889 4086 921 4133 21
943 4079 1077 4134 discutior
1148 4087 1182 4134 22
1202 4079 1305 4135 iniuria
1376 4087 1409 4134 25
1428 4082 1557 4152 langenti

287 4170 322 4218 26
340 4162 466 4233 perfecto
485 4164 562 4216 caret
575 4178 625 4217 om.
698 4167 731 4214 27
751 4160 877 4216 conscius
895 4179 957 4214 eum
969 4161 1046 4216 facto
1064 4161 1218 4229 patricinor
1235 4162 1345 4230 patriae

340 4368 426 4420 2oui
443 4367 523 4436 anm]
548 4366 625 4435 Verg.
645 4367 713 4423 Aere.
735 4368 818 4421 1111
835 4373 874 4424 62
955 4369 1042 4422 lant
1064 4366 1172 4436 raptus]
1203 4363 1280 4435 Verp.
1305 4368 1373 4421 am.
1402 4367 1475 4421 XII
1496 4373 1557 4426 329

287 4453 304 4500 t>
322 4445 495 4518 interiectio]
515 4447 623 4501 Olearia.
638 4464 668 4516 p.
687 4453 790 4512 238,19
863 4452 880 4500 9
897 4449 1014 4514 foetosae
1031 4447 1105 4517 apud
1124 4447 1265 4502 Donatum
1337 4451 1386 4504 ont
1404 4451 1558 4509 metuentis

253 4559 285 4570 —
307 4532 340 4581 lb
358 4526 516 4581 invenimus
533 4527 636 4581 Donat.
652 4544 681 4595 p.
701 4532 805 4593 39l,27
877 4532 909 4580 17
930 4526 1015 4582 Venit
1032 4526 1102 4582 mibi
1120 4527 1150 4581 in
1169 4530 1291 4582 mentem
1303 4535 1444 4597 -428,14
1454 4533 1558 4587 Aeneis

251 4606 365 4676 Virgilii
383 4614 509 4676 excerpto
527 4613 592 4662 sont
610 4608 641 4661 in
659 4608 749 4662 codice
768 4608 932 4661 bionocensi
947 4612 1000 4661 601
1016 4609 1077 4676 (M)
1149 4607 1234 4661 Venit
1252 4607 1321 4664 mihi
1339 4609 1368 4662 in
1386 4612 1509 4665 mentem
1522 4645 1557 4655 -

252 4694 331 4756 witti
359 4687 453 4757 potior
480 4688 551 4742 banc
576 4705 634 4742 rem
663 4687 754 4742 Diom.
777 4704 806 4757 p.
833 4692 932 4754 311,Ιό
956 4686 1062 4742 onom.
1078 4705 1109 4757 p.
1128 4692 1215 4757 293ss
1233 4690 1266 4743 dc
1283 4690 1376 4745 idiom.
1395 4706 1448 4746 cas.
1468 4709 1557 4760 pram.

252 4767 300 4823 lot.
319 4767 370 4821 ool.
390 4767 442 4820 IV
455 4784 485 4836 p.
505 4773 561 4821 566
642 4772 676 4820 ib
696 4767 809 4821 medeor
827 4769 956 4835 aegroto,
984 4768 1037 4822 hoc
1066 4771 1160 4822 autem
1187 4769 1302 4823 verbnm
1330 4770 1454 4840 perfeeto
1478 4779 1559 4829 caret

253 4847 397 4902 Diomedes
410 4865 441 4916 p.
461 4852 564 4912 313,2o
