<?xml version="1.0" encoding="UTF-8"?>
<!DOCTYPE html PUBLIC "-//W3C//DTD XHTML 1.0 Transitional//EN"
    "http://www.w3.org/TR/xhtml1/DTD/xhtml1-transitional.dtd">
<html xmlns="http://www.w3.org/1999/xhtml" xml:lang="en" lang="en">
 <head>
  <title>
</title>
<meta http-equiv="Content-Type" content="text/html;charset=utf-8" />
  <meta name='ocr-system' content='tesseract 3.04.00' />
  <meta name='ocr-capabilities' content='ocr_page ocr_carea ocr_par ocr_line ocrx_word'/>
</head>
<body>
  <div class='ocr_page' id='page_1' title='image "./grammaticilatin00keilgoog/grammaticilatin00keilgoog_0228.png"; bbox 0 0 3316 5474; ppageno 0'>
   <div class='ocr_carea' id='block_1_1' title="bbox 178 377 1484 535">
    <p class='ocr_par' dir='ltr' id='par_1_1' title="bbox 178 377 1484 535">
     <span class='ocr_line' id='line_1_1' title="bbox 654 377 1484 442; baseline 0.007 -6"><span class='ocrx_word' id='word_1_1' title='bbox 654 383 702 436; x_wconf 83' lang='lat' dir='ltr'>DE</span> <span class='ocrx_word' id='word_1_2' title='bbox 722 381 1011 438; x_wconf 79' lang='lat' dir='ltr'><strong><em>ORTHOGRAPHIA</em></strong></span> <span class='ocrx_word' id='word_1_3' title='bbox 1216 394 1221 405; x_wconf 92' lang='grc'><strong><em>·</em></strong></span> <span class='ocrx_word' id='word_1_4' title='bbox 1419 377 1484 442; x_wconf 78' lang='grc'>209</span> 
     </span>
     <span class='ocr_line' id='line_1_2' title="bbox 178 483 305 535; baseline -0.024 -11"><span class='ocrx_word' id='word_1_5' title='bbox 178 499 199 535; x_wconf 77' lang='lat' dir='ltr'>p.</span> <span class='ocrx_word' id='word_1_6' title='bbox 213 484 267 524; x_wconf 78' lang='lat' dir='ltr'>reso</span> <span class='ocrx_word' id='word_1_7' title='bbox 280 483 305 522; x_wconf 69' lang='grc' dir='ltr'>ι).</span> 
     </span>
    </p>
   </div>
   <div class='ocr_carea' id='block_1_2' title="bbox 179 563 1483 969">
    <p class='ocr_par' dir='ltr' id='par_1_2' title="bbox 179 563 1483 754">
     <span class='ocr_line' id='line_1_3' title="bbox 267 563 1483 648; baseline -0.003 -21"><span class='ocrx_word' id='word_1_8' title='bbox 267 567 406 648; x_wconf 82' lang='lat' dir='ltr'>Harpyia,</span> <span class='ocrx_word' id='word_1_9' title='bbox 430 567 508 646; x_wconf 91' lang='lat' dir='ltr'>quod</span> <span class='ocrx_word' id='word_1_10' title='bbox 532 583 671 644; x_wconf 87' lang='lat' dir='ltr'>graecum</span> <span class='ocrx_word' id='word_1_11' title='bbox 695 586 803 629; x_wconf 92' lang='lat' dir='ltr'>nomen</span> <span class='ocrx_word' id='word_1_12' title='bbox 827 577 884 647; x_wconf 87' lang='lat' dir='ltr'>est,</span> <span class='ocrx_word' id='word_1_13' title='bbox 907 586 961 646; x_wconf 92' lang='lat' dir='ltr'>per</span> <span class='ocrx_word' id='word_1_14' title='bbox 984 586 1002 646; x_wconf 80' lang='lat' dir='ltr'>y</span> <span class='ocrx_word' id='word_1_15' title='bbox 1024 581 1164 645; x_wconf 89' lang='lat' dir='ltr'>graecum</span> <span class='ocrx_word' id='word_1_16' title='bbox 1188 571 1331 644; x_wconf 91' lang='lat' dir='ltr'>sequente</span> <span class='ocrx_word' id='word_1_17' title='bbox 1355 566 1365 624; x_wconf 93' lang='lat' dir='ltr'>i</span> <span class='ocrx_word' id='word_1_18' title='bbox 1388 563 1483 624; x_wconf 92' lang='lat' dir='ltr'>latino</span> 
     </span>
     <span class='ocr_line' id='line_1_4' title="bbox 179 672 1177 754; baseline -0.003 -19"><span class='ocrx_word' id='word_1_19' title='bbox 179 675 369 736; x_wconf 89' lang='lat' dir='ltr'>scribendum</span> <span class='ocrx_word' id='word_1_20' title='bbox 394 682 453 754; x_wconf 93' lang='lat' dir='ltr'>est,</span> <span class='ocrx_word' id='word_1_21' title='bbox 473 674 478 747; x_wconf 92' lang='grc' dir='ltr'>Ι</span> <span class='ocrx_word' id='word_1_22' title='bbox 499 675 636 751; x_wconf 90' lang='lat' dir='ltr'>quoniam</span> <span class='ocrx_word' id='word_1_23' title='bbox 660 674 737 752; x_wconf 90' lang='lat' dir='ltr'>apud</span> <span class='ocrx_word' id='word_1_24' title='bbox 762 692 813 734; x_wconf 92' lang='lat' dir='ltr'>eos</span> <span class='ocrx_word' id='word_1_25' title='bbox 836 693 871 734; x_wconf 88' lang='grc' dir='ltr'>υι</span> <span class='ocrx_word' id='word_1_26' title='bbox 894 672 1099 752; x_wconf 81' lang='lat' dir='ltr'><strong>diphthongon</strong></span> <span class='ocrx_word' id='word_1_27' title='bbox 1123 680 1177 732; x_wconf 88' lang='lat' dir='ltr'>est.</span> 
     </span>
    </p>

    <p class='ocr_par' dir='ltr' id='par_1_3' title="bbox 180 776 1482 969">
     <span class='ocr_line' id='line_1_5' title="bbox 268 776 1482 863; baseline -0.005 -21"><span class='ocrx_word' id='word_1_28' title='bbox 268 783 339 863; x_wconf 82' lang='lat' dir='ltr'>Ara,</span> <span class='ocrx_word' id='word_1_29' title='bbox 368 799 436 842; x_wconf 91' lang='lat' dir='ltr'>cum</span> <span class='ocrx_word' id='word_1_30' title='bbox 460 780 552 841; x_wconf 91' lang='lat' dir='ltr'>altare</span> <span class='ocrx_word' id='word_1_31' title='bbox 583 781 741 861; x_wconf 83' lang='lat' dir='ltr'>significat,</span> <span class='ocrx_word' id='word_1_32' title='bbox 769 783 833 841; x_wconf 89' lang='lat' dir='ltr'>sine</span> <span class='ocrx_word' id='word_1_33' title='bbox 857 781 1072 860; x_wconf 82' lang='lat' dir='ltr'>adspiratione,</span> <span class='ocrx_word' id='word_1_34' title='bbox 1101 798 1169 839; x_wconf 92' lang='lat' dir='ltr'>cum</span> <span class='ocrx_word' id='word_1_35' title='bbox 1193 798 1263 839; x_wconf 88' lang='lat' dir='ltr'>vero</span> <span class='ocrx_word' id='word_1_36' title='bbox 1287 776 1385 838; x_wconf 87' lang='lat' dir='ltr'>cubile</span> <span class='ocrx_word' id='word_1_37' title='bbox 1413 795 1482 856; x_wconf 93' lang='lat' dir='ltr'>por·</span> 
     </span>
     <span class='ocr_line' id='line_1_6' title="bbox 180 885 835 969; baseline -0.005 -20"><span class='ocrx_word' id='word_1_38' title='bbox 180 907 297 969; x_wconf 92' lang='lat' dir='ltr'>corum,</span> <span class='ocrx_word' id='word_1_39' title='bbox 321 888 611 966; x_wconf 78' lang='lat' dir='ltr'>cum-adspiratione</span> <span class='ocrx_word' id='word_1_40' title='bbox 635 885 835 948; x_wconf 91' lang='lat' dir='ltr'>scribendum.</span> 
     </span>
    </p>
   </div>
   <div class='ocr_carea' id='block_1_3' title="bbox 712 1041 953 1109">
    <p class='ocr_par' dir='ltr' id='par_1_4' title="bbox 712 1041 953 1109">
     <span class='ocr_line' id='line_1_7' title="bbox 712 1041 953 1109; baseline -0.004 0"><span class='ocrx_word' id='word_1_41' title='bbox 712 1041 953 1109; x_wconf 81' lang='lat' dir='ltr'>OONOLVSIO</span> 
     </span>
    </p>
   </div>
   <div class='ocr_carea' id='block_1_4' title="bbox 143 1172 1573 3708">
    <p class='ocr_par' dir='ltr' id='par_1_5' title="bbox 181 1172 1487 1574">
     <span class='ocr_line' id='line_1_8' title="bbox 270 1172 1486 1253; baseline -0.004 -19"><span class='ocrx_word' id='word_1_42' title='bbox 270 1173 462 1253; x_wconf 88' lang='lat' dir='ltr'>Congregatis</span> <span class='ocrx_word' id='word_1_43' title='bbox 496 1175 600 1253; x_wconf 91' lang='lat' dir='ltr'>igitur,</span> <span class='ocrx_word' id='word_1_44' title='bbox 635 1191 710 1252; x_wconf 89' lang='lat' dir='ltr'>quae</span> <span class='ocrx_word' id='word_1_45' title='bbox 740 1192 794 1252; x_wconf 89' lang='lat' dir='ltr'>per</span> <span class='ocrx_word' id='word_1_46' title='bbox 825 1190 915 1252; x_wconf 90' lang='lat' dir='ltr'>supra</span> <span class='ocrx_word' id='word_1_47' title='bbox 945 1172 1040 1232; x_wconf 92' lang='lat' dir='ltr'>dictos</span> <span class='ocrx_word' id='word_1_48' title='bbox 1070 1172 1288 1252; x_wconf 81' lang='lat' dir='ltr'>orthographos</span> <span class='ocrx_word' id='word_1_49' title='bbox 1318 1172 1486 1232; x_wconf 88' lang='lat' dir='ltr'>necessario</span> 
     </span>
     <span class='ocr_line' id='line_1_9' title="bbox 181 1278 1487 1358; baseline -0.001 -21"><span class='ocrx_word' id='word_1_50' title='bbox 181 1282 299 1358; x_wconf 84' lang='lat' dir='ltr'>repperi</span> <span class='ocrx_word' id='word_1_51' title='bbox 323 1281 414 1341; x_wconf 87' lang='lat' dir='ltr'>luisse</span> <span class='ocrx_word' id='word_1_52' title='bbox 435 1282 616 1358; x_wconf 89' lang='lat' dir='ltr'>conscripta,</span> <span class='ocrx_word' id='word_1_53' title='bbox 640 1297 720 1339; x_wconf 92' lang='lat' dir='ltr'>nunc</span> <span class='ocrx_word' id='word_1_54' title='bbox 739 1280 827 1340; x_wconf 79' lang='lat' dir='ltr'>linem</span> <span class='ocrx_word' id='word_1_55' title='bbox 850 1278 917 1339; x_wconf 91' lang='lat' dir='ltr'>libri</span> <span class='ocrx_word' id='word_1_56' title='bbox 938 1278 1056 1339; x_wconf 91' lang='lat' dir='ltr'>domino</span> <span class='ocrx_word' id='word_1_57' title='bbox 1076 1281 1193 1339; x_wconf 86' lang='lat' dir='ltr'>iuvante</span> <span class='ocrx_word' id='word_1_58' title='bbox 1214 1280 1362 1340; x_wconf 84' lang='lat' dir='ltr'>iaciamus.</span> <span class='ocrx_word' id='word_1_59' title='bbox 1400 1278 1487 1338; x_wconf 90' lang='lat' dir='ltr'>datur</span> 
     </span>
     <span class='ocr_line' id='line_1_10' title="bbox 181 1372 1486 1465; baseline 0 -21"><span class='ocrx_word' id='word_1_60' title='bbox 181 1387 260 1444; x_wconf 91' lang='lat' dir='ltr'>enim</span> <span class='ocrx_word' id='word_1_61' title='bbox 284 1386 414 1465; x_wconf 78' lang='lat' dir='ltr'>intellegi</span> <span class='ocrx_word' id='word_1_62' title='bbox 437 1405 501 1446; x_wconf 90' lang='lat' dir='ltr'>rem</span> <span class='ocrx_word' id='word_1_63' title='bbox 525 1387 612 1446; x_wconf 92' lang='lat' dir='ltr'>nimis</span> <span class='ocrx_word' id='word_1_64' title='bbox 635 1384 739 1445; x_wconf 90' lang='lat' dir='ltr'>utilem</span> <span class='ocrx_word' id='word_1_65' title='bbox 763 1372 869 1465; x_wconf 87' lang='lat' dir='ltr'>luisse,</span> <span class='ocrx_word' id='word_1_66' title='bbox 893 1402 967 1463; x_wconf 91' lang='lat' dir='ltr'>quae</span> <span class='ocrx_word' id='word_1_67' title='bbox 991 1392 1035 1445; x_wconf 94' lang='lat' dir='ltr'>tot</span> <span class='ocrx_word' id='word_1_68' title='bbox 1058 1404 1091 1445; x_wconf 93' lang='lat' dir='ltr'>ac</span> <span class='ocrx_word' id='word_1_69' title='bbox 1116 1389 1205 1446; x_wconf 88' lang='lat' dir='ltr'>tantis</span> <span class='ocrx_word' id='word_1_70' title='bbox 1228 1385 1400 1446; x_wconf 85' lang='lat' dir='ltr'>auctoribus</span> <span class='ocrx_word' id='word_1_71' title='bbox 1419 1402 1486 1462; x_wconf 91' lang='lat' dir='ltr'>cog·</span> 
     </span>
     <span class='ocr_line' id='line_1_11' title="bbox 183 1491 1487 1574; baseline -0.002 -23"><span class='ocrx_word' id='word_1_72' title='bbox 183 1495 316 1552; x_wconf 92' lang='lat' dir='ltr'>noscitur</span> <span class='ocrx_word' id='word_1_73' title='bbox 340 1511 405 1553; x_wconf 90' lang='lat' dir='ltr'>esse</span> <span class='ocrx_word' id='word_1_74' title='bbox 430 1500 566 1573; x_wconf 90' lang='lat' dir='ltr'>tractata,</span> <span class='ocrx_word' id='word_1_75' title='bbox 594 1495 746 1574; x_wconf 89' lang='lat' dir='ltr'>quoniam,</span> <span class='ocrx_word' id='word_1_76' title='bbox 775 1493 872 1571; x_wconf 89' lang='lat' dir='ltr'>siquid</span> <span class='ocrx_word' id='word_1_77' title='bbox 901 1510 916 1550; x_wconf 91' lang='lat' dir='ltr'>a</span> <span class='ocrx_word' id='word_1_78' title='bbox 946 1491 1097 1570; x_wconf 88' lang='lat' dir='ltr'>prioribus</span> <span class='ocrx_word' id='word_1_79' title='bbox 1120 1495 1363 1571; x_wconf 88' lang='lat' dir='ltr'>praetermissum</span> <span class='ocrx_word' id='word_1_80' title='bbox 1387 1499 1445 1570; x_wconf 92' lang='lat' dir='ltr'>est,</span> <span class='ocrx_word' id='word_1_81' title='bbox 1471 1508 1487 1549; x_wconf 93' lang='lat' dir='ltr'>a</span> 
     </span>
    </p>

    <p class='ocr_par' dir='ltr' id='par_1_6' title="bbox 143 1596 1489 2107">
     <span class='ocr_line' id='line_1_12' title="bbox 143 1596 1486 1678; baseline -0.001 -21"><span class='ocrx_word' id='word_1_82' title='bbox 143 1613 167 1649; x_wconf 88' lang='lat'>10</span> <span class='ocrx_word' id='word_1_83' title='bbox 182 1598 376 1676; x_wconf 87' lang='lat' dir='ltr'>sequentibus</span> <span class='ocrx_word' id='word_1_84' title='bbox 400 1607 516 1660; x_wconf 91' lang='lat' dir='ltr'>constat</span> <span class='ocrx_word' id='word_1_85' title='bbox 538 1599 701 1678; x_wconf 87' lang='lat' dir='ltr'>impletum.</span> <span class='ocrx_word' id='word_1_86' title='bbox 739 1601 907 1660; x_wconf 86' lang='lat' dir='ltr'>meminisse</span> <span class='ocrx_word' id='word_1_87' title='bbox 931 1607 1030 1658; x_wconf 89' lang='lat' dir='ltr'>autem</span> <span class='ocrx_word' id='word_1_88' title='bbox 1054 1596 1196 1659; x_wconf 92' lang='lat' dir='ltr'>debemus</span> <span class='ocrx_word' id='word_1_89' title='bbox 1220 1600 1394 1677; x_wconf 81' lang='lat' dir='ltr'>frequenter</span> <span class='ocrx_word' id='word_1_90' title='bbox 1417 1599 1486 1656; x_wconf 94' lang='lat' dir='ltr'>arti·</span> 
     </span>
     <span class='ocr_line' id='line_1_13' title="bbox 182 1702 1485 1785; baseline -0.002 -21"><span class='ocrx_word' id='word_1_91' title='bbox 182 1705 309 1784; x_wconf 92' lang='lat' dir='ltr'>graphos</span> <span class='ocrx_word' id='word_1_92' title='bbox 333 1705 369 1765; x_wconf 90' lang='lat' dir='ltr'>de</span> <span class='ocrx_word' id='word_1_93' title='bbox 388 1705 597 1785; x_wconf 80' lang='lat' dir='ltr'>orthographia</span> <span class='ocrx_word' id='word_1_94' title='bbox 617 1714 758 1768; x_wconf 89' lang='lat' dir='ltr'>tractasse</span> <span class='ocrx_word' id='word_1_95' title='bbox 777 1714 808 1766; x_wconf 92' lang='lat' dir='ltr'>et</span> <span class='ocrx_word' id='word_1_96' title='bbox 831 1708 940 1765; x_wconf 89' lang='lat' dir='ltr'>iterum</span> <span class='ocrx_word' id='word_1_97' title='bbox 959 1704 1174 1784; x_wconf 85' lang='lat' dir='ltr'>orthographos</span> <span class='ocrx_word' id='word_1_98' title='bbox 1193 1705 1229 1765; x_wconf 89' lang='lat' dir='ltr'>de</span> <span class='ocrx_word' id='word_1_99' title='bbox 1248 1708 1377 1784; x_wconf 90' lang='lat' dir='ltr'>partium</span> <span class='ocrx_word' id='word_1_100' title='bbox 1397 1702 1485 1763; x_wconf 90' lang='lat' dir='ltr'>decli·</span> 
     </span>
     <span class='ocr_line' id='line_1_14' title="bbox 183 1810 1488 1896; baseline -0.002 -26"><span class='ocrx_word' id='word_1_101' title='bbox 183 1814 300 1872; x_wconf 88' lang='lat' dir='ltr'>natione</span> <span class='ocrx_word' id='word_1_102' title='bbox 331 1812 520 1893; x_wconf 86' lang='lat' dir='ltr'>disseruisse,</span> <span class='ocrx_word' id='word_1_103' title='bbox 551 1832 618 1873; x_wconf 93' lang='lat' dir='ltr'>cum</span> <span class='ocrx_word' id='word_1_104' title='bbox 648 1819 746 1896; x_wconf 87' lang='lat' dir='ltr'>tamen</span> <span class='ocrx_word' id='word_1_105' title='bbox 774 1830 824 1872; x_wconf 90' lang='lat' dir='ltr'>res</span> <span class='ocrx_word' id='word_1_106' title='bbox 852 1810 908 1871; x_wconf 93' lang='lat' dir='ltr'>sibi</span> <span class='ocrx_word' id='word_1_107' title='bbox 938 1829 1103 1890; x_wconf 87' lang='lat' dir='ltr'>repugnare</span> <span class='ocrx_word' id='word_1_108' title='bbox 1136 1811 1298 1871; x_wconf 88' lang='lat' dir='ltr'>videantur.</span> <span class='ocrx_word' id='word_1_109' title='bbox 1336 1828 1385 1869; x_wconf 89' lang='lat' dir='ltr'>ars</span> <span class='ocrx_word' id='word_1_110' title='bbox 1408 1811 1488 1869; x_wconf 90' lang='lat' dir='ltr'>euim</span> 
     </span>
     <span class='ocr_line' id='line_1_15' title="bbox 183 1915 1489 2000; baseline -0.003 -22"><span class='ocrx_word' id='word_1_111' title='bbox 183 1926 289 1979; x_wconf 89' lang='lat' dir='ltr'>tractat</span> <span class='ocrx_word' id='word_1_112' title='bbox 311 1921 348 1980; x_wconf 93' lang='lat' dir='ltr'>de</span> <span class='ocrx_word' id='word_1_113' title='bbox 371 1923 501 1999; x_wconf 88' lang='lat' dir='ltr'>partium</span> <span class='ocrx_word' id='word_1_114' title='bbox 525 1919 738 2000; x_wconf 89' lang='lat' dir='ltr'>declinatione,</span> <span class='ocrx_word' id='word_1_115' title='bbox 761 1918 968 1998; x_wconf 87' lang='lat' dir='ltr'>orthographia</span> <span class='ocrx_word' id='word_1_116' title='bbox 992 1936 1062 1978; x_wconf 84' lang='lat' dir='ltr'>vero</span> <span class='ocrx_word' id='word_1_117' title='bbox 1086 1936 1175 1996; x_wconf 89' lang='lat' dir='ltr'>quem</span> <span class='ocrx_word' id='word_1_118' title='bbox 1194 1917 1229 1976; x_wconf 91' lang='lat' dir='ltr'>ad</span> <span class='ocrx_word' id='word_1_119' title='bbox 1254 1917 1374 1978; x_wconf 90' lang='lat' dir='ltr'>modum</span> <span class='ocrx_word' id='word_1_120' title='bbox 1398 1915 1489 1976; x_wconf 89' lang='lat' dir='ltr'>scribi</span> 
     </span>
     <span class='ocr_line' id='line_1_16' title="bbox 184 2023 1488 2107; baseline -0.002 -23"><span class='ocrx_word' id='word_1_121' title='bbox 184 2024 289 2086; x_wconf 90' lang='lat' dir='ltr'>debeat</span> <span class='ocrx_word' id='word_1_122' title='bbox 308 2026 455 2107; x_wconf 90' lang='lat' dir='ltr'>designat,</span> <span class='ocrx_word' id='word_1_123' title='bbox 474 2027 552 2107; x_wconf 89' lang='lat' dir='ltr'>quod</span> <span class='ocrx_word' id='word_1_124' title='bbox 572 2029 701 2106; x_wconf 92' lang='lat' dir='ltr'>partium</span> <span class='ocrx_word' id='word_1_125' title='bbox 720 2025 876 2086; x_wconf 82' lang='lat' dir='ltr'>declinatio</span> <span class='ocrx_word' id='word_1_126' title='bbox 896 2025 1004 2085; x_wconf 89' lang='lat' dir='ltr'>decora</span> <span class='ocrx_word' id='word_1_127' title='bbox 1023 2025 1164 2103; x_wconf 87' lang='lat' dir='ltr'>repperit.</span> <span class='ocrx_word' id='word_1_128' title='bbox 1192 2023 1248 2084; x_wconf 91' lang='lat' dir='ltr'>hoc</span> <span class='ocrx_word' id='word_1_129' title='bbox 1268 2025 1341 2083; x_wconf 90' lang='lat' dir='ltr'>siin</span> <span class='ocrx_word' id='word_1_130' title='bbox 1361 2024 1488 2083; x_wconf 88' lang='lat' dir='ltr'>auctori·</span> 
     </span>
    </p>

    <p class='ocr_par' dir='ltr' id='par_1_7' title="bbox 144 2128 1573 2640">
     <span class='ocr_line' id='line_1_17' title="bbox 144 2128 1488 2214; baseline -0.003 -22"><span class='ocrx_word' id='word_1_131' title='bbox 144 2145 170 2185; x_wconf 82' lang='lat'>15</span> <span class='ocrx_word' id='word_1_132' title='bbox 185 2131 242 2192; x_wconf 90' lang='lat' dir='ltr'>bus</span> <span class='ocrx_word' id='word_1_133' title='bbox 265 2151 383 2212; x_wconf 88' lang='lat' dir='ltr'>semper</span> <span class='ocrx_word' id='word_1_134' title='bbox 406 2134 584 2214; x_wconf 89' lang='lat' dir='ltr'>intenderis,</span> <span class='ocrx_word' id='word_1_135' title='bbox 612 2141 645 2193; x_wconf 90' lang='lat' dir='ltr'>ut</span> <span class='ocrx_word' id='word_1_136' title='bbox 673 2151 727 2212; x_wconf 92' lang='lat' dir='ltr'>pro</span> <span class='ocrx_word' id='word_1_137' title='bbox 755 2132 827 2193; x_wconf 92' lang='lat' dir='ltr'>locis</span> <span class='ocrx_word' id='word_1_138' title='bbox 851 2134 913 2192; x_wconf 91' lang='lat' dir='ltr'>suis</span> <span class='ocrx_word' id='word_1_139' title='bbox 941 2133 1036 2211; x_wconf 92' lang='lat' dir='ltr'>posita</span> <span class='ocrx_word' id='word_1_140' title='bbox 1060 2129 1217 2208; x_wconf 87' lang='lat' dir='ltr'>diligenter</span> <span class='ocrx_word' id='word_1_141' title='bbox 1239 2131 1379 2210; x_wconf 89' lang='lat' dir='ltr'>accipias,</span> <span class='ocrx_word' id='word_1_142' title='bbox 1408 2128 1488 2189; x_wconf 90' lang='lat' dir='ltr'>nullo</span> 
     </span>
     <span class='ocr_line' id='line_1_18' title="bbox 182 2235 1489 2319; baseline -0.003 -21"><span class='ocrx_word' id='word_1_143' title='bbox 182 2257 284 2299; x_wconf 89' lang='lat' dir='ltr'>errore</span> <span class='ocrx_word' id='word_1_144' title='bbox 309 2240 483 2319; x_wconf 76' lang='lat' dir='ltr'>fatigaberis.</span> <span class='ocrx_word' id='word_1_145' title='bbox 523 2259 603 2300; x_wconf 91' lang='lat' dir='ltr'>nunc</span> <span class='ocrx_word' id='word_1_146' title='bbox 627 2243 741 2301; x_wconf 91' lang='lat' dir='ltr'>animos</span> <span class='ocrx_word' id='word_1_147' title='bbox 764 2239 896 2319; x_wconf 89' lang='lat' dir='ltr'>legentes</span> <span class='ocrx_word' id='word_1_148' title='bbox 919 2241 1024 2317; x_wconf 90' lang='lat' dir='ltr'>erigite</span> <span class='ocrx_word' id='word_1_149' title='bbox 1048 2246 1078 2298; x_wconf 92' lang='lat' dir='ltr'>et</span> <span class='ocrx_word' id='word_1_150' title='bbox 1106 2237 1231 2316; x_wconf 91' lang='lat' dir='ltr'>gaudete</span> <span class='ocrx_word' id='word_1_151' title='bbox 1256 2244 1353 2297; x_wconf 90' lang='lat' dir='ltr'>tantos</span> <span class='ocrx_word' id='word_1_152' title='bbox 1377 2235 1412 2295; x_wconf 89' lang='lat' dir='ltr'>ad</span> <span class='ocrx_word' id='word_1_153' title='bbox 1436 2252 1489 2294; x_wconf 89' lang='lat' dir='ltr'>vos</span> 
     </span>
     <span class='ocr_line' id='line_1_19' title="bbox 182 2343 1573 2427; baseline -0.004 -22"><span class='ocrx_word' id='word_1_154' title='bbox 182 2348 297 2424; x_wconf 91' lang='lat' dir='ltr'>priscos</span> <span class='ocrx_word' id='word_1_155' title='bbox 315 2349 486 2425; x_wconf 85' lang='lat' dir='ltr'>pervenisse</span> <span class='ocrx_word' id='word_1_156' title='bbox 501 2355 647 2427; x_wconf 86' lang='lat' dir='ltr'>auctores,</span> <span class='ocrx_word' id='word_1_157' title='bbox 662 2354 695 2406; x_wconf 94' lang='lat' dir='ltr'>ut</span> <span class='ocrx_word' id='word_1_158' title='bbox 714 2348 758 2406; x_wconf 93' lang='lat' dir='ltr'>eis</span> <span class='ocrx_word' id='word_1_159' title='bbox 772 2346 896 2406; x_wconf 87' lang='lat' dir='ltr'>credere</span> <span class='ocrx_word' id='word_1_160' title='bbox 913 2344 1076 2406; x_wconf 87' lang='lat' dir='ltr'>indubitata</span> <span class='ocrx_word' id='word_1_161' title='bbox 1093 2352 1191 2405; x_wconf 90' lang='lat' dir='ltr'>mente</span> <span class='ocrx_word' id='word_1_162' title='bbox 1206 2343 1346 2404; x_wconf 87' lang='lat' dir='ltr'>debeatis.</span> <span class='ocrx_word' id='word_1_163' title='bbox 1370 2359 1489 2421; x_wconf 91' lang='lat' dir='ltr'>possem</span> <span class='ocrx_word' id='word_1_164' title='bbox 1568 2359 1573 2383; x_wconf 72' lang='lat'>=</span> 
     </span>
     <span class='ocr_line' id='line_1_20' title="bbox 183 2447 1489 2540; baseline -0.003 -28"><span class='ocrx_word' id='word_1_165' title='bbox 183 2452 302 2540; x_wconf 86' lang='lat' dir='ltr'>quidem</span> <span class='ocrx_word' id='word_1_166' title='bbox 321 2454 456 2533; x_wconf 78' lang='lat' dir='ltr'>Aquilam</span> <span class='ocrx_word' id='word_1_167' title='bbox 480 2461 509 2515; x_wconf 91' lang='lat' dir='ltr'>et</span> <span class='ocrx_word' id='word_1_168' title='bbox 528 2452 757 2532; x_wconf 79' lang='lat' dir='ltr'>Quintilianum,</span> <span class='ocrx_word' id='word_1_169' title='bbox 780 2452 832 2512; x_wconf 92' lang='lat' dir='ltr'>sed</span> <span class='ocrx_word' id='word_1_170' title='bbox 853 2461 882 2513; x_wconf 96' lang='lat' dir='ltr'>et</span> <span class='ocrx_word' id='word_1_171' title='bbox 900 2453 1032 2530; x_wconf 81' lang='lat' dir='ltr'>Avitum,</span> <span class='ocrx_word' id='word_1_172' title='bbox 1055 2469 1130 2529; x_wconf 93' lang='lat' dir='ltr'>quos</span> <span class='ocrx_word' id='word_1_173' title='bbox 1154 2470 1213 2511; x_wconf 87' lang='lat' dir='ltr'>non</span> <span class='ocrx_word' id='word_1_174' title='bbox 1239 2449 1312 2511; x_wconf 92' lang='lat' dir='ltr'>nulli</span> <span class='ocrx_word' id='word_1_175' title='bbox 1335 2452 1364 2509; x_wconf 91' lang='lat' dir='ltr'>in</span> <span class='ocrx_word' id='word_1_176' title='bbox 1389 2447 1489 2508; x_wconf 91' lang='lat' dir='ltr'>ortho-</span> 
     </span>
     <span class='ocr_line' id='line_1_21' title="bbox 183 2554 1488 2640; baseline -0.006 -20"><span class='ocrx_word' id='word_1_177' title='bbox 183 2561 320 2640; x_wconf 90' lang='lat' dir='ltr'>graphiae</span> <span class='ocrx_word' id='word_1_178' title='bbox 344 2564 450 2640; x_wconf 90' lang='lat' dir='ltr'>peritia</span> <span class='ocrx_word' id='word_1_179' title='bbox 468 2560 630 2621; x_wconf 89' lang='lat' dir='ltr'>laudandos</span> <span class='ocrx_word' id='word_1_180' title='bbox 650 2577 715 2619; x_wconf 92' lang='lat' dir='ltr'>esse</span> <span class='ocrx_word' id='word_1_181' title='bbox 738 2566 931 2639; x_wconf 89' lang='lat' dir='ltr'>putaverunt,</span> <span class='ocrx_word' id='word_1_182' title='bbox 955 2576 1030 2637; x_wconf 88' lang='lat' dir='ltr'>quos</span> <span class='ocrx_word' id='word_1_183' title='bbox 1049 2566 1146 2618; x_wconf 67' lang='lat' dir='ltr'>umen</span> <span class='ocrx_word' id='word_1_184' title='bbox 1166 2566 1308 2618; x_wconf 88' lang='lat' dir='ltr'>venturos</span> <span class='ocrx_word' id='word_1_185' title='bbox 1320 2559 1357 2634; x_wconf 81' lang='lat' dir='ltr'>tn</span> <span class='ocrx_word' id='word_1_186' title='bbox 1377 2554 1488 2614; x_wconf 88' lang='lat' dir='ltr'>Christi</span> 
     </span>
    </p>

    <p class='ocr_par' dir='ltr' id='par_1_8' title="bbox 143 2663 1490 3172">
     <span class='ocr_line' id='line_1_22' title="bbox 143 2663 1489 2747; baseline -0.004 -21"><span class='ocrx_word' id='word_1_187' title='bbox 143 2680 169 2717; x_wconf 82' lang='lat'>20</span> <span class='ocrx_word' id='word_1_188' title='bbox 184 2670 301 2728; x_wconf 92' lang='lat' dir='ltr'>nomine</span> <span class='ocrx_word' id='word_1_189' title='bbox 321 2668 475 2728; x_wconf 86' lang='lat' dir='ltr'>celerrime</span> <span class='ocrx_word' id='word_1_190' title='bbox 496 2669 691 2747; x_wconf 89' lang='lat' dir='ltr'>sustinemus,</span> <span class='ocrx_word' id='word_1_191' title='bbox 713 2665 919 2746; x_wconf 92' lang='lat' dir='ltr'>superioribus</span> <span class='ocrx_word' id='word_1_192' title='bbox 937 2663 1110 2725; x_wconf 89' lang='lat' dir='ltr'>auctoribus</span> <span class='ocrx_word' id='word_1_193' title='bbox 1129 2663 1245 2724; x_wconf 89' lang='lat' dir='ltr'>addere.</span> <span class='ocrx_word' id='word_1_194' title='bbox 1283 2663 1334 2724; x_wconf 88' lang='lat' dir='ltr'>sed</span> <span class='ocrx_word' id='word_1_195' title='bbox 1355 2679 1489 2723; x_wconf 86' lang='lat' dir='ltr'>necessa·</span> 
     </span>
     <span class='ocr_line' id='line_1_23' title="bbox 183 2768 1489 2852; baseline -0.005 -19"><span class='ocrx_word' id='word_1_196' title='bbox 183 2776 260 2834; x_wconf 93' lang='lat' dir='ltr'>rium</span> <span class='ocrx_word' id='word_1_197' title='bbox 285 2792 344 2834; x_wconf 91' lang='lat' dir='ltr'>non</span> <span class='ocrx_word' id='word_1_198' title='bbox 367 2782 414 2834; x_wconf 91' lang='lat' dir='ltr'>est</span> <span class='ocrx_word' id='word_1_199' title='bbox 434 2771 590 2851; x_wconf 91' lang='lat' dir='ltr'>multiplici</span> <span class='ocrx_word' id='word_1_200' title='bbox 609 2790 733 2832; x_wconf 92' lang='lat' dir='ltr'>numero</span> <span class='ocrx_word' id='word_1_201' title='bbox 753 2772 822 2833; x_wconf 94' lang='lat' dir='ltr'>dare</span> <span class='ocrx_word' id='word_1_202' title='bbox 846 2772 1008 2852; x_wconf 82' lang='lat' dir='ltr'>boemiam,</span> <span class='ocrx_word' id='word_1_203' title='bbox 1031 2790 1099 2832; x_wconf 89' lang='lat' dir='ltr'>cum</span> <span class='ocrx_word' id='word_1_204' title='bbox 1118 2790 1178 2832; x_wconf 93' lang='lat' dir='ltr'>non</span> <span class='ocrx_word' id='word_1_205' title='bbox 1197 2773 1257 2831; x_wconf 91' lang='lat' dir='ltr'>sint</span> <span class='ocrx_word' id='word_1_206' title='bbox 1275 2772 1395 2830; x_wconf 89' lang='lat' dir='ltr'>omnino</span> <span class='ocrx_word' id='word_1_207' title='bbox 1419 2768 1489 2829; x_wconf 87' lang='lat' dir='ltr'>dess-</span> 
     </span>
     <span class='ocr_line' id='line_1_24' title="bbox 184 2877 1489 2960; baseline -0.004 -19"><span class='ocrx_word' id='word_1_208' title='bbox 184 2883 237 2941; x_wconf 90' lang='lat' dir='ltr'>niti</span> <span class='ocrx_word' id='word_1_209' title='bbox 270 2883 372 2960; x_wconf 89' lang='lat' dir='ltr'>quanti</span> <span class='ocrx_word' id='word_1_210' title='bbox 400 2880 436 2940; x_wconf 92' lang='lat' dir='ltr'>de</span> <span class='ocrx_word' id='word_1_211' title='bbox 464 2879 567 2939; x_wconf 89' lang='lat' dir='ltr'>eadem</span> <span class='ocrx_word' id='word_1_212' title='bbox 593 2896 628 2938; x_wconf 88' lang='lat' dir='ltr'>re</span> <span class='ocrx_word' id='word_1_213' title='bbox 651 2877 783 2940; x_wconf 91' lang='lat' dir='ltr'>scribere</span> <span class='ocrx_word' id='word_1_214' title='bbox 806 2879 984 2940; x_wconf 89' lang='lat' dir='ltr'>maluerunt.</span> <span class='ocrx_word' id='word_1_215' title='bbox 1021 2898 1088 2939; x_wconf 91' lang='lat' dir='ltr'>nam</span> <span class='ocrx_word' id='word_1_216' title='bbox 1111 2880 1136 2939; x_wconf 92' lang='lat' dir='ltr'>si</span> <span class='ocrx_word' id='word_1_217' title='bbox 1163 2879 1319 2938; x_wconf 90' lang='lat' dir='ltr'>duodecim</span> <span class='ocrx_word' id='word_1_218' title='bbox 1347 2877 1489 2937; x_wconf 89' lang='lat' dir='ltr'>horarum</span> 
     </span>
     <span class='ocr_line' id='line_1_25' title="bbox 183 2984 1490 3066; baseline -0.004 -20"><span class='ocrx_word' id='word_1_219' title='bbox 183 2990 275 3066; x_wconf 90' lang='lat' dir='ltr'>spatia</span> <span class='ocrx_word' id='word_1_220' title='bbox 309 2986 386 3047; x_wconf 93' lang='lat' dir='ltr'>diem</span> <span class='ocrx_word' id='word_1_221' title='bbox 418 2989 555 3066; x_wconf 91' lang='lat' dir='ltr'>protinus</span> <span class='ocrx_word' id='word_1_222' title='bbox 583 2984 731 3064; x_wconf 89' lang='lat' dir='ltr'>complere</span> <span class='ocrx_word' id='word_1_223' title='bbox 760 2993 940 3066; x_wconf 91' lang='lat' dir='ltr'>noscuntur,</span> <span class='ocrx_word' id='word_1_224' title='bbox 973 2987 998 3045; x_wconf 93' lang='lat' dir='ltr'>si</span> <span class='ocrx_word' id='word_1_225' title='bbox 1031 2984 1186 3045; x_wconf 88' lang='lat' dir='ltr'>duodecim</span> <span class='ocrx_word' id='word_1_226' title='bbox 1220 3003 1338 3062; x_wconf 92' lang='lat' dir='ltr'>quoque</span> <span class='ocrx_word' id='word_1_227' title='bbox 1371 3000 1490 3042; x_wconf 90' lang='lat' dir='ltr'>menses</span> 
     </span>
     <span class='ocr_line' id='line_1_26' title="bbox 184 3086 1490 3172; baseline -0.004 -19"><span class='ocrx_word' id='word_1_228' title='bbox 184 3112 293 3154; x_wconf 88' lang='lat' dir='ltr'>annum</span> <span class='ocrx_word' id='word_1_229' title='bbox 313 3092 432 3154; x_wconf 89' lang='lat' dir='ltr'>volubili</span> <span class='ocrx_word' id='word_1_230' title='bbox 453 3095 592 3154; x_wconf 87' lang='lat' dir='ltr'>varietate</span> <span class='ocrx_word' id='word_1_231' title='bbox 611 3094 787 3172; x_wconf 89' lang='lat' dir='ltr'>restituunt,</span> <span class='ocrx_word' id='word_1_232' title='bbox 810 3095 835 3152; x_wconf 92' lang='lat' dir='ltr'>si</span> <span class='ocrx_word' id='word_1_233' title='bbox 859 3091 1015 3152; x_wconf 87' lang='lat' dir='ltr'>duodecim</span> <span class='ocrx_word' id='word_1_234' title='bbox 1035 3093 1118 3171; x_wconf 89' lang='lat' dir='ltr'>signa</span> <span class='ocrx_word' id='word_1_235' title='bbox 1138 3090 1275 3151; x_wconf 90' lang='lat' dir='ltr'>caelestia</span> <span class='ocrx_word' id='word_1_236' title='bbox 1294 3092 1386 3150; x_wconf 91' lang='lat' dir='ltr'>totius</span> <span class='ocrx_word' id='word_1_237' title='bbox 1405 3086 1490 3148; x_wconf 93' lang='lat' dir='ltr'>nobis</span> 
     </span>
    </p>

    <p class='ocr_par' dir='ltr' id='par_1_9' title="bbox 144 3196 1492 3494">
     <span class='ocr_line' id='line_1_27' title="bbox 144 3196 1492 3280; baseline -0.004 -21"><span class='ocrx_word' id='word_1_238' title='bbox 144 3212 169 3250; x_wconf 73' lang='lat'>25</span> <span class='ocrx_word' id='word_1_239' title='bbox 185 3200 288 3261; x_wconf 91' lang='lat' dir='ltr'>circuli</span> <span class='ocrx_word' id='word_1_240' title='bbox 312 3219 432 3280; x_wconf 90' lang='lat' dir='ltr'>campos</span> <span class='ocrx_word' id='word_1_241' title='bbox 451 3200 542 3261; x_wconf 93' lang='lat' dir='ltr'>solida</span> <span class='ocrx_word' id='word_1_242' title='bbox 562 3199 745 3260; x_wconf 89' lang='lat' dir='ltr'>rotunditate</span> <span class='ocrx_word' id='word_1_243' title='bbox 764 3198 959 3278; x_wconf 89' lang='lat' dir='ltr'>concludunt,</span> <span class='ocrx_word' id='word_1_244' title='bbox 982 3197 1072 3259; x_wconf 92' lang='lat' dir='ltr'>debet</span> <span class='ocrx_word' id='word_1_245' title='bbox 1095 3196 1181 3257; x_wconf 93' lang='lat' dir='ltr'>nobis</span> <span class='ocrx_word' id='word_1_246' title='bbox 1202 3198 1322 3258; x_wconf 92' lang='lat' dir='ltr'>omnino</span> <span class='ocrx_word' id='word_1_247' title='bbox 1343 3196 1492 3275; x_wconf 87' lang='lat' dir='ltr'>suilicere,</span> 
     </span>
     <span class='ocr_line' id='line_1_28' title="bbox 185 3303 1491 3386; baseline -0.002 -20"><span class='ocrx_word' id='word_1_248' title='bbox 185 3308 264 3386; x_wconf 89' lang='lat' dir='ltr'>quod</span> <span class='ocrx_word' id='word_1_249' title='bbox 282 3317 325 3368; x_wconf 82' lang='lat' dir='ltr'>ex&#39;</span> <span class='ocrx_word' id='word_1_250' title='bbox 335 3308 494 3368; x_wconf 90' lang='lat' dir='ltr'>duodecim</span> <span class='ocrx_word' id='word_1_251' title='bbox 513 3305 780 3385; x_wconf 91' lang='lat' dir='ltr'>orthographorum</span> <span class='ocrx_word' id='word_1_252' title='bbox 798 3304 882 3365; x_wconf 94' lang='lat' dir='ltr'>libris</span> <span class='ocrx_word' id='word_1_253' title='bbox 902 3305 1111 3367; x_wconf 89' lang='lat' dir='ltr'>rectitudinem</span> <span class='ocrx_word' id='word_1_254' title='bbox 1131 3307 1296 3384; x_wconf 89' lang='lat' dir='ltr'>scripturae</span> <span class='ocrx_word' id='word_1_255' title='bbox 1320 3303 1491 3363; x_wconf 87' lang='lat' dir='ltr'>docentium</span> 
     </span>
     <span class='ocr_line' id='line_1_29' title="bbox 185 3410 947 3494; baseline -0.001 -21"><span class='ocrx_word' id='word_1_256' title='bbox 185 3412 340 3475; x_wconf 87' lang='lat' dir='ltr'>defloratas</span> <span class='ocrx_word' id='word_1_257' title='bbox 360 3412 480 3494; x_wconf 85' lang='lat' dir='ltr'>regulas</span> <span class='ocrx_word' id='word_1_258' title='bbox 503 3415 631 3494; x_wconf 89' lang='lat' dir='ltr'>posteris</span> <span class='ocrx_word' id='word_1_259' title='bbox 654 3412 794 3491; x_wconf 89' lang='lat' dir='ltr'>legendas</span> <span class='ocrx_word' id='word_1_260' title='bbox 817 3410 947 3472; x_wconf 82' lang='lat' dir='ltr'>exhibui.</span> 
     </span>
    </p>

    <p class='ocr_par' dir='ltr' id='par_1_10' title="bbox 186 3517 1491 3708">
     <span class='ocr_line' id='line_1_30' title="bbox 273 3517 1491 3603; baseline 0 -24"><span class='ocrx_word' id='word_1_261' title='bbox 273 3520 386 3603; x_wconf 88' lang='lat' dir='ltr'>Valete,</span> <span class='ocrx_word' id='word_1_262' title='bbox 410 3523 530 3603; x_wconf 85' lang='lat' dir='ltr'>iratres,</span> <span class='ocrx_word' id='word_1_263' title='bbox 551 3529 640 3598; x_wconf 90' lang='lat' dir='ltr'>atquc</span> <span class='ocrx_word' id='word_1_264' title='bbox 658 3521 689 3579; x_wconf 91' lang='lat' dir='ltr'>in</span> <span class='ocrx_word' id='word_1_265' title='bbox 708 3517 893 3579; x_wconf 89' lang='lat' dir='ltr'>orationibus</span> <span class='ocrx_word' id='word_1_266' title='bbox 912 3520 1018 3579; x_wconf 85' lang='lat' dir='ltr'>vestris</span> <span class='ocrx_word' id='word_1_267' title='bbox 1037 3519 1042 3594; x_wconf 89' lang='grc'>1</span> <span class='ocrx_word' id='word_1_268' title='bbox 1063 3521 1122 3580; x_wconf 89' lang='lat' dir='ltr'>mei</span> <span class='ocrx_word' id='word_1_269' title='bbox 1139 3537 1286 3580; x_wconf 91' lang='lat' dir='ltr'>memores</span> <span class='ocrx_word' id='word_1_270' title='bbox 1306 3537 1371 3579; x_wconf 92' lang='lat' dir='ltr'>esse</span> <span class='ocrx_word' id='word_1_271' title='bbox 1391 3518 1491 3598; x_wconf 88' lang='lat' dir='ltr'>digna·</span> 
     </span>
     <span class='ocr_line' id='line_1_31' title="bbox 186 3622 1490 3708; baseline -0.001 -22"><span class='ocrx_word' id='word_1_272' title='bbox 186 3628 270 3708; x_wconf 92' lang='lat' dir='ltr'>mini,</span> <span class='ocrx_word' id='word_1_273' title='bbox 298 3630 350 3705; x_wconf 94' lang='lat' dir='ltr'>qui</span> <span class='ocrx_word' id='word_1_274' title='bbox 378 3625 430 3687; x_wconf 81' lang='lat' dir='ltr'>vos&#39;</span> <span class='ocrx_word' id='word_1_275' title='bbox 456 3630 536 3688; x_wconf 91' lang='lat' dir='ltr'>inter</span> <span class='ocrx_word' id='word_1_276' title='bbox 559 3634 658 3686; x_wconf 91' lang='lat' dir='ltr'>cetera</span> <span class='ocrx_word' id='word_1_277' title='bbox 682 3632 712 3684; x_wconf 91' lang='lat' dir='ltr'>et</span> <span class='ocrx_word' id='word_1_278' title='bbox 739 3622 775 3684; x_wconf 89' lang='lat' dir='ltr'>dc</span> <span class='ocrx_word' id='word_1_279' title='bbox 799 3624 1026 3704; x_wconf 88' lang='lat' dir='ltr'>orthographiae</span> <span class='ocrx_word' id='word_1_280' title='bbox 1049 3626 1158 3685; x_wconf 87' lang='lat' dir='ltr'>virtute</span> <span class='ocrx_word' id='word_1_281' title='bbox 1182 3633 1212 3685; x_wconf 89' lang='lat' dir='ltr'>et</span> <span class='ocrx_word' id='word_1_282' title='bbox 1240 3625 1276 3685; x_wconf 94' lang='lat' dir='ltr'>de</span> <span class='ocrx_word' id='word_1_283' title='bbox 1300 3624 1490 3688; x_wconf 89' lang='lat' dir='ltr'>distinctione</span> 
     </span>
    </p>
   </div>
   <div class='ocr_carea' id='block_1_5' title="bbox 185 3732 395 3741">
    <p class='ocr_par' dir='ltr' id='par_1_11' title="bbox 185 3732 395 3741">
     <span class='ocr_line' id='line_1_32' title="bbox 185 3732 395 3741; baseline 0.01 -3"><span class='ocrx_word' id='word_1_284' title='bbox 185 3732 395 3741; x_wconf 48' lang='grc' dir='ltr'>μ’*</span> 
     </span>
    </p>
   </div>
   <div class='ocr_carea' id='block_1_6' title="bbox 276 3761 1000 3831">
    <p class='ocr_par' dir='ltr' id='par_1_12' title="bbox 276 3761 1000 3831">
     <span class='ocr_line' id='line_1_33' title="bbox 276 3761 1000 3831; baseline -0.003 -13"><span class='ocrx_word' id='word_1_285' title='bbox 276 3771 289 3817; x_wconf 90' lang='lat'>1</span> <span class='ocrx_word' id='word_1_286' title='bbox 311 3764 451 3818; x_wconf 73' lang='lat' dir='ltr'>Priscian.</span> <span class='ocrx_word' id='word_1_287' title='bbox 476 3761 603 3831; x_wconf 76' lang='lat' dir='ltr'>Harpyis</span> <span class='ocrx_word' id='word_1_288' title='bbox 621 3765 666 3826; x_wconf 86' lang='lat'>37,</span> <span class='ocrx_word' id='word_1_289' title='bbox 685 3765 722 3815; x_wconf 83' lang='lat'>12</span> <span class='ocrx_word' id='word_1_290' title='bbox 794 3765 810 3812; x_wconf 86' lang='lat'><strong>3</strong></span> <span class='ocrx_word' id='word_1_291' title='bbox 829 3777 879 3815; x_wconf 79' lang='lat' dir='ltr'>ern</span> <span class='ocrx_word' id='word_1_292' title='bbox 897 3765 942 3830; x_wconf 89' lang='lat'>53,</span> <span class='ocrx_word' id='word_1_293' title='bbox 960 3766 1000 3816; x_wconf 81' lang='lat'>20</span> 
     </span>
    </p>
   </div>
   <div class='ocr_carea' id='block_1_7' title="bbox 185 3884 1495 4916">
    <p class='ocr_par' dir='ltr' id='par_1_13' title="bbox 185 3884 1492 4197">
     <span class='ocr_line' id='line_1_34' title="bbox 276 3884 1491 3958; baseline 0.002 -18"><span class='ocrx_word' id='word_1_294' title='bbox 276 3894 289 3940; x_wconf 95' lang='lat'>1</span> <span class='ocrx_word' id='word_1_295' title='bbox 310 3889 408 3957; x_wconf 81' lang='lat' dir='ltr'>arpyie</span> <span class='ocrx_word' id='word_1_296' title='bbox 426 3889 500 3958; x_wconf 90' lang='lat' dir='ltr'>qnod</span> <span class='ocrx_word' id='word_1_297' title='bbox 518 3888 545 3942; x_wconf 98' lang='grc' dir='ltr'><strong>Β</strong></span> <span class='ocrx_word' id='word_1_298' title='bbox 564 3884 704 3955; x_wconf 82' lang='lat' dir='ltr'>herpygie</span> <span class='ocrx_word' id='word_1_299' title='bbox 722 3901 795 3954; x_wconf 84' lang='lat' dir='ltr'>quse</span> <span class='ocrx_word' id='word_1_300' title='bbox 814 3884 838 3938; x_wconf 81' lang='lat'><strong><em>0</em></strong></span> <span class='ocrx_word' id='word_1_301' title='bbox 854 3885 973 3955; x_wconf 80' lang='lat' dir='ltr'>arpygin</span> <span class='ocrx_word' id='word_1_302' title='bbox 991 3902 1045 3955; x_wconf 87' lang='lat' dir='ltr'>qne</span> <span class='ocrx_word' id='word_1_303' title='bbox 1063 3885 1091 3938; x_wconf 98' lang='lat' dir='ltr'><strong><em>A</em></strong></span> <span class='ocrx_word' id='word_1_304' title='bbox 1176 3887 1310 3953; x_wconf 86' lang='lat' dir='ltr'>sequente</span> <span class='ocrx_word' id='word_1_305' title='bbox 1329 3886 1338 3940; x_wconf 95' lang='lat' dir='ltr'>i</span> <span class='ocrx_word' id='word_1_306' title='bbox 1356 3886 1445 3942; x_wconf 79' lang='lat' dir='ltr'>latino</span> <span class='ocrx_word' id='word_1_307' title='bbox 1463 3886 1491 3941; x_wconf 88' lang='lat' dir='ltr'><em>B</em></span> 
     </span>
     <span class='ocr_line' id='line_1_35' title="bbox 185 3963 1489 4035; baseline 0.001 -16"><span class='ocrx_word' id='word_1_308' title='bbox 185 3965 313 4034; x_wconf 83' lang='lat' dir='ltr'>sequenti</span> <span class='ocrx_word' id='word_1_309' title='bbox 330 3965 361 4020; x_wconf 92' lang='lat' dir='ltr'>in</span> <span class='ocrx_word' id='word_1_310' title='bbox 379 3967 467 4022; x_wconf 82' lang='lat' dir='ltr'>latino</span> <span class='ocrx_word' id='word_1_311' title='bbox 487 3969 513 4021; x_wconf 88' lang='lat' dir='ltr'><strong><em>A</em></strong></span> <span class='ocrx_word' id='word_1_312' title='bbox 533 3965 660 4035; x_wconf 83' lang='lat' dir='ltr'>sequenti</span> <span class='ocrx_word' id='word_1_313' title='bbox 678 3964 689 4017; x_wconf 93' lang='lat' dir='ltr'>i</span> <span class='ocrx_word' id='word_1_314' title='bbox 706 3963 841 4019; x_wconf 79' lang='lat' dir='ltr'>letinirC</span> <span class='ocrx_word' id='word_1_315' title='bbox 928 3965 1037 4035; x_wconf 79' lang='lat' dir='ltr'>nyiB</span> <span class='ocrx_word' id='word_1_316' title='bbox 1056 3965 1085 4035; x_wconf 82' lang='lat' dir='ltr'>iy</span> <span class='ocrx_word' id='word_1_317' title='bbox 1103 3963 1161 4018; x_wconf 82' lang='lat' dir='ltr'>AO</span> <span class='ocrx_word' id='word_1_318' title='bbox 1248 3971 1352 4020; x_wconf 75' lang='lat' dir='ltr'>lcum</span> <span class='ocrx_word' id='word_1_319' title='bbox 1371 3982 1489 4027; x_wconf 61' lang='lat' dir='ltr'>vero&lt;-</span> 
     </span>
     <span class='ocr_line' id='line_1_36' title="bbox 186 4044 1491 4116; baseline 0.002 -18"><span class='ocrx_word' id='word_1_320' title='bbox 186 4044 376 4113; x_wconf 81' lang='lat' dir='ltr'>sdspirotione</span> <span class='ocrx_word' id='word_1_321' title='bbox 390 4063 439 4101; x_wconf 87' lang='lat' dir='ltr'>om.</span> <span class='ocrx_word' id='word_1_322' title='bbox 455 4045 512 4100; x_wconf 80' lang='lat' dir='ltr'>AO</span> <span class='ocrx_word' id='word_1_323' title='bbox 573 4045 749 4099; x_wconf 88' lang='lat' dir='ltr'>scribendum</span> <span class='ocrx_word' id='word_1_324' title='bbox 763 4047 807 4100; x_wconf 86' lang='lat' dir='ltr'>est</span> <span class='ocrx_word' id='word_1_325' title='bbox 825 4044 849 4098; x_wconf 80' lang='lat' dir='ltr'><em>O</em></span> <span class='ocrx_word' id='word_1_326' title='bbox 911 4052 926 4100; x_wconf 84' lang='grc'><strong>6</strong></span> <span class='ocrx_word' id='word_1_327' title='bbox 946 4045 1130 4116; x_wconf 79' lang='lat' dir='ltr'>congregetis</span> <span class='ocrx_word' id='word_1_328' title='bbox 1144 4045 1231 4115; x_wconf 89' lang='lat' dir='ltr'>igitur</span> <span class='ocrx_word' id='word_1_329' title='bbox 1245 4062 1317 4115; x_wconf 82' lang='lat' dir='ltr'>quoe</span> <span class='ocrx_word' id='word_1_330' title='bbox 1330 4062 1381 4115; x_wconf 91' lang='lat' dir='ltr'>per</span> <span class='ocrx_word' id='word_1_331' title='bbox 1395 4062 1491 4114; x_wconf 81' lang='lat' dir='ltr'>supra·</span> 
     </span>
     <span class='ocr_line' id='line_1_37' title="bbox 186 4124 1492 4197; baseline 0.003 -20"><span class='ocrx_word' id='word_1_332' title='bbox 186 4124 275 4179; x_wconf 84' lang='lat' dir='ltr'>dictos</span> <span class='ocrx_word' id='word_1_333' title='bbox 293 4126 320 4180; x_wconf 97' lang='grc' dir='ltr'><strong>Β</strong></span> <span class='ocrx_word' id='word_1_334' title='bbox 340 4125 583 4196; x_wconf 61' lang='lat' dir='ltr'>Congretistnm</span> <span class='ocrx_word' id='word_1_335' title='bbox 601 4126 692 4197; x_wconf 88' lang='lat' dir='ltr'>grecis</span> <span class='ocrx_word' id='word_1_336' title='bbox 711 4125 748 4193; x_wconf 85' lang='lat'>0)</span> <span class='ocrx_word' id='word_1_337' title='bbox 767 4125 854 4194; x_wconf 90' lang='lat' dir='ltr'>igitur</span> <span class='ocrx_word' id='word_1_338' title='bbox 871 4124 946 4193; x_wconf 92' lang='lat' dir='ltr'>qnod</span> <span class='ocrx_word' id='word_1_339' title='bbox 964 4143 1048 4196; x_wconf 80' lang='lat' dir='ltr'>snpra</span> <span class='ocrx_word' id='word_1_340' title='bbox 1067 4126 1157 4181; x_wconf 91' lang='lat' dir='ltr'>dictos</span> <span class='ocrx_word' id='word_1_341' title='bbox 1176 4126 1234 4180; x_wconf 81' lang='lat' dir='ltr'>AO</span> <span class='ocrx_word' id='word_1_342' title='bbox 1302 4125 1363 4195; x_wconf 92' lang='lat' dir='ltr'>per]</span> <span class='ocrx_word' id='word_1_343' title='bbox 1382 4124 1457 4193; x_wconf 87' lang='lat' dir='ltr'>apud</span> <span class='ocrx_word' id='word_1_344' title='bbox 1475 4140 1492 4181; x_wconf 85' lang='grc' dir='ltr'><strong><em>ς</em></strong></span> 
     </span>
    </p>

    <p class='ocr_par' dir='ltr' id='par_1_14' title="bbox 185 4202 1495 4836">
     <span class='ocr_line' id='line_1_38' title="bbox 239 4202 1492 4276; baseline 0 -18"><span class='ocrx_word' id='word_1_345' title='bbox 239 4205 339 4259; x_wconf 83' lang='lat' dir='ltr'>rh&#39;bri</span> <span class='ocrx_word' id='word_1_346' title='bbox 356 4206 383 4260; x_wconf 97' lang='grc' dir='ltr'><strong>Β</strong></span> <span class='ocrx_word' id='word_1_347' title='bbox 402 4205 475 4259; x_wconf 91' lang='lat' dir='ltr'>libro</span> <span class='ocrx_word' id='word_1_348' title='bbox 495 4205 552 4261; x_wconf 87' lang='lat' dir='ltr'>AO</span> <span class='ocrx_word' id='word_1_349' title='bbox 621 4204 785 4276; x_wconf 85' lang='lat' dir='ltr'>8intellegi</span> <span class='ocrx_word' id='word_1_350' title='bbox 802 4205 873 4275; x_wconf 89' lang='lat' dir='ltr'>rem]</span> <span class='ocrx_word' id='word_1_351' title='bbox 892 4204 1086 4274; x_wconf 85' lang='lat' dir='ltr'>intellegerem</span> <span class='ocrx_word' id='word_1_352' title='bbox 1105 4222 1174 4261; x_wconf 87' lang='lat' dir='ltr'>corr.</span> <span class='ocrx_word' id='word_1_353' title='bbox 1193 4222 1234 4259; x_wconf 90' lang='lat' dir='ltr'>-re</span> <span class='ocrx_word' id='word_1_354' title='bbox 1252 4206 1279 4258; x_wconf 90' lang='lat' dir='ltr'><em>B</em></span> <span class='ocrx_word' id='word_1_355' title='bbox 1353 4210 1385 4258; x_wconf 80' lang='lat'>12</span> <span class='ocrx_word' id='word_1_356' title='bbox 1405 4202 1492 4258; x_wconf 86' lang='lat' dir='ltr'>disse·</span> 
     </span>
     <span class='ocr_line' id='line_1_39' title="bbox 185 4283 1492 4358; baseline 0.001 -21"><span class='ocrx_word' id='word_1_357' title='bbox 185 4299 247 4338; x_wconf 88' lang='lat' dir='ltr'>rere</span> <span class='ocrx_word' id='word_1_358' title='bbox 264 4284 322 4338; x_wconf 80' lang='lat' dir='ltr'>AO</span> <span class='ocrx_word' id='word_1_359' title='bbox 411 4292 442 4339; x_wconf 86' lang='lat'>13</span> <span class='ocrx_word' id='word_1_360' title='bbox 469 4285 605 4358; x_wconf 86' lang='lat' dir='ltr'>partium]</span> <span class='ocrx_word' id='word_1_361' title='bbox 625 4287 729 4340; x_wconf 84' lang='lat' dir='ltr'>artium</span> <span class='ocrx_word' id='word_1_362' title='bbox 747 4283 837 4338; x_wconf 82' lang='lat' dir='ltr'>ABO</span> <span class='ocrx_word' id='word_1_363' title='bbox 857 4283 1002 4339; x_wconf 87' lang='lat' dir='ltr'>nominum</span> <span class='ocrx_word' id='word_1_364' title='bbox 1021 4285 1121 4340; x_wconf 80' lang='lat' dir='ltr'>Carrio</span> <span class='ocrx_word' id='word_1_365' title='bbox 1212 4284 1345 4354; x_wconf 77' lang='lat' dir='ltr'>nequod</span> <span class='ocrx_word' id='word_1_366' title='bbox 1368 4284 1492 4354; x_wconf 77' lang='lat' dir='ltr'>partium</span> 
     </span>
     <span class='ocr_line' id='line_1_40' title="bbox 186 4364 1492 4436; baseline 0 -18"><span class='ocrx_word' id='word_1_367' title='bbox 186 4364 338 4419; x_wconf 80' lang='lat' dir='ltr'>declinatio</span> <span class='ocrx_word' id='word_1_368' title='bbox 356 4366 384 4418; x_wconf 93' lang='grc' dir='ltr'><strong>Β</strong></span> <span class='ocrx_word' id='word_1_369' title='bbox 403 4365 452 4435; x_wconf 90' lang='lat' dir='ltr'>qni</span> <span class='ocrx_word' id='word_1_370' title='bbox 470 4367 593 4436; x_wconf 82' lang='lat' dir='ltr'>prirtinm</span> <span class='ocrx_word' id='word_1_371' title='bbox 611 4365 762 4421; x_wconf 75' lang='lat' dir='ltr'>declinatio</span> <span class='ocrx_word' id='word_1_372' title='bbox 781 4366 808 4419; x_wconf 96' lang='lat' dir='ltr'><strong><em>A</em></strong></span> <span class='ocrx_word' id='word_1_373' title='bbox 828 4364 877 4434; x_wconf 90' lang='lat' dir='ltr'>qui</span> <span class='ocrx_word' id='word_1_374' title='bbox 894 4364 1016 4434; x_wconf 78' lang='lat' dir='ltr'>portium</span> <span class='ocrx_word' id='word_1_375' title='bbox 1036 4364 1222 4420; x_wconf 79' lang='lat' dir='ltr'>declinatione</span> <span class='ocrx_word' id='word_1_376' title='bbox 1242 4364 1266 4418; x_wconf 80' lang='lat' dir='ltr'><em>O</em></span> <span class='ocrx_word' id='word_1_377' title='bbox 1286 4380 1358 4433; x_wconf 82' lang='lat' dir='ltr'>quse</span> <span class='ocrx_word' id='word_1_378' title='bbox 1380 4364 1411 4417; x_wconf 92' lang='lat' dir='ltr'>in</span> <span class='ocrx_word' id='word_1_379' title='bbox 1428 4380 1492 4432; x_wconf 78' lang='lat' dir='ltr'>par·</span> 
     </span>
     <span class='ocr_line' id='line_1_41' title="bbox 186 4442 1492 4519; baseline 0.002 -22"><span class='ocrx_word' id='word_1_380' title='bbox 186 4444 258 4498; x_wconf 87' lang='lat' dir='ltr'>tium</span> <span class='ocrx_word' id='word_1_381' title='bbox 277 4446 465 4501; x_wconf 81' lang='lat' dir='ltr'>declinatione</span> <span class='ocrx_word' id='word_1_382' title='bbox 484 4447 583 4501; x_wconf 77' lang='lat' dir='ltr'>Carrio</span> <span class='ocrx_word' id='word_1_383' title='bbox 654 4446 781 4516; x_wconf 86' lang='lat' dir='ltr'>repperit</span> <span class='ocrx_word' id='word_1_384' title='bbox 798 4445 857 4501; x_wconf 83' lang='lat' dir='ltr'>AO</span> <span class='ocrx_word' id='word_1_385' title='bbox 872 4445 1028 4514; x_wconf 86' lang='lat' dir='ltr'>reppererit</span> <span class='ocrx_word' id='word_1_386' title='bbox 1045 4445 1073 4497; x_wconf 94' lang='grc' dir='ltr'><strong>Β</strong></span> <span class='ocrx_word' id='word_1_387' title='bbox 1147 4450 1179 4497; x_wconf 86' lang='grc'>16</span> <span class='ocrx_word' id='word_1_388' title='bbox 1198 4442 1364 4519; x_wconf 76' lang='lat' dir='ltr'>fatigaberis</span> <span class='ocrx_word' id='word_1_389' title='bbox 1382 4445 1409 4499; x_wconf 97' lang='grc' dir='ltr'><strong>Β</strong></span> <span class='ocrx_word' id='word_1_390' title='bbox 1428 4445 1492 4500; x_wconf 74' lang='lat' dir='ltr'>fnu-</span> 
     </span>
     <span class='ocr_line' id='line_1_42' title="bbox 187 4523 1493 4596; baseline 0.002 -18"><span class='ocrx_word' id='word_1_391' title='bbox 187 4525 261 4592; x_wconf 82' lang='lat' dir='ltr'>gnris</span> <span class='ocrx_word' id='word_1_392' title='bbox 279 4524 338 4578; x_wconf 80' lang='lat' dir='ltr'>Ae</span> <span class='ocrx_word' id='word_1_393' title='bbox 407 4525 514 4595; x_wconf 88' lang='lat' dir='ltr'>erigere</span> <span class='ocrx_word' id='word_1_394' title='bbox 532 4528 559 4580; x_wconf 86' lang='lat' dir='ltr'><strong><em>A</em></strong></span> <span class='ocrx_word' id='word_1_395' title='bbox 634 4533 667 4581; x_wconf 77' lang='lat'>17</span> <span class='ocrx_word' id='word_1_396' title='bbox 686 4527 790 4596; x_wconf 85' lang='lat' dir='ltr'>possim</span> <span class='ocrx_word' id='word_1_397' title='bbox 809 4526 922 4595; x_wconf 91' lang='lat' dir='ltr'>quidem</span> <span class='ocrx_word' id='word_1_398' title='bbox 941 4524 1085 4594; x_wconf 82' lang='lat' dir='ltr'>Opossim</span> <span class='ocrx_word' id='word_1_399' title='bbox 1103 4523 1153 4593; x_wconf 90' lang='lat' dir='ltr'>qui</span> <span class='ocrx_word' id='word_1_400' title='bbox 1170 4524 1197 4577; x_wconf 94' lang='lat' dir='ltr'><strong><em>A</em></strong></span> <span class='ocrx_word' id='word_1_401' title='bbox 1216 4539 1425 4591; x_wconf 86' lang='lat' dir='ltr'>possemque..</span> <span class='ocrx_word' id='word_1_402' title='bbox 1446 4527 1493 4580; x_wconf 84' lang='lat' dir='ltr'>sed</span> 
     </span>
     <span class='ocr_line' id='line_1_43' title="bbox 187 4602 1492 4675; baseline 0.002 -18"><span class='ocrx_word' id='word_1_403' title='bbox 187 4621 240 4672; x_wconf 91' lang='lat' dir='ltr'>que</span> <span class='ocrx_word' id='word_1_404' title='bbox 258 4621 313 4658; x_wconf 83' lang='lat' dir='ltr'>ras.</span> <span class='ocrx_word' id='word_1_405' title='bbox 332 4605 360 4657; x_wconf 93' lang='grc' dir='ltr'><strong>Β</strong></span> <span class='ocrx_word' id='word_1_406' title='bbox 451 4610 483 4659; x_wconf 87' lang='lat'>18</span> <span class='ocrx_word' id='word_1_407' title='bbox 503 4605 704 4675; x_wconf 79' lang='lat' dir='ltr'>orthographia.</span> <span class='ocrx_word' id='word_1_408' title='bbox 721 4605 779 4659; x_wconf 83' lang='lat' dir='ltr'>AO</span> <span class='ocrx_word' id='word_1_409' title='bbox 866 4610 900 4659; x_wconf 76' lang='lat'>20</span> <span class='ocrx_word' id='word_1_410' title='bbox 919 4604 1107 4658; x_wconf 82' lang='lat' dir='ltr'>necessarium</span> <span class='ocrx_word' id='word_1_411' title='bbox 1124 4619 1181 4657; x_wconf 92' lang='lat' dir='ltr'>non</span> <span class='ocrx_word' id='word_1_412' title='bbox 1199 4605 1242 4657; x_wconf 90' lang='lat' dir='ltr'>est</span> <span class='ocrx_word' id='word_1_413' title='bbox 1258 4602 1287 4655; x_wconf 91' lang='lat' dir='ltr'><em>B</em></span> <span class='ocrx_word' id='word_1_414' title='bbox 1304 4604 1492 4660; x_wconf 77' lang='lat' dir='ltr'>necessarium</span> 
     </span>
     <span class='ocr_line' id='line_1_44' title="bbox 187 4683 1424 4753; baseline 0.004 -19"><span class='ocrx_word' id='word_1_415' title='bbox 187 4684 231 4735; x_wconf 88' lang='lat' dir='ltr'>est</span> <span class='ocrx_word' id='word_1_416' title='bbox 248 4683 306 4737; x_wconf 81' lang='lat' dir='ltr'>Ao</span> <span class='ocrx_word' id='word_1_417' title='bbox 375 4691 409 4738; x_wconf 84' lang='lat'>23</span> <span class='ocrx_word' id='word_1_418' title='bbox 428 4686 554 4753; x_wconf 84' lang='lat' dir='ltr'>protinus</span> <span class='ocrx_word' id='word_1_419' title='bbox 572 4684 667 4740; x_wconf 68' lang='lat' dir='ltr'>omi)</span> <span class='ocrx_word' id='word_1_420' title='bbox 736 4689 770 4738; x_wconf 80' lang='lat'>25</span> <span class='ocrx_word' id='word_1_421' title='bbox 789 4700 919 4753; x_wconf 82' lang='lat' dir='ltr'>campum</span> <span class='ocrx_word' id='word_1_422' title='bbox 936 4683 995 4738; x_wconf 82' lang='lat' dir='ltr'>Ao</span> <span class='ocrx_word' id='word_1_423' title='bbox 1068 4690 1103 4740; x_wconf 77' lang='lat'>26</span> <span class='ocrx_word' id='word_1_424' title='bbox 1122 4683 1348 4753; x_wconf 75' lang='lat' dir='ltr'>artigraphorum</span> <span class='ocrx_word' id='word_1_425' title='bbox 1366 4685 1424 4739; x_wconf 81' lang='lat' dir='ltr'>Ac</span> 
     </span>
     <span class='ocr_line' id='line_1_45' title="bbox 187 4763 1495 4836; baseline 0.002 -19"><span class='ocrx_word' id='word_1_426' title='bbox 187 4770 220 4817; x_wconf 75' lang='lat' dir='ltr'>ti</span> <span class='ocrx_word' id='word_1_427' title='bbox 238 4764 349 4834; x_wconf 81' lang='lat' dir='ltr'>regulas</span> <span class='ocrx_word' id='word_1_428' title='bbox 367 4781 417 4820; x_wconf 87' lang='lat' dir='ltr'>om.</span> <span class='ocrx_word' id='word_1_429' title='bbox 436 4766 464 4819; x_wconf 82' lang='lat' dir='ltr'><strong><em>A</em></strong></span> <span class='ocrx_word' id='word_1_430' title='bbox 518 4768 645 4836; x_wconf 72' lang='lat' dir='ltr'>posterus</span> <span class='ocrx_word' id='word_1_431' title='bbox 662 4765 797 4836; x_wconf 82' lang='lat' dir='ltr'>legendas</span> <span class='ocrx_word' id='word_1_432' title='bbox 815 4764 843 4817; x_wconf 98' lang='lat' dir='ltr'><strong><em>A</em></strong></span> <span class='ocrx_word' id='word_1_433' title='bbox 861 4766 988 4834; x_wconf 85' lang='lat' dir='ltr'>posteros</span> <span class='ocrx_word' id='word_1_434' title='bbox 1006 4763 1169 4836; x_wconf 82' lang='lat' dir='ltr'>legendnC</span> <span class='ocrx_word' id='word_1_435' title='bbox 1220 4769 1254 4818; x_wconf 72' lang='lat'>28</span> <span class='ocrx_word' id='word_1_436' title='bbox 1273 4763 1358 4832; x_wconf 76' lang='lat' dir='ltr'>atque</span> <span class='ocrx_word' id='word_1_437' title='bbox 1375 4781 1425 4819; x_wconf 88' lang='lat' dir='ltr'>om.</span> <span class='ocrx_word' id='word_1_438' title='bbox 1440 4765 1495 4820; x_wconf 82' lang='lat' dir='ltr'>Ao</span> 
     </span>
    </p>

    <p class='ocr_par' dir='ltr' id='par_1_15' title="bbox 258 4844 1422 4916">
     <span class='ocr_line' id='line_1_46' title="bbox 258 4844 1422 4916; baseline -0.002 -16"><span class='ocrx_word' id='word_1_439' title='bbox 258 4854 291 4901; x_wconf 79' lang='lat'>29</span> <span class='ocrx_word' id='word_1_440' title='bbox 311 4848 360 4916; x_wconf 90' lang='lat' dir='ltr'>qui</span> <span class='ocrx_word' id='word_1_441' title='bbox 377 4865 427 4903; x_wconf 88' lang='lat' dir='ltr'>nos</span> <span class='ocrx_word' id='word_1_442' title='bbox 445 4848 475 4902; x_wconf 92' lang='lat' dir='ltr'>in</span> <span class='ocrx_word' id='word_1_443' title='bbox 495 4850 588 4904; x_wconf 78' lang='lat' dir='ltr'>cetere</span> <span class='ocrx_word' id='word_1_444' title='bbox 605 4847 747 4915; x_wconf 73' lang='lat' dir='ltr'>Aequos</span> <span class='ocrx_word' id='word_1_445' title='bbox 765 4844 838 4898; x_wconf 85' lang='lat' dir='ltr'>inter</span> <span class='ocrx_word' id='word_1_446' title='bbox 856 4846 949 4900; x_wconf 82' lang='lat' dir='ltr'>cetere</span> <span class='ocrx_word' id='word_1_447' title='bbox 966 4845 995 4898; x_wconf 91' lang='lat' dir='ltr'><em>B</em></span> <span class='ocrx_word' id='word_1_448' title='bbox 1084 4847 1113 4900; x_wconf 88' lang='lat' dir='ltr'>et</span> <span class='ocrx_word' id='word_1_449' title='bbox 1130 4844 1227 4914; x_wconf 76' lang='lat' dir='ltr'>priore</span> <span class='ocrx_word' id='word_1_450' title='bbox 1244 4844 1301 4898; x_wconf 86' lang='lat' dir='ltr'>loco</span> <span class='ocrx_word' id='word_1_451' title='bbox 1324 4859 1374 4900; x_wconf 87' lang='lat' dir='ltr'>om.</span> <span class='ocrx_word' id='word_1_452' title='bbox 1393 4845 1422 4898; x_wconf 90' lang='grc' dir='ltr'><strong>Β</strong></span> 
     </span>
    </p>
   </div>
   <div class='ocr_carea' id='block_1_8' title="bbox 240 4939 1279 4987">
    <p class='ocr_par' dir='ltr' id='par_1_16' title="bbox 240 4939 1279 4987">
     <span class='ocr_line' id='line_1_47' title="bbox 240 4939 1279 4987; baseline 0 -1"><span class='ocrx_word' id='word_1_453' title='bbox 240 4956 397 4987; x_wconf 73' lang='grc' dir='ltr'>οωκιτιοι</span> <span class='ocrx_word' id='word_1_454' title='bbox 410 4957 497 4987; x_wconf 75' lang='lat' dir='ltr'>sarm</span> <span class='ocrx_word' id='word_1_455' title='bbox 516 4957 561 4987; x_wconf 78' lang='lat' dir='ltr'>ru.</span> <span class='ocrx_word' id='word_1_456' title='bbox 1247 4939 1279 4986; x_wconf 81' lang='lat'>14</span> 
     </span>
    </p>
   </div>
   <div class='ocr_carea' id='block_1_9' title="bbox 0 0 1674 5474">
    <p class='ocr_par' dir='ltr' id='par_1_17' title="bbox 0 0 1674 5474">
     <span class='ocr_line' id='line_1_48' title="bbox 0 0 1674 5474; baseline 0 0"><span class='ocrx_word' id='word_1_457' title='bbox 0 0 1674 5474; x_wconf 95' lang='lat' dir='ltr'> </span> 
     </span>
    </p>
   </div>
  </div>
 </body>
</html>
