3316 5474
229 365 296 430 210
766 370 996 428 casstonotttl

227 479 250 516 ρ.
264 468 317 508 snm
332 469 356 508 ι’.

228 553 373 635 ponenda,
392 571 466 632 quae
486 555 575 614 nimis
594 556 723 632 pretiosa
742 558 941 637 cognoscitur,
960 556 1015 616 suh
1034 556 1177 618 brevitate
1197 560 1374 639 commonui,
1395 567 1424 618 et
1443 577 1531 637 quem

110 650 113 657 “
228 659 262 719 ad
287 659 408 720 modum
432 662 597 740 scripturae
621 659 736 721 divinae
759 661 890 740 intellegi
913 660 1053 744 debeant,
1076 665 1278 743 copiosissime
1301 664 1423 744 legenda
1447 683 1531 744 prae-

225 769 335 845 paravi.
378 777 525 847 quatenus
553 768 631 828 siout
659 776 690 828 et
717 787 771 847 ego
799 787 850 829 vos
878 769 915 829 ah
942 771 1148 849 imperitorum
1176 790 1301 832 numero
1329 780 1531 852 sequestratos

178 892 182 899 ·
226 893 292 935 esse
325 874 417 957 volui,
448 877 488 935 ita
516 893 571 934 nos
599 875 693 935 virtus
722 875 819 935 divina
847 893 906 936 non
937 878 1067 954 patiatur
1097 895 1165 938 cum
1193 881 1383 958 nequissimis
1415 879 1532 958 poenali

226 984 367 1044 societate
391 983 539 1061 coniungi.
1544 1002 1558 1041 a

759 1089 998 1097 ψῃ...-

291 1212 545 1285 uxduRPTA
577 1213 642 1284 ΕΧ
674 1213 860 1286 DVOBVS
892 1214 1047 1287 LIBRIS
1078 1214 1463 1288 INSTITVTIONVM

734 1337 1026 1412 cassiopam]

224 1521 515 1570 „Lngfflffiflm
698 1482 710 1542 l
744 1483 798 1542 Ex
817 1483 1057 1558 praefatione

312 1589 453 1677 Reliquos
476 1616 547 1658 vero
571 1597 702 1679 codices
726 1601 777 1677 qui
803 1617 862 1659 non
889 1608 959 1659 sunt
983 1599 1032 1660 tali
1054 1598 1243 1660 distinctione
1262 1601 1382 1681 signati,
1405 1603 1529 1665 notariis

223 1704 356 1784 diligenti
384 1714 482 1766 tamen
511 1723 580 1767 eura
610 1704 743 1765 sollicitis
771 1704 945 1784 relegendos
973 1715 1061 1785 atque
1090 1705 1288 1766 emendandos
1316 1706 1431 1785 reliqui.
1477 1710 1526 1786 qui
1543 1732 1569 1769 so

224 1815 280 1872 etsi
310 1831 367 1872 non
396 1814 549 1892 potuerint
574 1814 604 1872 in
628 1819 723 1871 totum
747 1809 973 1894 orthographiae
998 1814 1137 1872 minutias
1160 1813 1324 1894 custodire,
1348 1814 1526 1874 emendatio-

223 1938 291 1979 nem
321 1928 419 1980 tamen
449 1918 585 1979 codicum
616 1920 819 1999 antiquorum,
855 1927 889 1979 ut
917 1921 1037 1999 opinor,
1071 1918 1232 1999 adimplere
1263 1920 1358 1980 modis
1388 1921 1527 1982 omnihus

224 2026 413 2086 festinabunt.
445 2024 554 2085 hahent
573 2026 651 2084 enirn
671 2027 824 2085 scientiam
844 2032 980 2086 notarum
1001 2020 1131 2107 suarum,
1150 2044 1224 2105 quae
1245 2046 1280 2087 ex
1299 2030 1423 2088 maxima
1442 2037 1526 2107 parte

222 2132 298 2194 harto
325 2135 460 2213 peritiam
490 2140 610 2210 tangere
637 2139 726 2210 atque
754 2130 913 2192 admonere
942 2141 1115 2193 noscuntur.
1154 2132 1205 2192 sed
1234 2139 1267 2193 ut
1290 2151 1376 2193 error
1405 2133 1526 2194 inolitus

221 2241 408 2321 aliquatenus
427 2239 463 2300 de
483 2238 580 2299 medio
599 2237 767 2317 tolleretur,
791 2238 901 2297 lactum
925 2246 971 2299 est
994 2247 1027 2299 ut
1049 2240 1080 2299 in
1106 2241 1244 2317 sequenti
1266 2238 1342 2299 lihro
1366 2239 1402 2299 de
1426 2238 1568 2302 orthon

221 2348 360 2427 graphiae
387 2346 499 2427 regulis
526 2347 708 2424 perstrictim
735 2362 790 2422 pro
818 2351 905 2423 captu
933 2346 1043 2423 ingenii
1071 2363 1130 2404 non
1160 2344 1238 2405 nulla
1266 2364 1459 2424 poneremus,
1489 2365 1526 2406 ne

212 2457 450 2534 praecipitanter
469 2453 687 2513 emendantium
706 2451 838 2531 impolita
855 2454 1058 2531 praesumptio
1077 2455 1206 2531 posteris
1225 2452 1372 2532 carpenda
1396 2453 1526 2513 tradere-

221 2571 279 2622 tur.
316 2563 415 2640 paravi
434 2578 552 2639 quoque
577 2568 702 2638 quantos
725 2561 808 2639 potui
832 2562 946 2639 priscos
965 2558 1180 2638 orthographos
1204 2561 1351 2640 invenire,
1374 2579 1428 2639 per
1451 2578 1526 2638 quos

221 2670 278 2728 etsi
302 2685 361 2728 non
384 2669 503 2727 omnino
528 2669 668 2745 correcti,
693 2675 790 2726 tamen
814 2685 850 2726 ex
873 2685 976 2745 magna
1001 2675 1084 2746 parte
1104 2666 1249 2728 meliorati
1268 2685 1333 2728 esse
1357 2668 1525 2728 videantur:

221 2772 430 2852 orthographia
454 2772 599 2852 siquidem
623 2772 700 2852 apud
725 2772 854 2833 Graecos
881 2772 1057 2852 plerumque
1081 2775 1145 2833 sine
1169 2773 1358 2852 ambiguitate
1382 2773 1526 2852 proluatur
1540 2799 1566 2834 ro

222 2898 374 2960 expressa,
398 2882 476 2940 inter
494 2879 614 2940 Latinos
635 2898 703 2939 tero
723 2878 778 2939 suh
802 2879 893 2940 ardua
912 2878 1084 2940 difficultate
1103 2879 1205 2941 relicta
1228 2887 1421 2959 monstratur,
1445 2879 1523 2938 trudo

220 2988 308 3046 otiam
333 2987 418 3047 modo
442 2987 573 3047 studium
597 3005 735 3065 magnum
759 2986 880 3047 lectoris
902 2988 1033 3066 inquirit

218 3180 241 3216 p,
257 3169 296 3209 sn
310 3167 345 3209 ,g
360 3167 413 3211 0„
452 3129 477 3189 ll
507 3131 556 3189 Ex
579 3132 797 3190 corstitutionum
817 3132 994 3190 diuinorum
1017 3133 1178 3191 lectionum
1201 3147 1227 3191 c.
1244 3129 1309 3190 XV

310 3245 347 3305 Et
366 3247 505 3325 quoniam
524 3245 675 3305 interdum
690 3263 776 3305 casus
795 3263 963 3324 generaque
982 3248 1134 3307 nominum
1154 3245 1199 3306 vel
1219 3255 1351 3325 tempora
1365 3243 1523 3304 verborum

219 3351 356 3412 humanis
381 3353 490 3431 regulis
514 3360 666 3431 nequeunt
687 3353 859 3432 convenire,
882 3353 934 3414 sed
958 3362 1056 3415 tamen
1076 3373 1178 3416 corum
1199 3372 1285 3414 usum
1305 3353 1523 3418 ecclesiasticus
1538 3375 1563 3412 aa

219 3476 383 3518 consensus
402 3456 603 3540 amplectitur,
626 3460 754 3519 duorum
774 3458 818 3519 vel
839 3462 931 3521 trium
954 3463 1121 3540 priscorum
1140 3461 1424 3540 emendatorumque
1444 3459 1522 3520 codi-

218 3583 286 3625 cum
310 3566 471 3626 auctoritas
498 3567 674 3643 inquiratur.
714 3567 859 3644 scriptum
883 3576 929 3628 est
951 3569 1030 3627 enim
1054 3562 1102 3647 ‘in
1126 3586 1177 3627 ore
1202 3566 1328 3627 duorum
1358 3567 1402 3626 vel
1432 3569 1521 3626 trium

218 3670 308 3731 stabit
335 3690 422 3731 omne
447 3666 596 3752 serhum',
624 3681 654 3731 et
681 3674 831 3750 praesumi
858 3691 916 3732 non
939 3672 1027 3733 liceat
1049 3672 1127 3752 quod
1151 3671 1249 3733 divino
1273 3673 1439 3734 vindicatur
1463 3673 1521 3732 elo·

217 3779 301 3858 quio,
328 3786 363 3838 ut
390 3787 435 3839 est
462 3780 493 3838 iu
522 3777 634 3858 psalmo
657 3780 799 3857 vigesimo
817 3781 919 3858 'primo
942 3773 1068 3859 ‘populo
1092 3781 1143 3858 qui
1166 3787 1315 3859 nascetur,
1339 3797 1427 3857 quem
1452 3780 1521 3838 lecit

217 3879 376 3965 domiuus',
406 3895 435 3946 et
463 3885 534 3946 illud
562 3884 705 3964 evangelii
733 3879 851 3946 ‘euntes
879 3885 982 3947 docete
1010 3903 1114 3946 omnes
1137 3892 1241 3964 gentes
1263 3882 1446 3964 baptizantes
1470 3904 1521 3944 eos
1535 3914 1561 3952 30

307 4029 319 4075 1
337 4037 408 4090 quae
423 4021 506 4077 nimis
520 4023 547 4077 B
562 4039 635 4092 quae
649 4021 740 4075 minus
756 4022 845 4092 une
859 4023 914 4077 inis
927 4023 954 4076 A
1004 4029 1020 4077 8
1035 4020 1108 4076 sicut
1122 4021 1212 4093 egoB
1262 4024 1278 4073 5
1293 4020 1431 4090 coniungi.
1446 4021 1520 4074 hune

216 4100 370 4156 cassiodori
387 4103 523 4158 senatoris
542 4104 576 4158 de
595 4101 797 4172 orthographia
815 4101 918 4156 librum
936 4119 969 4158 ex
987 4101 1134 4157 duodecim
1151 4102 1296 4173 anemium
1315 4099 1456 4171 opusculis
1475 4101 1520 4154 de-

216 4182 353 4238 floratum.
372 4186 398 4237 fl.
418 4182 587 4237 EXPLICIT
606 4183 634 4235 B
653 4181 799 4237 coniuncti
827 4182 902 4236 hono
920 4180 1088 4237 cassiodoris
1106 4180 1243 4236 senatoris
1267 4181 1301 4235 de
1320 4180 1521 4248 orthographia

215 4273 288 4327 lihrt'r
307 4290 341 4327 ex
359 4272 411 4326 ΧΠ
429 4275 575 4328 auctorum
593 4272 734 4341 opusculis
753 4271 888 4326 defloratis
907 4271 1016 4325 AMNN
1034 4257 1171 4324 EXPLIU
1189 4251 1252 4324 LIB'
1267 4268 1316 4323 DE
1335 4267 1519 4323 ORTOGRA·

214 4361 303 4415 PHIA
322 4362 537 4417 ADlUUANTE
556 4350 634 4416 iffi&
652 4363 679 4415 A
703 4360 841 4429 coniungi.
864 4360 939 4414 hunc
961 4359 1099 4415 casiodori
1122 4359 1258 4415 senatoris
1285 4359 1319 4413 de
1339 4358 1521 4427 ortographia

215 4443 318 4498 lihrum
337 4459 370 4499 ex
389 4445 441 4499 XII
459 4447 605 4500 auctorum
624 4440 763 4511 opusculis
781 4440 946 4495 defloratum
964 4437 1133 4494 EXPLICIT
1153 4438 1257 4493 AMEN
1275 4436 1383 4493 AMHN
1403 4436 1427 4491 θ

304 4524 331 4576 Β
350 4527 433 4580 eodan
450 4524 659 4592 Bomherqensis

341 4606 356 4658 b
375 4607 493 4660 eiusdem
511 4604 612 4659 codicis
629 4605 762 4657 corrector

340 4700 357 4741 ς
375 4686 505 4739 editiones
524 4681 691 4736 Oassiodorii

306 4769 339 4817 13
359 4764 477 4820 scientia
493 4765 520 4819 B
608 4768 640 4816 ts
659 4759 791 4830 quantos]
810 4763 946 4829 quantum
965 4775 982 4818 ς
1067 4765 1102 4815 24
1124 4763 1252 4830 tempora
1270 4758 1430 4829 verborum]
1449 4760 1517 4813 lem-

214 4860 315 4914 porum
333 4843 383 4902 Βς
455 4849 489 4898 25
508 4840 731 4897 ecclesiasticum
749 4841 778 4894 B
849 4847 882 4895 nt
903 4839 1020 4895 duorum
1039 4840 1085 4895 rel
1102 4838 1188 4894 trium
1206 4839 1321 4894 testium
1340 4837 1471 4893 Garctius
