3316 5474
234 349 301 412 242
826 350 946 405 subdu

235 463 256 498 p.
270 450 329 496 6664.
344 451 370 489 66
384 450 409 488 r.

235 543 281 594 cst
304 532 437 612 dactylus
460 552 496 593 ex
520 533 606 612 longa
629 543 659 594 et
682 533 796 594 duabus
824 532 965 595 brevibus
989 543 1156 615 temporum
1181 544 1335 616 quattuor,
1365 545 1398 596 ut
1426 536 1540 614 regula:

234 641 462 733 amphibrachus
491 660 526 700 ex
549 641 633 701 breri
657 649 687 701 ct
712 641 797 720 longa
821 651 850 703 et
878 641 961 702 brevi
989 650 1158 722 temporum
1181 653 1330 724 quattuor,
1357 630 1391 704 ut
1419 643 1542 723 barena3

226 747 303 819 ‚huic
335 750 503 811 contrarius
532 757 576 810 est
605 749 822 829 amphimacrus
850 769 885 811 ex
914 750 999 830 longa
1028 760 1057 812 et
1086 751 1168 812 brevi
1197 760 1226 811 et
1257 751 1342 830 longa
1374 761 1540 830 temporum

235 857 382 938 quinque,
405 866 439 917 ut
462 858 624 936 impotens:
648 855 789 917 bacchius
809 875 844 916 ex
864 855 947 916 hreri
966 866 996 917 ot
1015 856 1129 918 duabus
1155 857 1250 936 longis
1270 867 1436 937 temporum
1456 861 1541 937 quin·

235 979 307 1040 que,
331 971 364 1023 ut
386 972 504 1044 poetae3
527 964 597 1024 huic
616 966 785 1025 contrarius
804 972 849 1024 est
867 961 1070 1024 antibacchius
1089 982 1124 1023 ex
1144 963 1258 1024 duabus
1282 964 1378 1043 longis
1404 974 1433 1025 et
1459 964 1569 1024 brevis

236 1076 404 1149 temporum
427 1073 574 1152 quinque,
601 1079 636 1131 ut
659 1079 772 1131 natura.
810 1071 864 1131 bos
888 1079 1064 1152 sequuntur,
1087 1079 1122 1132 ut
1145 1070 1218 1152 dixi,
1246 1072 1338 1150 pedes
1362 1070 1542 1151 tetrasyllabi

175 1258 180 1266 ,
234 1173 314 1256 XVl,
332 1176 526 1255 pentasyllabi
544 1176 668 1259 xxxtt,
687 1176 865 1256 hexasyllabi
885 1176 1000 1238 LXllll.
1029 1177 1081 1238 sed
1101 1177 1173 1237 baec
1193 1180 1312 1238 interim
1332 1187 1434 1238 nostro
1449 1181 1542 1258 operi,

234 1282 314 1361 quod
338 1282 374 1342 de
399 1290 461 1342 arte
486 1285 608 1343 metrica
633 1283 784 1364 cudimus,
807 1285 879 1345 satis
902 1301 968 1344 esse
991 1291 1138 1364 putamus.

269 1455 329 1522 ou
352 1455 503 1522 uuuno
527 1455 777 1523 nxcuuuxco
800 1456 1076 1523 usxuunnno
1100 1456 1187 1522 vus
1210 1407 1509 1525 ruurxuuuno

324 1604 452 1665 Metrum
471 1603 648 1683 dactyhcum
666 1604 885 1686 hexametrum,
905 1599 910 1682 Ι
930 1603 1009 1683 quod
1029 1613 1059 1664 et
1081 1604 1236 1666 heroicum
1254 1617 1385 1687 vocatur,
1404 1624 1439 1665 eo
1461 1605 1540 1684 quod
1557 1622 1582 1659 ro

235 1710 291 1769 hoc
311 1713 435 1771 maxime
455 1712 594 1792 heroum,
613 1712 670 1772 hoc
690 1721 737 1771 est
755 1713 886 1777 virorum
904 1711 1036 1791 fortium,
1055 1712 1132 1771 lacta
1150 1721 1300 1794 canerent,
1320 1714 1428 1774 ceteris
1448 1714 1540 1771 omni·

237 1815 293 1876 bus
316 1816 471 1895 pulchrius
491 1818 660 1896 celsiusque
680 1827 733 1878 est.
771 1817 850 1878 unde
869 1817 1020 1898 opusculis
1040 1827 1099 1879 tam
1122 1819 1244 1898 prolixis
1264 1838 1352 1899 qnam
1371 1820 1540 1897 succinctis,

237 1931 295 1984 tam
314 1923 420 1984 vilibus
440 1943 528 2004 quam
546 1924 696 1985 nobilibus
715 1933 816 2004 aptum
836 1943 901 1985 esse
921 1927 1084 1985 consuevit.
1118 1934 1234 1986 constat
1252 1934 1351 1986 autem
1371 1945 1406 1986 ex
1426 1923 1540 2002 dactylo

236 2038 266 2090 ct
289 2030 420 2109 spondeo
444 2032 489 2092 rel
521 2030 673 2107 trochaeo,
701 2034 742 2092 ita
765 2040 798 2091 ut
820 2025 945 2110 recipiat
968 2030 1132 2111 spondeum
1160 2029 1233 2092 locis
1256 2032 1394 2094 omnihus
1422 2039 1541 2110 praeter

235 2138 387 2219 quintum,
414 2137 561 2217 dactylum
584 2145 703 2217 practer
726 2138 878 2219 ultimum,
907 2138 1078 2199 trochaeum
1103 2156 1172 2198 vero
1196 2139 1261 2200 loco
1285 2146 1400 2200 tantum
1423 2137 1539 2217 ultim03
1557 2154 1582 2192 rs

237 2242 296 2325 vel,
318 2254 353 2305 ut
375 2244 494 2324 quidam
519 2233 677 2327 deliniunt,
700 2246 864 2325 spondeum
888 2247 992 2307 ultimo
1016 2244 1081 2305 loco
1101 2263 1219 2326 semper
1243 2256 1273 2307 et
1296 2245 1434 2307 omnibus
1458 2262 1540 2324 prac-

237 2359 283 2411 ter
302 2353 453 2432 quintum,
477 2353 649 2413 trochaeum
669 2372 738 2414 vero
758 2371 919 2434 nusquam,
942 2355 1025 2433 quid,
1048 2354 1104 2413 etsi
1123 2351 1225 2413 ultima
1245 2352 1345 2413 brevis
1363 2361 1409 2413 est
1428 2361 1541 2432 natura,

237 2467 336 2518 tamen
360 2457 525 2538 spondeum
549 2459 619 2519 lacit
642 2460 677 2520 ad
702 2469 802 2521 votum
826 2456 995 2540 poetarum,
1025 2461 1091 2540 qui,
1114 2468 1147 2520 ut
1170 2460 1385 2540 praediximus,
1409 2459 1541 2519 ultimam

236 2582 341 2625 versus
359 2567 456 2626 omnis
476 2565 615 2644 syllabam
637 2566 842 2628 indifferenter
861 2568 1018 2646 accipiunt.
1051 2565 1183 2645 alioquin
1201 2566 1364 2646 legitimum
1384 2584 1540 2627 numerum

236 2672 339 2750 viginti
363 2681 503 2751 quattuor
527 2681 695 2753 temporum
719 2693 823 2735 versus
851 2674 1023 2734 hexameter
1046 2692 1106 2734 non
1135 2673 1267 2755 habebit,
1295 2676 1364 2753 quia
1386 2681 1431 2734 tot
1458 2671 1540 2731 illum
1555 2686 1580 2723 2⁰

236 2797 291 2857 pro
322 2780 369 2839 sui
399 2779 582 2858 perfectione
613 2778 722 2842 hahere
754 2780 892 2861 decebat,
922 2788 996 2860 quot
1026 2780 1114 2841 habet
1144 2761 1218 2841 libra
1248 2780 1334 2860 plena
1364 2779 1539 2840 semuncias.

237 2884 326 2946 huius
350 2885 517 2965 exemplum
998 2949 1001 2952 ,

397 2992 552 3053 culmina
576 2991 685 3053 multa
708 2992 809 3073 polos
833 2992 993 3055 radianti
1015 2992 1149 3054 lumine
1173 2991 1361 3072 complent

238 3101 295 3161 hoc
319 3110 447 3162 metrum
469 3111 539 3182 post
556 3100 719 3162 Homerum
742 3101 856 3162 heroici
878 3119 987 3162 nomen
1008 3101 1136 3181 accepit,
1158 3100 1292 3180 pythium
1311 3107 1397 3161 antea
1421 3098 1542 3176 dictum,

238 3226 273 3267 eo
297 3208 375 3288 quod
399 3207 542 3288 Apollinis
565 3206 683 3269 oracula
707 3207 756 3268 illo
780 3210 840 3268 sint
864 3216 959 3268 metro
983 3207 1070 3269 edita.
1555 3220 1581 3258 2⁵

326 3315 403 3377 Huic
427 3324 585 3395 cognatum
605 3323 651 3375 est
675 3323 704 3374 et
728 3317 812 3394 quasi
836 3315 1019 3375 familiariter
1038 3314 1219 3396 adhaerens,
1241 3316 1282 3376 ita
1305 3323 1339 3376 ut
1362 3317 1425 3375 sine
1450 3314 1544 3394 ipsius

238 3422 384 3503 praesidio
409 3440 570 3502 numquam
593 3421 623 3482 id
647 3424 776 3501 positum
801 3421 939 3503 viderim,
962 3429 1091 3483 metrum
1114 3422 1291 3502 dactylicum
1316 3431 1545 3503 pentametrum,

237 3530 316 3608 quod
345 3532 452 3611 recipit
479 3528 644 3609 spondeum
673 3529 737 3589 loco
766 3531 862 3608 primo
891 3537 920 3588 et
948 3529 1093 3609 secundo,
1122 3528 1269 3608 dactylum
1298 3528 1371 3588 locis
1397 3527 1545 3606 omnibus,

237 3635 400 3698 catalecton
423 3640 454 3698 in
479 3635 574 3696 medio
598 3641 629 3695 ct
652 3634 718 3695 line.
755 3634 844 3695 huius
869 3633 1034 3714 exemplum

398 3741 655 3821 laetanturque
679 3743 751 3820 piis
775 3742 911 3820 agmina
935 3730 1057 3818 saii'hta
1081 3738 1210 3800 choris.
1558 3753 1585 3791 ³0

242 3851 332 3911 huius
352 3852 439 3910 metri
463 3866 567 3909 versus
587 3848 705 3927 quidam
728 3850 769 3908 ita
788 3845 972 3907 scandendos
991 3844 1163 3922 adstruunt,
1187 3853 1221 3905 ut
1244 3846 1374 3923 quinque
1394 3842 1544 3904 absolutos

239 3958 331 4037 pedes
355 3958 398 4017 eis
421 3959 519 4016 inesse
544 3955 682 4035 doceant,
706 3953 871 4032 spondeum
891 3954 951 4012 sive
975 3950 1122 4030 dactylum
1145 3951 1210 4012 loco
1234 3954 1329 4032 primo
1352 3961 1381 4012 et
1404 3952 1545 4033 secundo,

238 4063 402 4144 spondeum
422 4065 511 4123 tertio
531 4079 659 4143 semper,
678 4067 784 4140 quarto
804 4068 834 4120 et
853 4061 957 4139 quinto
977 4067 1160 4140 anapaestos,
1179 4058 1269 4120 veluti
1293 4060 1318 4118 si
1344 4059 1424 4119 dicas
1443 4053 1543 4136 ‘quae-

238 4173 295 4233 rito
324 4189 414 4251 regna
443 4169 515 4250 poli,
550 4169 684 4248 quaerite
715 4183 807 4246 regna
838 4160 924 4246 poli',
953 4167 1087 4244 quaerite
1115 4165 1262 4246 dactylus,
1289 4183 1418 4244 regnapo
1447 4165 1543 4243 dacty-

329 4351 359 4398 11
382 4340 481 4399 celeris
497 4372 530 4381 -
546 4344 578 4395 15
597 4341 709 4394 lantum
722 4336 824 4392 ultimo
845 4336 928 4392 Mart.
946 4307 1045 4393 Tlceod.
1062 4342 1127 4404 589,
1140 4341 1180 4394 23
1234 4343 1268 4391 tt
1288 4338 1408 4392 metrum
1427 4336 1545 4405 dactyli-

238 4441 302 4478 cum
320 4424 527 4493 pentametrum
548 4421 629 4476 Mate.
651 4419 752 4474 Theod.
772 4423 836 4484 590,
854 4423 874 4473 2

329 4579 719 4651 roetom.;1²,aod.FL
793 4585 826 4632 16
845 4577 981 4633 deliniunt
1000 4578 1076 4633 FPl
1095 4578 1220 4633 definiuit
1239 4577 1280 4631 L:
1303 4579 1337 4644 οἱ.
1363 4577 1494 4633 Victoris.
1514 4578 1546 4631 dc

238 4669 313 4720 metr.
329 4669 491 4735 1120666
556 4667 589 4718 18
608 4661 722 4731 quiunt
736 4659 762 4713 L
821 4665 856 4713 20
870 4657 994 4726 quietos
1008 4659 1035 4713 L
1049 4661 1214 4728 quaelcorr.
1229 4660 1295 4727 quo)
1310 4659 1354 4714 bot
1369 4659 1509 4729 Fq..tol
1523 4660 1550 4711 P

287 4749 323 4799 24
341 4745 446 4815 accipit
464 4745 495 4799 F
565 4749 600 4798 25
619 4742 676 4798 sint
693 4743 783 4795 metro
803 4740 831 4793 P
845 4741 935 4792 metro
955 4739 1011 4795 sinb
1029 4738 1055 4792 L
1074 4741 1139 4793 sunl
1156 4739 1246 4792 metro
1266 4737 1297 4791 F
1366 4746 1400 4793 33
1419 4739 1546 4809 quaerite

240 4841 326 4895 regne
345 4825 403 4894 poli
422 4824 501 4878 semel
518 4825 652 4893 scriplum
669 4821 769 4876 lrabeat
788 4819 857 4887 LF,
872 4825 969 4888 postea
987 4820 1101 4874 deletum
1119 4821 1151 4874 irc
1170 4819 1206 4886 L,
1225 4820 1267 4874 hir
1284 4821 1414 4890 scriptum
1435 4821 1481 4886 Ps
