<?xml version="1.0" encoding="UTF-8"?>
<!DOCTYPE html PUBLIC "-//W3C//DTD XHTML 1.0 Transitional//EN"
    "http://www.w3.org/TR/xhtml1/DTD/xhtml1-transitional.dtd">
<html xmlns="http://www.w3.org/1999/xhtml" xml:lang="en" lang="en">
 <head>
  <title>
</title>
<meta http-equiv="Content-Type" content="text/html;charset=utf-8" />
  <meta name='ocr-system' content='tesseract 3.04.00' />
  <meta name='ocr-capabilities' content='ocr_page ocr_carea ocr_par ocr_line ocrx_word'/>
</head>
<body>
  <div class='ocr_page' id='page_1' title='image "./grammaticilatin00keilgoog/grammaticilatin00keilgoog_0172.png"; bbox 0 0 3316 5474; ppageno 0'>
   <div class='ocr_carea' id='block_1_1' title="bbox 643 280 1471 393">
    <p class='ocr_par' dir='ltr' id='par_1_1' title="bbox 643 280 1471 393">
     <span class='ocr_line' id='line_1_1' title="bbox 643 280 1471 393; baseline 0.011 -9"><span class='ocrx_word' id='word_1_1' title='bbox 643 330 691 384; x_wconf 80' lang='grc' dir='ltr'><strong>ΒΕ</strong></span> <span class='ocrx_word' id='word_1_2' title='bbox 711 280 1001 387; x_wconf 71' lang='grc' dir='ltr'><strong>ΟΒΤΒΟΘΒΔΡΗΙΑ</strong></span> <span class='ocrx_word' id='word_1_3' title='bbox 1408 329 1471 393; x_wconf 81' lang='lat'><strong>153</strong></span> 
     </span>
    </p>
   </div>
   <div class='ocr_carea' id='block_1_2' title="bbox 113 430 1472 2390">
    <p class='ocr_par' dir='ltr' id='par_1_2' title="bbox 152 430 293 479">
     <span class='ocr_line' id='line_1_2' title="bbox 152 430 293 479; baseline 0 -8"><span class='ocrx_word' id='word_1_4' title='bbox 152 430 293 479; x_wconf 56' lang='lat' dir='ltr'><strong>amr.</strong></span> 
     </span>
    </p>

    <p class='ocr_par' dir='ltr' id='par_1_3' title="bbox 154 500 1470 597">
     <span class='ocr_line' id='line_1_3' title="bbox 154 500 1470 597; baseline 0 -22"><span class='ocrx_word' id='word_1_5' title='bbox 154 517 190 575; x_wconf 90' lang='lat' dir='ltr'><strong>iu</strong></span> <span class='ocrx_word' id='word_1_6' title='bbox 220 514 301 577; x_wconf 86' lang='lat' dir='ltr'><strong>libro</strong></span> <span class='ocrx_word' id='word_1_7' title='bbox 330 518 382 597; x_wconf 86' lang='lat' dir='ltr'><strong>qui</strong></span> <span class='ocrx_word' id='word_1_8' title='bbox 409 522 455 577; x_wconf 90' lang='lat' dir='ltr'><strong>est</strong></span> <span class='ocrx_word' id='word_1_9' title='bbox 481 515 518 576; x_wconf 90' lang='lat' dir='ltr'><strong>de</strong></span> <span class='ocrx_word' id='word_1_10' title='bbox 550 517 738 593; x_wconf 84' lang='lat' dir='ltr'><strong>grammatica</strong></span> <span class='ocrx_word' id='word_1_11' title='bbox 766 514 870 595; x_wconf 87' lang='lat' dir='ltr'><strong>Varro,</strong></span> <span class='ocrx_word' id='word_1_12' title='bbox 900 533 968 576; x_wconf 92' lang='lat' dir='ltr'><strong>cum</strong></span> <span class='ocrx_word' id='word_1_13' title='bbox 996 515 1032 576; x_wconf 95' lang='lat' dir='ltr'><strong>de</strong></span> <span class='ocrx_word' id='word_1_14' title='bbox 1060 514 1169 576; x_wconf 88' lang='lat' dir='ltr'><strong>litteris</strong></span> <span class='ocrx_word' id='word_1_15' title='bbox 1197 500 1372 594; x_wconf 67' lang='lat' dir='ltr'><strong>dissererit,</strong></span> <span class='ocrx_word' id='word_1_16' title='bbox 1402 513 1470 592; x_wconf 89' lang='lat' dir='ltr'><strong>[ita]</strong></span> 
     </span>
    </p>

    <p class='ocr_par' dir='ltr' id='par_1_4' title="bbox 155 621 1469 703">
     <span class='ocr_line' id='line_1_4' title="bbox 155 621 1469 703; baseline 0.001 -21"><span class='ocrx_word' id='word_1_17' title='bbox 155 621 179 682; x_wconf 94' lang='lat' dir='ltr'><strong>h</strong></span> <span class='ocrx_word' id='word_1_18' title='bbox 204 624 287 683; x_wconf 90' lang='lat' dir='ltr'><strong>inter</strong></span> <span class='ocrx_word' id='word_1_19' title='bbox 312 623 425 683; x_wconf 80' lang='lat' dir='ltr'><strong>litteras</strong></span> <span class='ocrx_word' id='word_1_20' title='bbox 448 641 507 683; x_wconf 95' lang='lat' dir='ltr'><strong>non</strong></span> <span class='ocrx_word' id='word_1_21' title='bbox 527 641 593 684; x_wconf 90' lang='lat' dir='ltr'><strong>esse</strong></span> <span class='ocrx_word' id='word_1_22' title='bbox 613 624 781 703; x_wconf 83' lang='lat' dir='ltr'><strong>disputarit,</strong></span> <span class='ocrx_word' id='word_1_23' title='bbox 800 621 879 701; x_wconf 92' lang='lat' dir='ltr'><strong>quod</strong></span> <span class='ocrx_word' id='word_1_24' title='bbox 903 621 1115 683; x_wconf 87' lang='lat' dir='ltr'><strong>multominus</strong></span> <span class='ocrx_word' id='word_1_25' title='bbox 1139 624 1260 702; x_wconf 91' lang='lat' dir='ltr'><strong>mirum,</strong></span> <span class='ocrx_word' id='word_1_26' title='bbox 1284 640 1372 701; x_wconf 73' lang='lat' dir='ltr'><strong>quiam</strong></span> <span class='ocrx_word' id='word_1_27' title='bbox 1391 622 1469 700; x_wconf 92' lang='lat' dir='ltr'><strong>quod</strong></span> 
     </span>
    </p>

    <p class='ocr_par' dir='ltr' id='par_1_5' title="bbox 156 714 1471 810">
     <span class='ocr_line' id='line_1_5' title="bbox 156 714 1471 810; baseline -0.002 -20"><span class='ocrx_word' id='word_1_28' title='bbox 156 749 177 790; x_wconf 88' lang='lat' dir='ltr'>x</span> <span class='ocrx_word' id='word_1_29' title='bbox 205 714 328 810; x_wconf 81' lang='lat' dir='ltr'><strong>quoque</strong></span> <span class='ocrx_word' id='word_1_30' title='bbox 351 729 480 791; x_wconf 77' lang='lat' dir='ltr'><strong>litteram</strong></span> <span class='ocrx_word' id='word_1_31' title='bbox 503 748 569 790; x_wconf 89' lang='lat' dir='ltr'><strong>esse</strong></span> <span class='ocrx_word' id='word_1_32' title='bbox 595 738 688 809; x_wconf 81' lang='lat' dir='ltr'><strong>negat.</strong></span> <span class='ocrx_word' id='word_1_33' title='bbox 727 732 756 790; x_wconf 94' lang='lat' dir='ltr'><strong>iu</strong></span> <span class='ocrx_word' id='word_1_34' title='bbox 781 748 839 808; x_wconf 90' lang='lat' dir='ltr'><strong>quo</strong></span> <span class='ocrx_word' id='word_1_35' title='bbox 863 727 933 808; x_wconf 90' lang='lat' dir='ltr'><strong>quid</strong></span> <span class='ocrx_word' id='word_1_36' title='bbox 958 728 1096 810; x_wconf 90' lang='lat' dir='ltr'><strong>voluerit,</strong></span> <span class='ocrx_word' id='word_1_37' title='bbox 1125 727 1255 789; x_wconf 93' lang='lat' dir='ltr'><strong>nondum</strong></span> <span class='ocrx_word' id='word_1_38' title='bbox 1279 726 1471 808; x_wconf 74' lang='lat' dir='ltr'><strong>deprehendi,</strong></span> 
     </span>
    </p>

    <p class='ocr_par' dir='ltr' id='par_1_6' title="bbox 113 831 1471 1025">
     <span class='ocr_line' id='line_1_6' title="bbox 159 831 1470 915; baseline 0 -20"><span class='ocrx_word' id='word_1_39' title='bbox 159 836 261 914; x_wconf 91' lang='lat' dir='ltr'><strong>ipsius</strong></span> <span class='ocrx_word' id='word_1_40' title='bbox 275 834 365 896; x_wconf 87' lang='lat' dir='ltr'><strong>verba</strong></span> <span class='ocrx_word' id='word_1_41' title='bbox 379 835 535 897; x_wconf 83' lang='lat' dir='ltr'><strong>subiciam:</strong></span> <span class='ocrx_word' id='word_1_42' title='bbox 555 831 737 896; x_wconf 81' lang='lat' dir='ltr'><strong>‘litterarum</strong></span> <span class='ocrx_word' id='word_1_43' title='bbox 752 838 860 915; x_wconf 89' lang='lat' dir='ltr'><strong>partim</strong></span> <span class='ocrx_word' id='word_1_44' title='bbox 875 844 944 896; x_wconf 90' lang='lat' dir='ltr'><strong>sunt</strong></span> <span class='ocrx_word' id='word_1_45' title='bbox 959 843 989 894; x_wconf 90' lang='lat' dir='ltr'><strong>et</strong></span> <span class='ocrx_word' id='word_1_46' title='bbox 1003 834 1157 915; x_wconf 90' lang='lat' dir='ltr'><strong>dicuntur,</strong></span> <span class='ocrx_word' id='word_1_47' title='bbox 1178 844 1210 895; x_wconf 90' lang='lat' dir='ltr'><strong>ut</strong></span> <span class='ocrx_word' id='word_1_48' title='bbox 1228 849 1250 895; x_wconf 80' lang='lat' dir='ltr'><strong>a</strong></span> <span class='ocrx_word' id='word_1_49' title='bbox 1265 842 1296 894; x_wconf 90' lang='lat' dir='ltr'><strong>et</strong></span> <span class='ocrx_word' id='word_1_50' title='bbox 1309 849 1344 914; x_wconf 74' lang='lat' dir='ltr'><strong>u,</strong></span> <span class='ocrx_word' id='word_1_51' title='bbox 1362 837 1470 913; x_wconf 90' lang='lat' dir='ltr'><strong>partim</strong></span> 
     </span>
     <span class='ocr_line' id='line_1_7' title="bbox 113 941 1471 1025; baseline -0.001 -23"><span class='ocrx_word' id='word_1_52' title='bbox 113 959 131 1001; x_wconf 80' lang='lat' dir='ltr'><strong>a</strong></span> <span class='ocrx_word' id='word_1_53' title='bbox 159 942 309 1004; x_wconf 88' lang='lat' dir='ltr'><strong>dicuntur</strong></span> <span class='ocrx_word' id='word_1_54' title='bbox 334 961 432 1023; x_wconf 89' lang='lat' dir='ltr'><strong>neque</strong></span> <span class='ocrx_word' id='word_1_55' title='bbox 460 951 544 1025; x_wconf 89' lang='lat' dir='ltr'><strong>sunt,</strong></span> <span class='ocrx_word' id='word_1_56' title='bbox 572 952 606 1004; x_wconf 90' lang='lat' dir='ltr'><strong>ut</strong></span> <span class='ocrx_word' id='word_1_57' title='bbox 633 958 656 1003; x_wconf 80' lang='grc' dir='ltr'><strong><em>Η</em></strong></span> <span class='ocrx_word' id='word_1_58' title='bbox 681 952 712 1003; x_wconf 93' lang='lat' dir='ltr'><strong>et</strong></span> <span class='ocrx_word' id='word_1_59' title='bbox 734 959 770 1024; x_wconf 80' lang='lat' dir='ltr'><strong>x3</strong></span> <span class='ocrx_word' id='word_1_60' title='bbox 799 944 942 1022; x_wconf 82' lang='lat' dir='ltr'><strong>quaedam</strong></span> <span class='ocrx_word' id='word_1_61' title='bbox 970 961 1067 1021; x_wconf 85' lang='lat' dir='ltr'><strong>neque</strong></span> <span class='ocrx_word' id='word_1_62' title='bbox 1096 950 1165 1003; x_wconf 88' lang='lat' dir='ltr'><strong>sum</strong></span> <span class='ocrx_word' id='word_1_63' title='bbox 1196 960 1292 1020; x_wconf 84' lang='lat' dir='ltr'><strong>neque</strong></span> <span class='ocrx_word' id='word_1_64' title='bbox 1322 941 1471 1023; x_wconf 90' lang='lat' dir='ltr'><strong>dicuntur,</strong></span> 
     </span>
    </p>

    <p class='ocr_par' dir='ltr' id='par_1_7' title="bbox 160 1044 367 1110">
     <span class='ocr_line' id='line_1_8' title="bbox 160 1044 367 1110; baseline -0.024 -1"><span class='ocrx_word' id='word_1_65' title='bbox 160 1044 367 1110; x_wconf 55' lang='lat' dir='ltr'><strong>mduw</strong></span> 
     </span>
    </p>

    <p class='ocr_par' dir='ltr' id='par_1_8' title="bbox 160 1154 1472 1450">
     <span class='ocr_line' id='line_1_9' title="bbox 254 1154 1470 1237; baseline 0 -20"><span class='ocrx_word' id='word_1_66' title='bbox 254 1154 421 1217; x_wconf 89' lang='lat' dir='ltr'><strong>llehcmens</strong></span> <span class='ocrx_word' id='word_1_67' title='bbox 448 1165 479 1217; x_wconf 89' lang='lat' dir='ltr'><strong>et</strong></span> <span class='ocrx_word' id='word_1_68' title='bbox 505 1175 625 1217; x_wconf 88' lang='lat' dir='ltr'><strong>remens</strong></span> <span class='ocrx_word' id='word_1_69' title='bbox 648 1156 725 1236; x_wconf 90' lang='lat' dir='ltr'><strong>apud</strong></span> <span class='ocrx_word' id='word_1_70' title='bbox 749 1159 887 1236; x_wconf 85' lang='lat' dir='ltr'><strong>antiquos</strong></span> <span class='ocrx_word' id='word_1_71' title='bbox 909 1165 940 1217; x_wconf 90' lang='lat' dir='ltr'><strong>et</strong></span> <span class='ocrx_word' id='word_1_72' title='bbox 967 1156 1043 1237; x_wconf 90' lang='lat' dir='ltr'><strong>apud</strong></span> <span class='ocrx_word' id='word_1_73' title='bbox 1068 1156 1242 1217; x_wconf 79' lang='lat' dir='ltr'><strong>Ciceronem</strong></span> <span class='ocrx_word' id='word_1_74' title='bbox 1271 1156 1349 1235; x_wconf 84' lang='lat' dir='ltr'><strong>lego,</strong></span> <span class='ocrx_word' id='word_1_75' title='bbox 1377 1174 1470 1235; x_wconf 87' lang='lat' dir='ltr'><strong>aeque</strong></span> 
     </span>
     <span class='ocr_line' id='line_1_10' title="bbox 160 1260 1472 1344; baseline 0.001 -23"><span class='ocrx_word' id='word_1_76' title='bbox 160 1260 320 1341; x_wconf 90' lang='lat' dir='ltr'><strong>prehendo</strong></span> <span class='ocrx_word' id='word_1_77' title='bbox 339 1271 369 1324; x_wconf 89' lang='lat' dir='ltr'><strong>et</strong></span> <span class='ocrx_word' id='word_1_78' title='bbox 386 1263 514 1344; x_wconf 89' lang='lat' dir='ltr'><strong>prendo,</strong></span> <span class='ocrx_word' id='word_1_79' title='bbox 536 1262 658 1324; x_wconf 85' lang='lat' dir='ltr'><strong>hercule</strong></span> <span class='ocrx_word' id='word_1_80' title='bbox 678 1263 708 1323; x_wconf 79' lang='lat' dir='ltr'><strong>et&#39;</strong></span> <span class='ocrx_word' id='word_1_81' title='bbox 725 1262 840 1342; x_wconf 86' lang='lat' dir='ltr'><strong>hercle,</strong></span> <span class='ocrx_word' id='word_1_82' title='bbox 863 1261 936 1323; x_wconf 92' lang='lat' dir='ltr'><strong>nihil</strong></span> <span class='ocrx_word' id='word_1_83' title='bbox 956 1271 986 1323; x_wconf 91' lang='lat' dir='ltr'><strong>et</strong></span> <span class='ocrx_word' id='word_1_84' title='bbox 1005 1262 1054 1322; x_wconf 88' lang='lat' dir='ltr'><strong>nil.</strong></span> <span class='ocrx_word' id='word_1_85' title='bbox 1087 1262 1160 1322; x_wconf 88' lang='lat' dir='ltr'><strong>haec</strong></span> <span class='ocrx_word' id='word_1_86' title='bbox 1179 1262 1330 1323; x_wconf 83' lang='lat' dir='ltr'><strong>observari</strong></span> <span class='ocrx_word' id='word_1_87' title='bbox 1349 1271 1472 1323; x_wconf 87' lang='lat' dir='ltr'><strong>eatenus</strong></span> 
     </span>
     <span class='ocr_line' id='line_1_11' title="bbox 160 1369 1470 1450; baseline -0.002 -20"><span class='ocrx_word' id='word_1_88' title='bbox 160 1376 321 1450; x_wconf 92' lang='lat' dir='ltr'><strong>poterunt,</strong></span> <span class='ocrx_word' id='word_1_89' title='bbox 345 1370 560 1431; x_wconf 89' lang='lat' dir='ltr'><strong>consuetudine</strong></span> <span class='ocrx_word' id='word_1_90' title='bbox 585 1373 796 1450; x_wconf 84' lang='lat' dir='ltr'><strong>potiusquam</strong></span> <span class='ocrx_word' id='word_1_91' title='bbox 822 1372 949 1450; x_wconf 83' lang='lat' dir='ltr'><strong>ratione,</strong></span> <span class='ocrx_word' id='word_1_92' title='bbox 974 1372 1002 1430; x_wconf 95' lang='lat' dir='ltr'><strong>iu</strong></span> <span class='ocrx_word' id='word_1_93' title='bbox 1027 1370 1072 1430; x_wconf 92' lang='lat' dir='ltr'><strong>his</strong></span> <span class='ocrx_word' id='word_1_94' title='bbox 1095 1372 1255 1449; x_wconf 89' lang='lat' dir='ltr'><strong>praecipue</strong></span> <span class='ocrx_word' id='word_1_95' title='bbox 1275 1369 1372 1430; x_wconf 87' lang='lat' dir='ltr'><strong>verbis</strong></span> <span class='ocrx_word' id='word_1_96' title='bbox 1395 1388 1470 1448; x_wconf 73' lang='lat' dir='ltr'><strong>qliae</strong></span> 
     </span>
    </p>

    <p class='ocr_par' dir='ltr' id='par_1_9' title="bbox 118 1474 673 1556">
     <span class='ocr_line' id='line_1_12' title="bbox 118 1474 673 1556; baseline 0.009 -24"><span class='ocrx_word' id='word_1_97' title='bbox 118 1494 147 1533; x_wconf 78' lang='lat' dir='ltr'><strong>ro</strong></span> <span class='ocrx_word' id='word_1_98' title='bbox 161 1474 395 1556; x_wconf 83' lang='lat' dir='ltr'><strong>adspirationem</strong></span> <span class='ocrx_word' id='word_1_99' title='bbox 419 1475 528 1537; x_wconf 92' lang='lat' dir='ltr'><strong>hahere</strong></span> <span class='ocrx_word' id='word_1_100' title='bbox 554 1477 673 1539; x_wconf 90' lang='lat' dir='ltr'><strong>dehent.</strong></span> 
     </span>
    </p>

    <p class='ocr_par' dir='ltr' id='par_1_10' title="bbox 162 1580 1471 1984">
     <span class='ocr_line' id='line_1_13' title="bbox 253 1580 1471 1665; baseline 0.002 -25"><span class='ocrx_word' id='word_1_101' title='bbox 253 1580 278 1640; x_wconf 81' lang='grc' dir='ltr'>Υ</span> <span class='ocrx_word' id='word_1_102' title='bbox 304 1582 403 1644; x_wconf 88' lang='lat' dir='ltr'><strong>littera</strong></span> <span class='ocrx_word' id='word_1_103' title='bbox 431 1586 545 1663; x_wconf 89' lang='lat' dir='ltr'><strong>antiqui</strong></span> <span class='ocrx_word' id='word_1_104' title='bbox 572 1603 631 1645; x_wconf 92' lang='lat' dir='ltr'><strong>non</strong></span> <span class='ocrx_word' id='word_1_105' title='bbox 660 1603 778 1665; x_wconf 85' lang='lat' dir='ltr'><strong>semper</strong></span> <span class='ocrx_word' id='word_1_106' title='bbox 807 1586 854 1644; x_wconf 86' lang='lat' dir='ltr'><strong>usi</strong></span> <span class='ocrx_word' id='word_1_107' title='bbox 883 1591 966 1664; x_wconf 85' lang='lat' dir='ltr'><strong>surrt,</strong></span> <span class='ocrx_word' id='word_1_108' title='bbox 994 1584 1045 1644; x_wconf 93' lang='lat' dir='ltr'><strong>scd</strong></span> <span class='ocrx_word' id='word_1_109' title='bbox 1074 1583 1230 1663; x_wconf 90' lang='lat' dir='ltr'><strong>aliquando</strong></span> <span class='ocrx_word' id='word_1_110' title='bbox 1258 1582 1322 1643; x_wconf 95' lang='lat' dir='ltr'><strong>loco</strong></span> <span class='ocrx_word' id='word_1_111' title='bbox 1348 1582 1426 1643; x_wconf 90' lang='lat' dir='ltr'><strong>illius</strong></span> <span class='ocrx_word' id='word_1_112' title='bbox 1450 1602 1471 1643; x_wconf 94' lang='lat' dir='ltr'><strong>u</strong></span> 
     </span>
     <span class='ocr_line' id='line_1_14' title="bbox 162 1687 1470 1770; baseline 0.001 -22"><span class='ocrx_word' id='word_1_113' title='bbox 162 1688 329 1768; x_wconf 92' lang='lat' dir='ltr'><strong>ponebant:</strong></span> <span class='ocrx_word' id='word_1_114' title='bbox 356 1691 456 1769; x_wconf 84' lang='lat' dir='ltr'><strong>itaque</strong></span> <span class='ocrx_word' id='word_1_115' title='bbox 484 1693 515 1750; x_wconf 94' lang='lat' dir='ltr'><strong>in</strong></span> <span class='ocrx_word' id='word_1_116' title='bbox 543 1688 660 1753; x_wconf 92' lang='lat' dir='ltr'><strong>illorum</strong></span> <span class='ocrx_word' id='word_1_117' title='bbox 690 1690 809 1770; x_wconf 90' lang='lat' dir='ltr'><strong>quidem</strong></span> <span class='ocrx_word' id='word_1_118' title='bbox 837 1689 920 1750; x_wconf 89' lang='lat' dir='ltr'><strong>libris</strong></span> <span class='ocrx_word' id='word_1_119' title='bbox 947 1687 1023 1749; x_wconf 92' lang='lat' dir='ltr'><strong>hanc</strong></span> <span class='ocrx_word' id='word_1_120' title='bbox 1052 1692 1228 1769; x_wconf 84' lang='lat' dir='ltr'><strong>scripturam</strong></span> <span class='ocrx_word' id='word_1_121' title='bbox 1257 1688 1470 1749; x_wconf 81' lang='lat' dir='ltr'><strong>observandam</strong></span> 
     </span>
     <span class='ocr_line' id='line_1_15' title="bbox 162 1795 1470 1877; baseline 0.001 -21"><span class='ocrx_word' id='word_1_122' title='bbox 162 1813 288 1875; x_wconf 90' lang='lat' dir='ltr'><strong>censeo,</strong></span> <span class='ocrx_word' id='word_1_123' title='bbox 317 1795 434 1857; x_wconf 92' lang='lat' dir='ltr'><strong>Suriam</strong></span> <span class='ocrx_word' id='word_1_124' title='bbox 464 1796 628 1859; x_wconf 85' lang='lat' dir='ltr'><strong>Suracusas</strong></span> <span class='ocrx_word' id='word_1_125' title='bbox 658 1796 791 1859; x_wconf 87' lang='lat' dir='ltr'><strong>sumbola</strong></span> <span class='ocrx_word' id='word_1_126' title='bbox 821 1795 1032 1876; x_wconf 86' lang='lat' dir='ltr'><strong>sucophantas,</strong></span> <span class='ocrx_word' id='word_1_127' title='bbox 1066 1805 1095 1856; x_wconf 91' lang='lat' dir='ltr'><strong>at</strong></span> <span class='ocrx_word' id='word_1_128' title='bbox 1122 1799 1151 1856; x_wconf 92' lang='lat' dir='ltr'><strong>in</strong></span> <span class='ocrx_word' id='word_1_129' title='bbox 1181 1797 1291 1856; x_wconf 90' lang='lat' dir='ltr'><strong>uostris</strong></span> <span class='ocrx_word' id='word_1_130' title='bbox 1319 1799 1470 1877; x_wconf 89' lang='lat' dir='ltr'><strong>corrumpi</strong></span> 
     </span>
     <span class='ocr_line' id='line_1_16' title="bbox 163 1900 1470 1984; baseline 0.002 -23"><span class='ocrx_word' id='word_1_131' title='bbox 163 1920 224 1962; x_wconf 92' lang='lat' dir='ltr'><strong>nou</strong></span> <span class='ocrx_word' id='word_1_132' title='bbox 255 1901 352 1962; x_wconf 88' lang='lat' dir='ltr'><strong>debet.</strong></span> <span class='ocrx_word' id='word_1_133' title='bbox 404 1902 476 1963; x_wconf 93' lang='lat' dir='ltr'><strong>illud</strong></span> <span class='ocrx_word' id='word_1_134' title='bbox 507 1908 595 1966; x_wconf 87' lang='lat' dir='ltr'><strong>etiam</strong></span> <span class='ocrx_word' id='word_1_135' title='bbox 626 1923 684 1964; x_wconf 93' lang='lat' dir='ltr'><strong>nou</strong></span> <span class='ocrx_word' id='word_1_136' title='bbox 716 1902 814 1984; x_wconf 86' lang='lat' dir='ltr'><strong>rideo,</strong></span> <span class='ocrx_word' id='word_1_137' title='bbox 843 1920 935 1981; x_wconf 86' lang='lat' dir='ltr'><strong>quare</strong></span> <span class='ocrx_word' id='word_1_138' title='bbox 965 1903 1035 1963; x_wconf 88' lang='lat' dir='ltr'><strong>huic</strong></span> <span class='ocrx_word' id='word_1_139' title='bbox 1065 1902 1180 1963; x_wconf 88' lang='lat' dir='ltr'><strong>litterae</strong></span> <span class='ocrx_word' id='word_1_140' title='bbox 1210 1901 1230 1961; x_wconf 96' lang='lat' dir='ltr'><strong>h</strong></span> <span class='ocrx_word' id='word_1_141' title='bbox 1263 1900 1470 1982; x_wconf 87' lang='lat' dir='ltr'><strong>adspirationis</strong></span> 
     </span>
    </p>

    <p class='ocr_par' dir='ltr' id='par_1_11' title="bbox 118 2009 1470 2390">
     <span class='ocr_line' id='line_1_17' title="bbox 118 2009 1468 2091; baseline 0.001 -21"><span class='ocrx_word' id='word_1_142' title='bbox 118 2030 149 2071; x_wconf 81' lang='lat' dir='ltr'><strong>rs</strong></span> <span class='ocrx_word' id='word_1_143' title='bbox 163 2010 260 2088; x_wconf 85' lang='lat' dir='ltr'><strong>gratia</strong></span> <span class='ocrx_word' id='word_1_144' title='bbox 287 2009 464 2070; x_wconf 87' lang='lat' dir='ltr'><strong>admoveam.</strong></span> <span class='ocrx_word' id='word_1_145' title='bbox 502 2013 564 2091; x_wconf 90' lang='lat' dir='ltr'><strong>ipsa</strong></span> <span class='ocrx_word' id='word_1_146' title='bbox 596 2013 674 2071; x_wconf 92' lang='lat' dir='ltr'><strong>enim</strong></span> <span class='ocrx_word' id='word_1_147' title='bbox 702 2029 756 2091; x_wconf 89' lang='lat' dir='ltr'><strong>per</strong></span> <span class='ocrx_word' id='word_1_148' title='bbox 785 2028 816 2070; x_wconf 92' lang='lat' dir='ltr'><strong>se</strong></span> <span class='ocrx_word' id='word_1_149' title='bbox 840 2009 1016 2089; x_wconf 87' lang='lat' dir='ltr'><strong>adspirativa</strong></span> <span class='ocrx_word' id='word_1_150' title='bbox 1040 2018 1085 2070; x_wconf 90' lang='lat' dir='ltr'><strong>est</strong></span> <span class='ocrx_word' id='word_1_151' title='bbox 1113 2019 1143 2070; x_wconf 90' lang='lat' dir='ltr'><strong>ct</strong></span> <span class='ocrx_word' id='word_1_152' title='bbox 1174 2027 1361 2088; x_wconf 92' lang='lat' dir='ltr'><strong>quocumque</strong></span> <span class='ocrx_word' id='word_1_153' title='bbox 1387 2029 1468 2071; x_wconf 86' lang='lat' dir='ltr'><strong>roca·</strong></span> 
     </span>
     <span class='ocr_line' id='line_1_18' title="bbox 162 2112 1469 2199; baseline 0.003 -25"><span class='ocrx_word' id='word_1_154' title='bbox 162 2112 236 2175; x_wconf 88' lang='lat' dir='ltr'><strong>bulo</strong></span> <span class='ocrx_word' id='word_1_155' title='bbox 255 2116 384 2194; x_wconf 91' lang='lat' dir='ltr'><strong>primum</strong></span> <span class='ocrx_word' id='word_1_156' title='bbox 403 2115 501 2199; x_wconf 81' lang='lat' dir='ltr'><strong>locum</strong></span> <span class='ocrx_word' id='word_1_157' title='bbox 521 2117 670 2197; x_wconf 89' lang='lat' dir='ltr'><strong>habuerit,</strong></span> <span class='ocrx_word' id='word_1_158' title='bbox 690 2116 871 2197; x_wconf 86' lang='lat' dir='ltr'><strong>adspiratur,</strong></span> <span class='ocrx_word' id='word_1_159' title='bbox 893 2116 1051 2177; x_wconf 82' lang='lat' dir='ltr'><strong>l&#39;aciuthus</strong></span> <span class='ocrx_word' id='word_1_160' title='bbox 1073 2116 1151 2176; x_wconf 89' lang='lat' dir='ltr'><strong>Yllus</strong></span> <span class='ocrx_word' id='word_1_161' title='bbox 1171 2114 1318 2197; x_wconf 79' lang='lat' dir='ltr'><strong>l&#39;mettus3</strong></span> <span class='ocrx_word' id='word_1_162' title='bbox 1340 2124 1370 2176; x_wconf 92' lang='lat' dir='ltr'><strong>et</strong></span> <span class='ocrx_word' id='word_1_163' title='bbox 1389 2125 1469 2178; x_wconf 89' lang='lat' dir='ltr'><strong>tauto</strong></span> 
     </span>
     <span class='ocr_line' id='line_1_19' title="bbox 161 2221 1470 2303; baseline 0.002 -22"><span class='ocrx_word' id='word_1_164' title='bbox 161 2222 259 2301; x_wconf 78' lang='lat' dir='ltr'><strong>magis</strong></span> <span class='ocrx_word' id='word_1_165' title='bbox 282 2221 440 2301; x_wconf 87' lang='lat' dir='ltr'><strong>adspiratio</strong></span> <span class='ocrx_word' id='word_1_166' title='bbox 464 2223 596 2284; x_wconf 88' lang='lat' dir='ltr'><strong>addenda</strong></span> <span class='ocrx_word' id='word_1_167' title='bbox 620 2242 679 2284; x_wconf 94' lang='lat' dir='ltr'><strong>non</strong></span> <span class='ocrx_word' id='word_1_168' title='bbox 703 2231 763 2302; x_wconf 90' lang='lat' dir='ltr'><strong>cst,</strong></span> <span class='ocrx_word' id='word_1_169' title='bbox 787 2232 897 2302; x_wconf 87' lang='lat' dir='ltr'><strong>quanto</strong></span> <span class='ocrx_word' id='word_1_170' title='bbox 921 2222 998 2303; x_wconf 88' lang='lat' dir='ltr'><strong>apud</strong></span> <span class='ocrx_word' id='word_1_171' title='bbox 1018 2222 1138 2283; x_wconf 88' lang='lat' dir='ltr'><strong>Latinos</strong></span> <span class='ocrx_word' id='word_1_172' title='bbox 1161 2221 1301 2283; x_wconf 89' lang='lat' dir='ltr'><strong>vocabula</strong></span> <span class='ocrx_word' id='word_1_173' title='bbox 1321 2241 1379 2283; x_wconf 94' lang='lat' dir='ltr'><strong>nou</strong></span> <span class='ocrx_word' id='word_1_174' title='bbox 1400 2231 1470 2284; x_wconf 89' lang='lat' dir='ltr'><strong>suut</strong></span> 
     </span>
     <span class='ocr_line' id='line_1_20' title="bbox 162 2327 468 2390; baseline 0.003 -1"><span class='ocrx_word' id='word_1_175' title='bbox 162 2328 220 2389; x_wconf 89' lang='lat' dir='ltr'><strong>hac</strong></span> <span class='ocrx_word' id='word_1_176' title='bbox 244 2327 342 2389; x_wconf 89' lang='lat' dir='ltr'><strong>littera</strong></span> <span class='ocrx_word' id='word_1_177' title='bbox 361 2338 468 2390; x_wconf 87' lang='lat' dir='ltr'><strong>notata.</strong></span> 
     </span>
    </p>
   </div>
   <div class='ocr_carea' id='block_1_3' title="bbox 255 2500 1524 2579">
    <p class='ocr_par' dir='ltr' id='par_1_12' title="bbox 255 2500 1524 2579">
     <span class='ocr_line' id='line_1_21' title="bbox 255 2500 1524 2579; baseline 0.002 -26"><span class='ocrx_word' id='word_1_178' title='bbox 255 2500 739 2571; x_wconf 79' lang='lat' dir='ltr'><strong>tVehemensPapiriau159,18</strong></span> <span class='ocrx_word' id='word_1_179' title='bbox 812 2508 842 2555; x_wconf 94' lang='lat'><strong>11</strong></span> <span class='ocrx_word' id='word_1_180' title='bbox 863 2501 890 2554; x_wconf 92' lang='lat' dir='ltr'><strong>Y</strong></span> <span class='ocrx_word' id='word_1_181' title='bbox 908 2501 1004 2556; x_wconf 81' lang='lat' dir='ltr'><strong>littera</strong></span> <span class='ocrx_word' id='word_1_182' title='bbox 1023 2500 1310 2570; x_wconf 79' lang='lat' dir='ltr'><strong>Papiriou.160,16</strong></span> <span class='ocrx_word' id='word_1_183' title='bbox 1422 2533 1425 2539; x_wconf 91' lang='lat'>·</span> <span class='ocrx_word' id='word_1_184' title='bbox 1520 2572 1524 2579; x_wconf 34' lang='grc' dir='ltr'>Ι</span> 
     </span>
    </p>
   </div>
   <div class='ocr_carea' id='block_1_4' title="bbox 150 2659 1471 4690">
    <p class='ocr_par' dir='ltr' id='par_1_13' title="bbox 160 2659 1471 3131">
     <span class='ocr_line' id='line_1_22' title="bbox 256 2659 1469 2731; baseline 0.001 -17"><span class='ocrx_word' id='word_1_185' title='bbox 256 2666 269 2714; x_wconf 93' lang='grc'><strong><em>1</em></strong></span> <span class='ocrx_word' id='word_1_186' title='bbox 288 2659 318 2715; x_wconf 90' lang='lat' dir='ltr'><strong>in</strong></span> <span class='ocrx_word' id='word_1_187' title='bbox 336 2660 409 2716; x_wconf 89' lang='lat' dir='ltr'><strong>libro</strong></span> <span class='ocrx_word' id='word_1_188' title='bbox 427 2678 510 2731; x_wconf 87' lang='lat' dir='ltr'><strong>quem</strong></span> <span class='ocrx_word' id='word_1_189' title='bbox 529 2661 564 2716; x_wconf 89' lang='lat' dir='ltr'><strong>de</strong></span> <span class='ocrx_word' id='word_1_190' title='bbox 582 2660 766 2731; x_wconf 78' lang='lat' dir='ltr'><strong>grammatica</strong></span> <span class='ocrx_word' id='word_1_191' title='bbox 785 2662 872 2716; x_wconf 88' lang='lat' dir='ltr'><strong>Varro</strong></span> <span class='ocrx_word' id='word_1_192' title='bbox 891 2660 1003 2730; x_wconf 84' lang='lat' dir='ltr'><strong>scripsit</strong></span> <span class='ocrx_word' id='word_1_193' title='bbox 1022 2659 1120 2715; x_wconf 81' lang='lat' dir='ltr'><strong>Carrio</strong></span> <span class='ocrx_word' id='word_1_194' title='bbox 1197 2661 1245 2728; x_wconf 93' lang='lat' dir='ltr'><strong>qui</strong></span> <span class='ocrx_word' id='word_1_195' title='bbox 1264 2663 1307 2716; x_wconf 86' lang='lat' dir='ltr'><strong>est</strong></span> <span class='ocrx_word' id='word_1_196' title='bbox 1325 2661 1359 2715; x_wconf 88' lang='lat' dir='ltr'><strong>de</strong></span> <span class='ocrx_word' id='word_1_197' title='bbox 1378 2678 1469 2731; x_wconf 81' lang='lat' dir='ltr'><strong>gram</strong></span> 
     </span>
     <span class='ocr_line' id='line_1_23' title="bbox 160 2738 1469 2811; baseline 0.002 -19"><span class='ocrx_word' id='word_1_198' title='bbox 160 2739 269 2794; x_wconf 81' lang='lat' dir='ltr'><strong>matica</strong></span> <span class='ocrx_word' id='word_1_199' title='bbox 287 2742 346 2795; x_wconf 88' lang='lat' dir='ltr'><strong>AB</strong></span> <span class='ocrx_word' id='word_1_200' title='bbox 369 2748 423 2810; x_wconf 78' lang='lat' dir='ltr'><strong>que</strong></span> <span class='ocrx_word' id='word_1_201' title='bbox 447 2742 482 2796; x_wconf 89' lang='lat' dir='ltr'><strong>de</strong></span> <span class='ocrx_word' id='word_1_202' title='bbox 500 2739 683 2811; x_wconf 81' lang='lat' dir='ltr'><strong>grammatica</strong></span> <span class='ocrx_word' id='word_1_203' title='bbox 703 2738 727 2793; x_wconf 80' lang='lat'><strong><em>0</em></strong></span> <span class='ocrx_word' id='word_1_204' title='bbox 746 2741 796 2810; x_wconf 89' lang='lat' dir='ltr'><strong>qui</strong></span> <span class='ocrx_word' id='word_1_205' title='bbox 814 2743 857 2795; x_wconf 86' lang='lat' dir='ltr'><strong>est</strong></span> <span class='ocrx_word' id='word_1_206' title='bbox 879 2740 908 2794; x_wconf 89' lang='lat' dir='ltr'><strong>iu</strong></span> <span class='ocrx_word' id='word_1_207' title='bbox 927 2740 1111 2811; x_wconf 83' lang='lat' dir='ltr'><strong>grammatica</strong></span> <span class='ocrx_word' id='word_1_208' title='bbox 1130 2740 1194 2793; x_wconf 88' lang='lat' dir='ltr'><strong>Pur.</strong></span> <span class='ocrx_word' id='word_1_209' title='bbox 1215 2754 1231 2796; x_wconf 84' lang='grc' dir='ltr'><strong><em>ς</em></strong></span> <span class='ocrx_word' id='word_1_210' title='bbox 1303 2740 1344 2795; x_wconf 88' lang='lat' dir='ltr'><strong>ita</strong></span> <span class='ocrx_word' id='word_1_211' title='bbox 1362 2742 1393 2811; x_wconf 91' lang='lat' dir='ltr'><strong>h]</strong></span> <span class='ocrx_word' id='word_1_212' title='bbox 1418 2742 1469 2795; x_wconf 81' lang='lat' dir='ltr'><strong>HA</strong></span> 
     </span>
     <span class='ocr_line' id='line_1_24' title="bbox 167 2819 1469 2891; baseline 0.003 -18"><span class='ocrx_word' id='word_1_213' title='bbox 167 2820 371 2875; x_wconf 78' lang='lat' dir='ltr'><strong>Wilmauusr&#39;us</strong></span> <span class='ocrx_word' id='word_1_214' title='bbox 390 2823 422 2875; x_wconf 87' lang='lat' dir='ltr'><strong>de</strong></span> <span class='ocrx_word' id='word_1_215' title='bbox 442 2822 522 2876; x_wconf 86' lang='lat' dir='ltr'><strong>Vorr.</strong></span> <span class='ocrx_word' id='word_1_216' title='bbox 537 2823 597 2878; x_wconf 82' lang='lat' dir='ltr'><strong>libr.</strong></span> <span class='ocrx_word' id='word_1_217' title='bbox 616 2839 729 2890; x_wconf 73' lang='lat' dir='ltr'><strong>pratum.</strong></span> <span class='ocrx_word' id='word_1_218' title='bbox 744 2839 774 2891; x_wconf 89' lang='lat' dir='ltr'><strong>p.</strong></span> <span class='ocrx_word' id='word_1_219' title='bbox 789 2827 858 2889; x_wconf 80' lang='lat'><strong>211,</strong></span> <span class='ocrx_word' id='word_1_220' title='bbox 877 2821 944 2874; x_wconf 88' lang='lat' dir='ltr'><strong>item</strong></span> <span class='ocrx_word' id='word_1_221' title='bbox 964 2821 983 2873; x_wconf 95' lang='lat' dir='ltr'><strong>h</strong></span> <span class='ocrx_word' id='word_1_222' title='bbox 1001 2820 1166 2874; x_wconf 75' lang='lat' dir='ltr'><strong>Alitachelius</strong></span> <span class='ocrx_word' id='word_1_223' title='bbox 1183 2824 1284 2888; x_wconf 79' lang='lat' dir='ltr'><strong>quaest.</strong></span> <span class='ocrx_word' id='word_1_224' title='bbox 1306 2819 1385 2875; x_wconf 87' lang='lat' dir='ltr'><strong>l&#39;arr.</strong></span> <span class='ocrx_word' id='word_1_225' title='bbox 1397 2839 1427 2888; x_wconf 89' lang='lat' dir='ltr'><strong>p.</strong></span> <span class='ocrx_word' id='word_1_226' title='bbox 1442 2827 1469 2890; x_wconf 84' lang='lat'><strong>7,</strong></span> 
     </span>
     <span class='ocr_line' id='line_1_25' title="bbox 160 2899 1468 2969; baseline 0.001 -15"><span class='ocrx_word' id='word_1_227' title='bbox 160 2900 240 2955; x_wconf 89' lang='lat' dir='ltr'><strong>idem</strong></span> <span class='ocrx_word' id='word_1_228' title='bbox 258 2901 277 2954; x_wconf 92' lang='lat' dir='ltr'><strong>h</strong></span> <span class='ocrx_word' id='word_1_229' title='bbox 295 2901 330 2955; x_wconf 87' lang='lat' dir='ltr'><strong>L.</strong></span> <span class='ocrx_word' id='word_1_230' title='bbox 345 2902 499 2957; x_wconf 80' lang='lat' dir='ltr'><strong>Muellerus</strong></span> <span class='ocrx_word' id='word_1_231' title='bbox 516 2918 583 2955; x_wconf 80' lang='lat' dir='ltr'><strong>urus.</strong></span> <span class='ocrx_word' id='word_1_232' title='bbox 598 2902 684 2956; x_wconf 80' lang='lat' dir='ltr'><strong>erera.</strong></span> <span class='ocrx_word' id='word_1_233' title='bbox 701 2920 725 2956; x_wconf 88' lang='lat' dir='ltr'><strong>a.</strong></span> <span class='ocrx_word' id='word_1_234' title='bbox 743 2903 806 2955; x_wconf 79' lang='lat' dir='ltr'><strong>XX</strong></span> <span class='ocrx_word' id='word_1_235' title='bbox 823 2907 963 2968; x_wconf 61' lang='grc'><strong>(111865)</strong></span> <span class='ocrx_word' id='word_1_236' title='bbox 976 2919 1007 2969; x_wconf 91' lang='lat' dir='ltr'><strong>p.</strong></span> <span class='ocrx_word' id='word_1_237' title='bbox 1022 2905 1079 2955; x_wconf 67' lang='lat'><strong>264</strong></span> <span class='ocrx_word' id='word_1_238' title='bbox 1151 2906 1167 2953; x_wconf 79' lang='lat'>2</span> <span class='ocrx_word' id='word_1_239' title='bbox 1187 2899 1343 2968; x_wconf 81' lang='lat' dir='ltr'><strong>disputauit</strong></span> <span class='ocrx_word' id='word_1_240' title='bbox 1362 2900 1468 2969; x_wconf 74' lang='lat' dir='ltr'><strong>Uerria,</strong></span> 
     </span>
     <span class='ocr_line' id='line_1_26' title="bbox 162 2979 1471 3051; baseline 0.002 -18"><span class='ocrx_word' id='word_1_241' title='bbox 162 2979 311 3049; x_wconf 78' lang='lat' dir='ltr'><strong>disputant</strong></span> <span class='ocrx_word' id='word_1_242' title='bbox 330 2981 353 3035; x_wconf 81' lang='lat'><em>0</em></span> <span class='ocrx_word' id='word_1_243' title='bbox 369 2981 495 3051; x_wconf 84' lang='lat' dir='ltr'><strong>disputat</strong></span> <span class='ocrx_word' id='word_1_244' title='bbox 512 2982 595 3040; x_wconf 71' lang='lat' dir='ltr'><strong>ABs</strong></span> <span class='ocrx_word' id='word_1_245' title='bbox 649 2997 720 3050; x_wconf 84' lang='lat' dir='ltr'><strong>quae</strong></span> <span class='ocrx_word' id='word_1_246' title='bbox 739 2981 828 3035; x_wconf 87' lang='lat' dir='ltr'><strong>multo</strong></span> <span class='ocrx_word' id='word_1_247' title='bbox 846 2981 875 3035; x_wconf 89' lang='lat' dir='ltr'><em>B</em></span> <span class='ocrx_word' id='word_1_248' title='bbox 933 2997 1017 3048; x_wconf 89' lang='lat' dir='ltr'><strong>quam</strong></span> <span class='ocrx_word' id='word_1_249' title='bbox 1037 2980 1148 3048; x_wconf 78' lang='lat' dir='ltr'><strong>quoda</strong></span> <span class='ocrx_word' id='word_1_250' title='bbox 1167 2980 1232 3034; x_wconf 89' lang='lat' dir='ltr'><strong>Par.</strong></span> <span class='ocrx_word' id='word_1_251' title='bbox 1252 2995 1281 3046; x_wconf 84' lang='grc' dir='ltr'><strong>ς,</strong></span> <span class='ocrx_word' id='word_1_252' title='bbox 1300 2997 1384 3048; x_wconf 90' lang='lat' dir='ltr'><strong>quam</strong></span> <span class='ocrx_word' id='word_1_253' title='bbox 1403 2979 1471 3048; x_wconf 83' lang='lat' dir='ltr'><strong>quia</strong></span> 
     </span>
     <span class='ocr_line' id='line_1_27' title="bbox 161 3057 1470 3131; baseline 0.002 -18"><span class='ocrx_word' id='word_1_254' title='bbox 161 3077 181 3113; x_wconf 83' lang='lat'>1</span> <span class='ocrx_word' id='word_1_255' title='bbox 200 3061 227 3113; x_wconf 87' lang='lat' dir='ltr'><strong><em>A</em></strong></span> <span class='ocrx_word' id='word_1_256' title='bbox 246 3077 330 3128; x_wconf 87' lang='lat' dir='ltr'><strong>quam</strong></span> <span class='ocrx_word' id='word_1_257' title='bbox 349 3078 402 3129; x_wconf 88' lang='lat' dir='ltr'><strong>que</strong></span> <span class='ocrx_word' id='word_1_258' title='bbox 421 3079 439 3114; x_wconf 85' lang='lat' dir='ltr'>x</span> <span class='ocrx_word' id='word_1_259' title='bbox 456 3061 484 3114; x_wconf 94' lang='grc' dir='ltr'><strong><em>Β</em></strong></span> <span class='ocrx_word' id='word_1_260' title='bbox 502 3078 620 3131; x_wconf 69' lang='lat' dir='ltr'><strong>quamq,</strong></span> <span class='ocrx_word' id='word_1_261' title='bbox 639 3079 656 3114; x_wconf 89' lang='lat' dir='ltr'>x</span> <span class='ocrx_word' id='word_1_262' title='bbox 676 3059 708 3127; x_wconf 80' lang='lat'><strong>0,</strong></span> <span class='ocrx_word' id='word_1_263' title='bbox 734 3077 818 3128; x_wconf 87' lang='lat' dir='ltr'><strong>quam</strong></span> <span class='ocrx_word' id='word_1_264' title='bbox 838 3060 912 3128; x_wconf 90' lang='lat' dir='ltr'><strong>quod</strong></span> <span class='ocrx_word' id='word_1_265' title='bbox 931 3059 955 3112; x_wconf 87' lang='lat' dir='ltr'>K</span> <span class='ocrx_word' id='word_1_266' title='bbox 974 3065 999 3113; x_wconf 92' lang='lat' dir='ltr'><strong>et</strong></span> <span class='ocrx_word' id='word_1_267' title='bbox 1015 3060 1113 3113; x_wconf 82' lang='lat' dir='ltr'><strong>deiude</strong></span> <span class='ocrx_word' id='word_1_268' title='bbox 1131 3061 1163 3111; x_wconf 86' lang='lat' dir='ltr'><strong>nt</strong></span> <span class='ocrx_word' id='word_1_269' title='bbox 1181 3058 1207 3111; x_wconf 89' lang='lat' dir='ltr'><strong>H</strong></span> <span class='ocrx_word' id='word_1_270' title='bbox 1225 3060 1254 3112; x_wconf 82' lang='lat' dir='ltr'><strong>et</strong></span> <span class='ocrx_word' id='word_1_271' title='bbox 1272 3057 1297 3110; x_wconf 88' lang='grc' dir='ltr'><strong>Κ</strong></span> <span class='ocrx_word' id='word_1_272' title='bbox 1317 3060 1470 3115; x_wconf 83' lang='lat' dir='ltr'><strong>Muellerus</strong></span> 
     </span>
    </p>

    <p class='ocr_par' dir='ltr' id='par_1_14' title="bbox 150 3137 1469 4408">
     <span class='ocr_line' id='line_1_28' title="bbox 218 3137 1468 3208; baseline 0.003 -17"><span class='ocrx_word' id='word_1_273' title='bbox 218 3145 234 3191; x_wconf 83' lang='grc'>3</span> <span class='ocrx_word' id='word_1_274' title='bbox 253 3138 321 3206; x_wconf 87' lang='lat' dir='ltr'><strong>quid</strong></span> <span class='ocrx_word' id='word_1_275' title='bbox 339 3139 461 3194; x_wconf 80' lang='lat' dir='ltr'><strong>voluerit</strong></span> <span class='ocrx_word' id='word_1_276' title='bbox 480 3140 644 3205; x_wconf 82' lang='lat' dir='ltr'><strong>Muellerus,</strong></span> <span class='ocrx_word' id='word_1_277' title='bbox 664 3137 730 3206; x_wconf 92' lang='lat' dir='ltr'><strong>quid</strong></span> <span class='ocrx_word' id='word_1_278' title='bbox 749 3138 853 3193; x_wconf 90' lang='lat' dir='ltr'><strong>uiderit</strong></span> <span class='ocrx_word' id='word_1_279' title='bbox 870 3137 960 3191; x_wconf 79' lang='lat' dir='ltr'><strong>ABG</strong></span> <span class='ocrx_word' id='word_1_280' title='bbox 969 3139 1065 3195; x_wconf 58' lang='lat' dir='ltr'><strong>Pars</strong></span> <span class='ocrx_word' id='word_1_281' title='bbox 1155 3146 1172 3192; x_wconf 78' lang='lat' dir='ltr'><strong>t</strong></span> <span class='ocrx_word' id='word_1_282' title='bbox 1190 3138 1346 3191; x_wconf 86' lang='lat' dir='ltr'><strong>litterarum</strong></span> <span class='ocrx_word' id='word_1_283' title='bbox 1365 3141 1468 3208; x_wconf 81' lang='lat' dir='ltr'><strong>partim</strong></span> 
     </span>
     <span class='ocr_line' id='line_1_29' title="bbox 163 3216 1468 3288; baseline 0.002 -15"><span class='ocrx_word' id='word_1_284' title='bbox 163 3220 231 3273; x_wconf 78' lang='lat' dir='ltr'><strong>sunt</strong></span> <span class='ocrx_word' id='word_1_285' title='bbox 249 3222 277 3273; x_wconf 84' lang='lat' dir='ltr'><strong>et</strong></span> <span class='ocrx_word' id='word_1_286' title='bbox 295 3219 424 3274; x_wconf 85' lang='lat' dir='ltr'><strong>dicuntur</strong></span> <span class='ocrx_word' id='word_1_287' title='bbox 442 3221 475 3274; x_wconf 85' lang='lat' dir='ltr'><strong>ut</strong></span> <span class='ocrx_word' id='word_1_288' title='bbox 494 3219 597 3274; x_wconf 82' lang='lat' dir='ltr'><strong>AetB</strong></span> <span class='ocrx_word' id='word_1_289' title='bbox 616 3223 646 3273; x_wconf 83' lang='lat' dir='ltr'><strong>cl</strong></span> <span class='ocrx_word' id='word_1_290' title='bbox 664 3220 682 3273; x_wconf 94' lang='lat' dir='ltr'><strong>h</strong></span> <span class='ocrx_word' id='word_1_291' title='bbox 697 3221 726 3273; x_wconf 83' lang='lat' dir='ltr'><strong>el</strong></span> <span class='ocrx_word' id='word_1_292' title='bbox 740 3237 758 3272; x_wconf 86' lang='lat' dir='ltr'>x</span> <span class='ocrx_word' id='word_1_293' title='bbox 776 3219 879 3288; x_wconf 88' lang='lat' dir='ltr'><strong>partim</strong></span> <span class='ocrx_word' id='word_1_294' title='bbox 900 3220 965 3272; x_wconf 82' lang='lat' dir='ltr'><strong>suut</strong></span> <span class='ocrx_word' id='word_1_295' title='bbox 983 3234 1054 3286; x_wconf 92' lang='lat' dir='ltr'><strong>quae</strong></span> <span class='ocrx_word' id='word_1_296' title='bbox 1074 3235 1163 3286; x_wconf 87' lang='lat' dir='ltr'><strong>neque</strong></span> <span class='ocrx_word' id='word_1_297' title='bbox 1183 3216 1311 3271; x_wconf 85' lang='lat' dir='ltr'><strong>dicuntur</strong></span> <span class='ocrx_word' id='word_1_298' title='bbox 1330 3220 1468 3287; x_wconf 87' lang='lat' dir='ltr'><strong>quaedam</strong></span> 
     </span>
     <span class='ocr_line' id='line_1_30' title="bbox 163 3296 1467 3369; baseline 0.002 -17"><span class='ocrx_word' id='word_1_299' title='bbox 163 3314 256 3366; x_wconf 87' lang='lat' dir='ltr'><strong>neque</strong></span> <span class='ocrx_word' id='word_1_300' title='bbox 279 3301 345 3352; x_wconf 88' lang='lat' dir='ltr'><strong>sunt</strong></span> <span class='ocrx_word' id='word_1_301' title='bbox 366 3316 457 3368; x_wconf 90' lang='lat' dir='ltr'><strong>neque</strong></span> <span class='ocrx_word' id='word_1_302' title='bbox 481 3299 610 3354; x_wconf 83' lang='lat' dir='ltr'><strong>dicuntur</strong></span> <span class='ocrx_word' id='word_1_303' title='bbox 629 3302 661 3353; x_wconf 89' lang='lat' dir='ltr'><strong>ut</strong></span> <span class='ocrx_word' id='word_1_304' title='bbox 682 3297 732 3367; x_wconf 92' lang='lat' dir='ltr'><strong>phi</strong></span> <span class='ocrx_word' id='word_1_305' title='bbox 755 3298 834 3365; x_wconf 76' lang='lat' dir='ltr'><strong>plut</strong></span> <span class='ocrx_word' id='word_1_306' title='bbox 853 3300 876 3349; x_wconf 88' lang='grc' dir='ltr'><strong><em>Φ</em></strong></span> <span class='ocrx_word' id='word_1_307' title='bbox 897 3296 1344 3367; x_wconf 73' lang='lat' dir='ltr'><strong>uea‹i.)13;1ar.,1itterarum</strong></span> <span class='ocrx_word' id='word_1_308' title='bbox 1364 3300 1467 3369; x_wconf 86' lang='lat' dir='ltr'><strong>partim</strong></span> 
     </span>
     <span class='ocr_line' id='line_1_31' title="bbox 163 3376 1468 3446; baseline 0 -12"><span class='ocrx_word' id='word_1_309' title='bbox 163 3380 231 3434; x_wconf 85' lang='lat' dir='ltr'><strong>sunt</strong></span> <span class='ocrx_word' id='word_1_310' title='bbox 249 3380 278 3433; x_wconf 77' lang='lat' dir='ltr'><strong>ei</strong></span> <span class='ocrx_word' id='word_1_311' title='bbox 295 3378 425 3433; x_wconf 83' lang='lat' dir='ltr'><strong>dicuntur</strong></span> <span class='ocrx_word' id='word_1_312' title='bbox 443 3378 686 3433; x_wconf 81' lang='lat' dir='ltr'><strong>utaetbhetx</strong></span> <span class='ocrx_word' id='word_1_313' title='bbox 700 3376 923 3445; x_wconf 80' lang='lat' dir='ltr'><strong>(utabeihct</strong></span> <span class='ocrx_word' id='word_1_314' title='bbox 937 3395 954 3429; x_wconf 85' lang='lat' dir='ltr'>x</span> <span class='ocrx_word' id='word_1_315' title='bbox 970 3377 1005 3446; x_wconf 81' lang='lat'><strong>0)</strong></span> <span class='ocrx_word' id='word_1_316' title='bbox 1024 3377 1128 3446; x_wconf 83' lang='lat' dir='ltr'><strong>parlim</strong></span> <span class='ocrx_word' id='word_1_317' title='bbox 1146 3377 1211 3429; x_wconf 80' lang='lat' dir='ltr'><strong>sunt</strong></span> <span class='ocrx_word' id='word_1_318' title='bbox 1228 3391 1319 3444; x_wconf 89' lang='lat' dir='ltr'><strong>nequa</strong></span> <span class='ocrx_word' id='word_1_319' title='bbox 1338 3378 1468 3434; x_wconf 86' lang='lat' dir='ltr'><strong>dicuutur</strong></span> 
     </span>
     <span class='ocr_line' id='line_1_32' title="bbox 163 3454 1468 3528; baseline 0.001 -16"><span class='ocrx_word' id='word_1_320' title='bbox 163 3461 197 3512; x_wconf 85' lang='lat' dir='ltr'><strong>ut</strong></span> <span class='ocrx_word' id='word_1_321' title='bbox 214 3456 265 3527; x_wconf 91' lang='lat' dir='ltr'><strong>phi</strong></span> <span class='ocrx_word' id='word_1_322' title='bbox 286 3461 316 3511; x_wconf 84' lang='grc' dir='ltr'><em>Ψ</em></span> <span class='ocrx_word' id='word_1_323' title='bbox 331 3458 399 3522; x_wconf 77' lang='grc' dir='ltr'><strong>ΑΟ,</strong></span> <span class='ocrx_word' id='word_1_324' title='bbox 419 3458 577 3513; x_wconf 80' lang='lat' dir='ltr'><strong>litterarum</strong></span> <span class='ocrx_word' id='word_1_325' title='bbox 595 3457 698 3528; x_wconf 83' lang='lat' dir='ltr'><strong>partim</strong></span> <span class='ocrx_word' id='word_1_326' title='bbox 717 3458 783 3511; x_wconf 87' lang='lat' dir='ltr'><strong>sunt</strong></span> <span class='ocrx_word' id='word_1_327' title='bbox 801 3458 831 3510; x_wconf 78' lang='lat' dir='ltr'><strong>et</strong></span> <span class='ocrx_word' id='word_1_328' title='bbox 849 3454 994 3525; x_wconf 82' lang='lat' dir='ltr'><strong>dicuntur,</strong></span> <span class='ocrx_word' id='word_1_329' title='bbox 1014 3459 1046 3511; x_wconf 81' lang='lat' dir='ltr'><strong>ul</strong></span> <span class='ocrx_word' id='word_1_330' title='bbox 1064 3459 1088 3510; x_wconf 80' lang='lat' dir='ltr'><strong><em>A</em></strong></span> <span class='ocrx_word' id='word_1_331' title='bbox 1107 3460 1136 3511; x_wconf 80' lang='lat' dir='ltr'><strong>et</strong></span> <span class='ocrx_word' id='word_1_332' title='bbox 1154 3456 1191 3520; x_wconf 91' lang='lat' dir='ltr'><strong>B,</strong></span> <span class='ocrx_word' id='word_1_333' title='bbox 1215 3457 1319 3524; x_wconf 81' lang='lat' dir='ltr'><strong>partim</strong></span> <span class='ocrx_word' id='word_1_334' title='bbox 1338 3457 1468 3513; x_wconf 84' lang='lat' dir='ltr'><strong>dicuntur</strong></span> 
     </span>
     <span class='ocr_line' id='line_1_33' title="bbox 163 3534 1468 3608; baseline 0.003 -17"><span class='ocrx_word' id='word_1_335' title='bbox 163 3538 195 3591; x_wconf 85' lang='lat' dir='ltr'><strong>et</strong></span> <span class='ocrx_word' id='word_1_336' title='bbox 212 3552 266 3590; x_wconf 88' lang='lat' dir='ltr'><strong>non</strong></span> <span class='ocrx_word' id='word_1_337' title='bbox 286 3539 362 3603; x_wconf 84' lang='lat' dir='ltr'><strong>suut,</strong></span> <span class='ocrx_word' id='word_1_338' title='bbox 382 3540 414 3592; x_wconf 83' lang='lat' dir='ltr'><strong>ut</strong></span> <span class='ocrx_word' id='word_1_339' title='bbox 432 3538 457 3591; x_wconf 89' lang='lat' dir='ltr'>H</span> <span class='ocrx_word' id='word_1_340' title='bbox 477 3540 506 3592; x_wconf 84' lang='lat' dir='ltr'><strong>et</strong></span> <span class='ocrx_word' id='word_1_341' title='bbox 525 3538 561 3605; x_wconf 90' lang='lat' dir='ltr'><strong>X,</strong></span> <span class='ocrx_word' id='word_1_342' title='bbox 585 3538 688 3607; x_wconf 90' lang='lat' dir='ltr'><strong>partim</strong></span> <span class='ocrx_word' id='word_1_343' title='bbox 708 3540 773 3593; x_wconf 86' lang='lat' dir='ltr'><strong>sunt</strong></span> <span class='ocrx_word' id='word_1_344' title='bbox 797 3554 887 3606; x_wconf 89' lang='lat' dir='ltr'><strong>neque</strong></span> <span class='ocrx_word' id='word_1_345' title='bbox 906 3536 1050 3606; x_wconf 88' lang='lat' dir='ltr'><strong>dicuutur,</strong></span> <span class='ocrx_word' id='word_1_346' title='bbox 1072 3540 1104 3591; x_wconf 88' lang='lat' dir='ltr'><strong>ut</strong></span> <span class='ocrx_word' id='word_1_347' title='bbox 1124 3540 1147 3589; x_wconf 87' lang='grc' dir='ltr'><em>Φ</em></span> <span class='ocrx_word' id='word_1_348' title='bbox 1161 3538 1191 3588; x_wconf 80' lang='grc' dir='ltr'><em>Ψ</em></span> <span class='ocrx_word' id='word_1_349' title='bbox 1208 3534 1313 3592; x_wconf 84' lang='lat' dir='ltr'><strong>Carrio.</strong></span> <span class='ocrx_word' id='word_1_350' title='bbox 1341 3538 1374 3593; x_wconf 86' lang='lat' dir='ltr'><strong>de</strong></span> <span class='ocrx_word' id='word_1_351' title='bbox 1390 3556 1468 3608; x_wconf 75' lang='lat' dir='ltr'><strong>prae·</strong></span> 
     </span>
     <span class='ocr_line' id='line_1_34' title="bbox 164 3617 1469 3687; baseline 0.002 -15"><span class='ocrx_word' id='word_1_352' title='bbox 164 3619 205 3672; x_wconf 79' lang='lat' dir='ltr'><strong>cis</strong></span> <span class='ocrx_word' id='word_1_353' title='bbox 217 3623 242 3671; x_wconf 83' lang='lat' dir='ltr'><strong>et</strong></span> <span class='ocrx_word' id='word_1_354' title='bbox 260 3619 357 3672; x_wconf 76' lang='lat' dir='ltr'><strong>latinis</strong></span> <span class='ocrx_word' id='word_1_355' title='bbox 375 3618 472 3671; x_wconf 83' lang='lat' dir='ltr'><strong>litteris</strong></span> <span class='ocrx_word' id='word_1_356' title='bbox 490 3619 539 3673; x_wconf 83' lang='lat' dir='ltr'><strong>hac</strong></span> <span class='ocrx_word' id='word_1_357' title='bbox 552 3620 674 3673; x_wconf 84' lang='lat' dir='ltr'><strong>docuisse</strong></span> <span class='ocrx_word' id='word_1_358' title='bbox 687 3621 795 3674; x_wconf 78' lang='lat' dir='ltr'><strong>videtur</strong></span> <span class='ocrx_word' id='word_1_359' title='bbox 815 3620 919 3685; x_wconf 80' lang='lat' dir='ltr'><strong>Varro,</strong></span> <span class='ocrx_word' id='word_1_360' title='bbox 936 3635 1049 3687; x_wconf 78' lang='lat' dir='ltr'><strong>praeces</strong></span> <span class='ocrx_word' id='word_1_361' title='bbox 1063 3619 1168 3672; x_wconf 82' lang='lat' dir='ltr'><strong>litteras</strong></span> <span class='ocrx_word' id='word_1_362' title='bbox 1177 3617 1284 3684; x_wconf 85' lang='lat' dir='ltr'><strong>partim</strong></span> <span class='ocrx_word' id='word_1_363' title='bbox 1298 3620 1401 3671; x_wconf 83' lang='lat' dir='ltr'><strong>easdem</strong></span> <span class='ocrx_word' id='word_1_364' title='bbox 1415 3636 1469 3675; x_wconf 85' lang='lat' dir='ltr'><strong>esse</strong></span> 
     </span>
     <span class='ocr_line' id='line_1_35' title="bbox 163 3696 1469 3767; baseline 0.004 -16"><span class='ocrx_word' id='word_1_365' title='bbox 163 3697 241 3765; x_wconf 80' lang='lat' dir='ltr'><strong>apud</strong></span> <span class='ocrx_word' id='word_1_366' title='bbox 258 3696 388 3764; x_wconf 78' lang='lat' dir='ltr'><strong>Latinos,</strong></span> <span class='ocrx_word' id='word_1_367' title='bbox 407 3698 514 3765; x_wconf 84' lang='lat' dir='ltr'><strong>partim</strong></span> <span class='ocrx_word' id='word_1_368' title='bbox 535 3704 655 3766; x_wconf 80' lang='lat' dir='ltr'><strong>receptas</strong></span> <span class='ocrx_word' id='word_1_369' title='bbox 677 3699 797 3767; x_wconf 73' lang='lat' dir='ltr'><strong>quidem,</strong></span> <span class='ocrx_word' id='word_1_370' title='bbox 819 3700 866 3753; x_wconf 84' lang='lat' dir='ltr'><strong>sed</strong></span> <span class='ocrx_word' id='word_1_371' title='bbox 888 3700 997 3752; x_wconf 77' lang='lat' dir='ltr'><strong>‹liecrsa</strong></span> <span class='ocrx_word' id='word_1_372' title='bbox 1017 3702 1162 3766; x_wconf 82' lang='lat' dir='ltr'><strong>potestate,</strong></span> <span class='ocrx_word' id='word_1_373' title='bbox 1181 3697 1288 3764; x_wconf 82' lang='lat' dir='ltr'><strong>partho</strong></span> <span class='ocrx_word' id='word_1_374' title='bbox 1313 3715 1397 3767; x_wconf 73' lang='lat' dir='ltr'><strong>oeque</strong></span> <span class='ocrx_word' id='word_1_375' title='bbox 1415 3717 1469 3756; x_wconf 82' lang='lat' dir='ltr'><strong>case</strong></span> 
     </span>
     <span class='ocr_line' id='line_1_36' title="bbox 162 3778 1469 3849; baseline 0.002 -17"><span class='ocrx_word' id='word_1_376' title='bbox 162 3794 248 3847; x_wconf 72' lang='lat' dir='ltr'><strong>neque</strong></span> <span class='ocrx_word' id='word_1_377' title='bbox 265 3779 336 3842; x_wconf 85' lang='lat' dir='ltr'><strong>dici,</strong></span> <span class='ocrx_word' id='word_1_378' title='bbox 353 3778 379 3831; x_wconf 79' lang='lat' dir='ltr'><strong>le.</strong></span> <span class='ocrx_word' id='word_1_379' title='bbox 398 3793 419 3830; x_wconf 82' lang='lat' dir='ltr'><strong>e.</strong></span> <span class='ocrx_word' id='word_1_380' title='bbox 439 3793 522 3845; x_wconf 76' lang='lat' dir='ltr'><strong>neque</strong></span> <span class='ocrx_word' id='word_1_381' title='bbox 539 3778 656 3842; x_wconf 85' lang='lat' dir='ltr'><strong>sormam</strong></span> <span class='ocrx_word' id='word_1_382' title='bbox 674 3780 795 3834; x_wconf 79' lang='lat' dir='ltr'><strong>iuueur&#39;ra&#39;</strong></span> <span class='ocrx_word' id='word_1_383' title='bbox 813 3797 897 3849; x_wconf 74' lang='lat' dir='ltr'><strong>aeque</strong></span> <span class='ocrx_word' id='word_1_384' title='bbox 914 3795 1011 3833; x_wconf 79' lang='lat' dir='ltr'><strong>sonum</strong></span> <span class='ocrx_word' id='word_1_385' title='bbox 1028 3780 1114 3832; x_wconf 74' lang='lat' dir='ltr'><strong>uultis</strong></span> <span class='ocrx_word' id='word_1_386' title='bbox 1131 3779 1238 3832; x_wconf 83' lang='lat' dir='ltr'><strong>litterae</strong></span> <span class='ocrx_word' id='word_1_387' title='bbox 1253 3783 1319 3831; x_wconf 86' lang='lat' dir='ltr'><strong>uota</strong></span> <span class='ocrx_word' id='word_1_388' title='bbox 1337 3783 1469 3847; x_wconf 77' lang='lat' dir='ltr'><strong>exprirru‘:</strong></span> 
     </span>
     <span class='ocr_line' id='line_1_37' title="bbox 164 3853 1468 3925; baseline 0.002 -14"><span class='ocrx_word' id='word_1_389' title='bbox 164 3857 199 3923; x_wconf 68' lang='lat' dir='ltr'><strong>et.</strong></span> <span class='ocrx_word' id='word_1_390' title='bbox 210 3856 308 3925; x_wconf 82' lang='lat' dir='ltr'><strong>Papir.</strong></span> <span class='ocrx_word' id='word_1_391' title='bbox 317 3873 371 3911; x_wconf 81' lang='lat' dir='ltr'><strong>cxc.</strong></span> <span class='ocrx_word' id='word_1_392' title='bbox 376 3873 406 3924; x_wconf 91' lang='lat' dir='ltr'><strong>p.</strong></span> <span class='ocrx_word' id='word_1_393' title='bbox 414 3853 502 3921; x_wconf 80' lang='grc'><strong><em>160,7</em></strong></span> <span class='ocrx_word' id='word_1_394' title='bbox 544 3864 558 3911; x_wconf 84' lang='lat' dir='ltr'><strong>‘t</strong></span> <span class='ocrx_word' id='word_1_395' title='bbox 571 3858 720 3912; x_wconf 86' lang='lat' dir='ltr'><strong>vehemens</strong></span> <span class='ocrx_word' id='word_1_396' title='bbox 730 3861 758 3912; x_wconf 85' lang='lat' dir='ltr'><strong>et</strong></span> <span class='ocrx_word' id='word_1_397' title='bbox 768 3876 881 3913; x_wconf 88' lang='lat' dir='ltr'><strong>vemens</strong></span> <span class='ocrx_word' id='word_1_398' title='bbox 891 3860 939 3916; x_wconf 77' lang='lat' dir='ltr'><strong>sA</strong></span> <span class='ocrx_word' id='word_1_399' title='bbox 950 3859 1099 3913; x_wconf 87' lang='lat' dir='ltr'><strong>uehemens</strong></span> <span class='ocrx_word' id='word_1_400' title='bbox 1109 3863 1138 3914; x_wconf 88' lang='lat' dir='ltr'><strong>et</strong></span> <span class='ocrx_word' id='word_1_401' title='bbox 1147 3861 1296 3916; x_wconf 87' lang='lat' dir='ltr'><strong>uehemens</strong></span> <span class='ocrx_word' id='word_1_402' title='bbox 1308 3860 1331 3915; x_wconf 82' lang='lat'><strong><em>0</em></strong></span> <span class='ocrx_word' id='word_1_403' title='bbox 1338 3876 1468 3914; x_wconf 86' lang='lat' dir='ltr'><strong>neemens</strong></span> 
     </span>
     <span class='ocr_line' id='line_1_38' title="bbox 164 3936 1465 4007; baseline 0.004 -18"><span class='ocrx_word' id='word_1_404' title='bbox 164 3938 377 4003; x_wconf 67' lang='lat' dir='ltr'><strong>(eomuemens)</strong></span> <span class='ocrx_word' id='word_1_405' title='bbox 391 3936 421 3990; x_wconf 88' lang='lat' dir='ltr'><strong>et</strong></span> <span class='ocrx_word' id='word_1_406' title='bbox 434 3937 584 3991; x_wconf 90' lang='lat' dir='ltr'><strong>uehemens</strong></span> <span class='ocrx_word' id='word_1_407' title='bbox 597 3938 625 3991; x_wconf 94' lang='grc' dir='ltr'><strong><em>Β</em></strong></span> <span class='ocrx_word' id='word_1_408' title='bbox 679 3944 695 3993; x_wconf 90' lang='lat'>8</span> <span class='ocrx_word' id='word_1_409' title='bbox 709 3937 867 3992; x_wconf 86' lang='lat' dir='ltr'><strong>mehercule</strong></span> <span class='ocrx_word' id='word_1_410' title='bbox 881 3941 910 3992; x_wconf 90' lang='lat' dir='ltr'><strong>et</strong></span> <span class='ocrx_word' id='word_1_411' title='bbox 923 3938 1024 3992; x_wconf 89' lang='lat' dir='ltr'><strong>merele</strong></span> <span class='ocrx_word' id='word_1_412' title='bbox 1038 3941 1151 3993; x_wconf 80' lang='lat' dir='ltr'><strong>coniecit</strong></span> <span class='ocrx_word' id='word_1_413' title='bbox 1161 3940 1341 3996; x_wconf 80' lang='lat' dir='ltr'><strong>Schneiderus</strong></span> <span class='ocrx_word' id='word_1_414' title='bbox 1353 3956 1465 4007; x_wconf 73' lang='lat' dir='ltr'><strong>pramm.</strong></span> 
     </span>
     <span class='ocr_line' id='line_1_39' title="bbox 164 4016 1464 4090; baseline 0.003 -21"><span class='ocrx_word' id='word_1_415' title='bbox 164 4016 210 4069; x_wconf 87' lang='lat' dir='ltr'><strong>lat.</strong></span> <span class='ocrx_word' id='word_1_416' title='bbox 223 4016 243 4068; x_wconf 93' lang='lat' dir='ltr'><em>I</em></span> <span class='ocrx_word' id='word_1_417' title='bbox 249 4033 277 4084; x_wconf 88' lang='lat' dir='ltr'><strong>p.</strong></span> <span class='ocrx_word' id='word_1_418' title='bbox 288 4021 345 4071; x_wconf 79' lang='grc'><strong>188</strong></span> <span class='ocrx_word' id='word_1_419' title='bbox 393 4016 480 4069; x_wconf 88' lang='lat' dir='ltr'><strong>nichil</strong></span> <span class='ocrx_word' id='word_1_420' title='bbox 495 4016 608 4071; x_wconf 88' lang='lat' dir='ltr'><strong>etnilB</strong></span> <span class='ocrx_word' id='word_1_421' title='bbox 622 4017 710 4072; x_wconf 91' lang='lat' dir='ltr'><strong>nichil</strong></span> <span class='ocrx_word' id='word_1_422' title='bbox 720 4017 795 4071; x_wconf 87' lang='lat' dir='ltr'><strong>nilA</strong></span> <span class='ocrx_word' id='word_1_423' title='bbox 809 4017 964 4071; x_wconf 83' lang='lat' dir='ltr'><strong>nihilnilC</strong></span> <span class='ocrx_word' id='word_1_424' title='bbox 1011 4018 1153 4073; x_wconf 88' lang='lat' dir='ltr'><strong>obseruari</strong></span> <span class='ocrx_word' id='word_1_425' title='bbox 1167 4022 1282 4076; x_wconf 85' lang='lat' dir='ltr'><strong>eatenus</strong></span> <span class='ocrx_word' id='word_1_426' title='bbox 1296 4023 1464 4090; x_wconf 80' lang='lat' dir='ltr'><strong>poteruntA</strong></span> 
     </span>
     <span class='ocr_line' id='line_1_40' title="bbox 163 4094 1465 4169; baseline 0.004 -21"><span class='ocrx_word' id='word_1_427' title='bbox 163 4094 308 4149; x_wconf 84' lang='lat' dir='ltr'><strong>obseruare</strong></span> <span class='ocrx_word' id='word_1_428' title='bbox 319 4098 435 4150; x_wconf 84' lang='lat' dir='ltr'><strong>eatenus</strong></span> <span class='ocrx_word' id='word_1_429' title='bbox 444 4098 576 4164; x_wconf 88' lang='lat' dir='ltr'><strong>poterunt</strong></span> <span class='ocrx_word' id='word_1_430' title='bbox 585 4097 661 4155; x_wconf 77' lang='grc' dir='ltr'><strong>ΒΟς</strong></span> <span class='ocrx_word' id='word_1_431' title='bbox 676 4097 824 4153; x_wconf 88' lang='lat' dir='ltr'><strong>obseruare</strong></span> <span class='ocrx_word' id='word_1_432' title='bbox 835 4102 949 4151; x_wconf 88' lang='lat' dir='ltr'><strong>eatenus</strong></span> <span class='ocrx_word' id='word_1_433' title='bbox 959 4098 1064 4165; x_wconf 86' lang='lat' dir='ltr'><strong>poteris</strong></span> <span class='ocrx_word' id='word_1_434' title='bbox 1073 4097 1184 4153; x_wconf 84' lang='lat' dir='ltr'><strong>Carrio:</strong></span> <span class='ocrx_word' id='word_1_435' title='bbox 1199 4101 1247 4154; x_wconf 87' lang='lat' dir='ltr'><strong>sed</strong></span> <span class='ocrx_word' id='word_1_436' title='bbox 1262 4101 1291 4154; x_wconf 89' lang='lat' dir='ltr'><strong>in</strong></span> <span class='ocrx_word' id='word_1_437' title='bbox 1306 4101 1349 4154; x_wconf 88' lang='lat' dir='ltr'><strong>his</strong></span> <span class='ocrx_word' id='word_1_438' title='bbox 1359 4101 1465 4169; x_wconf 90' lang='lat' dir='ltr'><strong>praeci-</strong></span> 
     </span>
     <span class='ocr_line' id='line_1_41' title="bbox 164 4174 1466 4249; baseline 0.003 -21"><span class='ocrx_word' id='word_1_439' title='bbox 164 4191 217 4244; x_wconf 87' lang='lat' dir='ltr'><strong>pue</strong></span> <span class='ocrx_word' id='word_1_440' title='bbox 235 4174 341 4241; x_wconf 86' lang='lat' dir='ltr'><strong>rerbis,</strong></span> <span class='ocrx_word' id='word_1_441' title='bbox 360 4191 431 4243; x_wconf 84' lang='lat' dir='ltr'><strong>quae</strong></span> <span class='ocrx_word' id='word_1_442' title='bbox 451 4176 669 4245; x_wconf 82' lang='lat' dir='ltr'><strong>adspirationem</strong></span> <span class='ocrx_word' id='word_1_443' title='bbox 687 4178 789 4231; x_wconf 89' lang='lat' dir='ltr'><strong>habere</strong></span> <span class='ocrx_word' id='word_1_444' title='bbox 809 4177 923 4244; x_wconf 86' lang='lat' dir='ltr'><strong>debent,</strong></span> <span class='ocrx_word' id='word_1_445' title='bbox 947 4176 1016 4230; x_wconf 88' lang='lat' dir='ltr'><strong>haec</strong></span> <span class='ocrx_word' id='word_1_446' title='bbox 1034 4176 1175 4230; x_wconf 83' lang='lat' dir='ltr'><strong>observari</strong></span> <span class='ocrx_word' id='word_1_447' title='bbox 1194 4183 1308 4235; x_wconf 86' lang='lat' dir='ltr'><strong>eatenus</strong></span> <span class='ocrx_word' id='word_1_448' title='bbox 1327 4186 1466 4249; x_wconf 83' lang='lat' dir='ltr'><strong>poterunt,</strong></span> 
     </span>
     <span class='ocr_line' id='line_1_42' title="bbox 150 4254 1465 4329; baseline 0.005 -23"><span class='ocrx_word' id='word_1_449' title='bbox 150 4254 300 4321; x_wconf 84' lang='lat' dir='ltr'><strong>·qualenua</strong></span> <span class='ocrx_word' id='word_1_450' title='bbox 314 4254 485 4308; x_wconf 84' lang='lat' dir='ltr'><strong>consuetudo</strong></span> <span class='ocrx_word' id='word_1_451' title='bbox 499 4256 658 4323; x_wconf 87' lang='lat' dir='ltr'><strong>permiserit</strong></span> <span class='ocrx_word' id='word_1_452' title='bbox 671 4262 795 4326; x_wconf 81' lang='lat' dir='ltr'><strong>excerpta</strong></span> <span class='ocrx_word' id='word_1_453' title='bbox 807 4256 959 4324; x_wconf 82' lang='lat' dir='ltr'><strong>Papiriaui</strong></span> <span class='ocrx_word' id='word_1_454' title='bbox 1014 4260 1046 4308; x_wconf 88' lang='grc'><strong>10</strong></span> <span class='ocrx_word' id='word_1_455' title='bbox 1056 4256 1287 4329; x_wconf 80' lang='lat' dir='ltr'><strong>adspirationem]</strong></span> <span class='ocrx_word' id='word_1_456' title='bbox 1302 4256 1465 4328; x_wconf 84' lang='lat' dir='ltr'><strong>adscriptio·</strong></span> 
     </span>
     <span class='ocr_line' id='line_1_43' title="bbox 164 4332 1469 4408; baseline 0.003 -22"><span class='ocrx_word' id='word_1_457' title='bbox 164 4351 225 4389; x_wconf 91' lang='lat' dir='ltr'><strong>nem</strong></span> <span class='ocrx_word' id='word_1_458' title='bbox 242 4332 265 4387; x_wconf 83' lang='lat'><em>0</em></span> <span class='ocrx_word' id='word_1_459' title='bbox 277 4332 488 4402; x_wconf 74' lang='lat' dir='ltr'><strong>suscriptionem</strong></span> <span class='ocrx_word' id='word_1_460' title='bbox 502 4336 529 4388; x_wconf 90' lang='lat' dir='ltr'><strong><em>A</em></strong></span> <span class='ocrx_word' id='word_1_461' title='bbox 585 4342 616 4390; x_wconf 93' lang='lat'><strong>11</strong></span> <span class='ocrx_word' id='word_1_462' title='bbox 633 4335 657 4388; x_wconf 91' lang='lat' dir='ltr'>V</span> <span class='ocrx_word' id='word_1_463' title='bbox 673 4336 768 4390; x_wconf 78' lang='lat' dir='ltr'><strong>littera</strong></span> <span class='ocrx_word' id='word_1_464' title='bbox 781 4338 809 4389; x_wconf 98' lang='lat' dir='ltr'><strong><em>A</em></strong></span> <span class='ocrx_word' id='word_1_465' title='bbox 862 4334 1078 4404; x_wconf 84' lang='lat' dir='ltr'><strong>yponehuntA</strong></span> <span class='ocrx_word' id='word_1_466' title='bbox 1134 4342 1166 4389; x_wconf 79' lang='lat'><strong>12</strong></span> <span class='ocrx_word' id='word_1_467' title='bbox 1179 4336 1303 4408; x_wconf 91' lang='lat' dir='ltr'><strong>quidem]</strong></span> <span class='ocrx_word' id='word_1_468' title='bbox 1318 4336 1469 4405; x_wconf 83' lang='lat' dir='ltr'><strong>quoqueO</strong></span> 
     </span>
    </p>

    <p class='ocr_par' dir='ltr' id='par_1_15' title="bbox 164 4412 1465 4690">
     <span class='ocr_line' id='line_1_44' title="bbox 200 4412 1464 4485; baseline 0.004 -21"><span class='ocrx_word' id='word_1_469' title='bbox 200 4417 233 4465; x_wconf 88' lang='grc'><strong>13</strong></span> <span class='ocrx_word' id='word_1_470' title='bbox 252 4412 356 4480; x_wconf 82' lang='lat' dir='ltr'><strong>syriam</strong></span> <span class='ocrx_word' id='word_1_471' title='bbox 375 4429 517 4480; x_wconf 79' lang='lat' dir='ltr'><strong>syraemas</strong></span> <span class='ocrx_word' id='word_1_472' title='bbox 536 4415 663 4483; x_wconf 83' lang='lat' dir='ltr'><strong>symbola</strong></span> <span class='ocrx_word' id='word_1_473' title='bbox 681 4415 838 4485; x_wconf 83' lang='lat' dir='ltr'><strong>sycoiantas</strong></span> <span class='ocrx_word' id='word_1_474' title='bbox 855 4412 946 4468; x_wconf 84' lang='lat' dir='ltr'><strong>ABG</strong></span> <span class='ocrx_word' id='word_1_475' title='bbox 1006 4413 1047 4483; x_wconf 87' lang='lat' dir='ltr'><strong>at]</strong></span> <span class='ocrx_word' id='word_1_476' title='bbox 1068 4417 1163 4468; x_wconf 89' lang='lat' dir='ltr'><strong>autA</strong></span> <span class='ocrx_word' id='word_1_477' title='bbox 1239 4423 1271 4470; x_wconf 77' lang='lat'><strong>14</strong></span> <span class='ocrx_word' id='word_1_478' title='bbox 1288 4415 1360 4469; x_wconf 90' lang='lat' dir='ltr'><strong>illud</strong></span> <span class='ocrx_word' id='word_1_479' title='bbox 1379 4416 1464 4470; x_wconf 85' lang='lat' dir='ltr'><strong>etiam</strong></span> 
     </span>
     <span class='ocr_line' id='line_1_45' title="bbox 164 4490 1394 4558; baseline 0.001 -12"><span class='ocrx_word' id='word_1_480' title='bbox 164 4490 274 4558; x_wconf 78' lang='lat' dir='ltr'><strong>Carrio,</strong></span> <span class='ocrx_word' id='word_1_481' title='bbox 297 4490 369 4545; x_wconf 90' lang='lat' dir='ltr'><strong>illud</strong></span> <span class='ocrx_word' id='word_1_482' title='bbox 391 4491 465 4545; x_wconf 91' lang='lat' dir='ltr'><strong>enim</strong></span> <span class='ocrx_word' id='word_1_483' title='bbox 488 4494 516 4547; x_wconf 93' lang='grc' dir='ltr'><strong><em>Β</em></strong></span> <span class='ocrx_word' id='word_1_484' title='bbox 539 4494 609 4548; x_wconf 90' lang='lat' dir='ltr'><strong>illud</strong></span> <span class='ocrx_word' id='word_1_485' title='bbox 633 4502 648 4550; x_wconf 78' lang='lat' dir='ltr'><strong>e</strong></span> <span class='ocrx_word' id='word_1_486' title='bbox 674 4495 697 4551; x_wconf 82' lang='lat'><em>0</em></span> <span class='ocrx_word' id='word_1_487' title='bbox 717 4495 787 4550; x_wconf 87' lang='lat' dir='ltr'><strong>illud</strong></span> <span class='ocrx_word' id='word_1_488' title='bbox 806 4495 833 4547; x_wconf 90' lang='lat' dir='ltr'><strong><em>A</em></strong></span> <span class='ocrx_word' id='word_1_489' title='bbox 924 4496 956 4546; x_wconf 79' lang='lat' dir='ltr'><strong>lt</strong></span> <span class='ocrx_word' id='word_1_490' title='bbox 976 4499 994 4546; x_wconf 80' lang='lat' dir='ltr'><strong>a</strong></span> <span class='ocrx_word' id='word_1_491' title='bbox 1011 4509 1141 4547; x_wconf 85' lang='lat' dir='ltr'><strong>moneam</strong></span> <span class='ocrx_word' id='word_1_492' title='bbox 1161 4492 1185 4547; x_wconf 81' lang='grc'><em>0</em></span> <span class='ocrx_word' id='word_1_493' title='bbox 1202 4510 1348 4549; x_wconf 78' lang='lat' dir='ltr'><strong>amaseam</strong></span> <span class='ocrx_word' id='word_1_494' title='bbox 1366 4495 1394 4547; x_wconf 92' lang='grc' dir='ltr'><strong><em>Β</em></strong></span> 
     </span>
     <span class='ocr_line' id='line_1_46' title="bbox 164 4570 1465 4644; baseline 0.005 -20"><span class='ocrx_word' id='word_1_495' title='bbox 164 4577 198 4626; x_wconf 87' lang='grc'><strong>16</strong></span> <span class='ocrx_word' id='word_1_496' title='bbox 222 4570 370 4640; x_wconf 79' lang='lat' dir='ltr'><strong>yacinthus</strong></span> <span class='ocrx_word' id='word_1_497' title='bbox 394 4570 469 4639; x_wconf 82' lang='lat' dir='ltr'><strong>yllus</strong></span> <span class='ocrx_word' id='word_1_498' title='bbox 493 4575 604 4641; x_wconf 82' lang='lat' dir='ltr'><strong>ymetus</strong></span> <span class='ocrx_word' id='word_1_499' title='bbox 631 4574 655 4628; x_wconf 82' lang='lat'><strong><em>0</em></strong></span> <span class='ocrx_word' id='word_1_500' title='bbox 676 4593 695 4644; x_wconf 83' lang='lat' dir='ltr'>y</span> <span class='ocrx_word' id='word_1_501' title='bbox 720 4574 865 4628; x_wconf 82' lang='lat' dir='ltr'><strong>acoluthus</strong></span> <span class='ocrx_word' id='word_1_502' title='bbox 891 4576 970 4642; x_wconf 87' lang='lat' dir='ltr'><strong>(corr.</strong></span> <span class='ocrx_word' id='word_1_503' title='bbox 997 4591 1015 4641; x_wconf 79' lang='lat' dir='ltr'>y</span> <span class='ocrx_word' id='word_1_504' title='bbox 1041 4572 1179 4642; x_wconf 84' lang='lat' dir='ltr'><strong>aointhus)</strong></span> <span class='ocrx_word' id='word_1_505' title='bbox 1207 4575 1281 4643; x_wconf 86' lang='lat' dir='ltr'><strong>yllus</strong></span> <span class='ocrx_word' id='word_1_506' title='bbox 1304 4578 1413 4644; x_wconf 83' lang='lat' dir='ltr'><strong>ymetus</strong></span> <span class='ocrx_word' id='word_1_507' title='bbox 1437 4577 1465 4629; x_wconf 90' lang='grc' dir='ltr'><strong><em>Β</em></strong></span> 
     </span>
     <span class='ocr_line' id='line_1_47' title="bbox 268 4651 285 4690; baseline 0 0"><span class='ocrx_word' id='word_1_508' title='bbox 268 4651 285 4690; x_wconf 81' lang='grc' dir='ltr'><strong>ιι</strong></span> 
     </span>
    </p>
   </div>
   <div class='ocr_carea' id='block_1_5' title="bbox 163 4702 1492 4840">
    <p class='ocr_par' dir='ltr' id='par_1_16' title="bbox 163 4702 1492 4840">
     <span class='ocr_line' id='line_1_48' title="bbox 163 4702 1492 4840; baseline 0.006 -80"><span class='ocrx_word' id='word_1_509' title='bbox 163 4703 308 4840; x_wconf 48' lang='lat' dir='ltr'><strong>ipapoinctus</strong></span> <span class='ocrx_word' id='word_1_510' title='bbox 325 4702 467 4837; x_wconf 46' lang='lat' dir='ltr'><strong>{Lesbum</strong></span> <span class='ocrx_word' id='word_1_511' title='bbox 481 4706 617 4776; x_wconf 81' lang='lat' dir='ltr'><strong>ymettus)</strong></span> <span class='ocrx_word' id='word_1_512' title='bbox 635 4707 663 4760; x_wconf 88' lang='lat' dir='ltr'><strong><em>A</em></strong></span> <span class='ocrx_word' id='word_1_513' title='bbox 732 4713 763 4760; x_wconf 83' lang='grc'><strong>17</strong></span> <span class='ocrx_word' id='word_1_514' title='bbox 784 4705 901 4777; x_wconf 84' lang='lat' dir='ltr'><strong>quanto]</strong></span> <span class='ocrx_word' id='word_1_515' title='bbox 920 4704 1030 4775; x_wconf 87' lang='lat' dir='ltr'><strong>quando</strong></span> <span class='ocrx_word' id='word_1_516' title='bbox 1046 4704 1075 4759; x_wconf 83' lang='lat'><strong>0.</strong></span> <span class='ocrx_word' id='word_1_517' title='bbox 1094 4722 1132 4759; x_wconf 85' lang='lat' dir='ltr'><strong>au</strong></span> <span class='ocrx_word' id='word_1_518' title='bbox 1146 4705 1295 4774; x_wconf 79' lang='lat' dir='ltr'><strong>quoniame</strong></span> <span class='ocrx_word' id='word_1_519' title='bbox 1360 4714 1393 4765; x_wconf 85' lang='lat'><strong>18</strong></span> <span class='ocrx_word' id='word_1_520' title='bbox 1412 4709 1492 4768; x_wconf 89' lang='lat' dir='ltr'><strong>hac.</strong></span> 
     </span>
     <span class='ocr_line' id='line_1_49' title="bbox 177 4785 330 4839; baseline -0.02 0"><span class='ocrx_word' id='word_1_521' title='bbox 177 4785 198 4839; x_wconf 93' lang='lat' dir='ltr'><strong>&#39;t</strong></span> <span class='ocrx_word' id='word_1_522' title='bbox 228 4799 275 4838; x_wconf 88' lang='lat' dir='ltr'><strong>rae</strong></span> <span class='ocrx_word' id='word_1_523' title='bbox 293 4798 330 4837; x_wconf 91' lang='lat' dir='ltr'><strong>ua</strong></span> 
     </span>
    </p>
   </div>
   <div class='ocr_carea' id='block_1_6' title="bbox 0 0 1665 5474">
    <p class='ocr_par' dir='ltr' id='par_1_17' title="bbox 0 0 1665 5474">
     <span class='ocr_line' id='line_1_50' title="bbox 0 0 1665 5474; baseline 0 0"><span class='ocrx_word' id='word_1_524' title='bbox 0 0 1665 5474; x_wconf 95' lang='lat' dir='ltr'><strong> </strong></span> 
     </span>
    </p>
   </div>
  </div>
 </body>
</html>
