3316 5474
590 360 637 413 ns
657 358 945 413 onrnocaarsm
1214 342 1218 351 '
1371 365 1413 426 61

112 471 133 507 p.
148 461 208 499 ml.
221 459 248 500 25
262 459 287 498 P.

112 563 209 624 neque
223 544 270 604 his
284 542 419 624 partibus
433 545 574 604 orationis
589 562 656 604 cum
671 543 779 624 quibos
794 546 823 604 in
839 543 1045 619 contusionem
1058 562 1117 604 non
1132 547 1212 606 venit
1232 545 1416 626 adiungiturz

112 649 165 711 abs
188 659 218 711 te
242 660 342 712 autem
369 651 445 711 duae
472 658 572 730 partes
602 653 745 712 orationis
774 660 858 713 sont:
886 652 938 712 sed
966 669 1034 711 cum
1062 649 1237 729 quibusdam
1265 653 1364 715 verbis
1386 657 1417 715 in

112 759 257 818 animiam
280 759 437 838 concessit,
460 765 493 818 ut
516 757 653 841 abstinet,
677 757 840 820 abscondit.
881 758 954 819 baec
978 760 1058 818 enim
1080 777 1149 837 pars
1172 761 1314 821 orationis
1338 779 1417 821 corn·

112 865 207 943 posita
232 873 287 944 cst,
310 872 340 924 et
363 865 502 942 qnoniam
523 872 553 924 et
574 864 693 926 acondit
715 865 815 926 hiabat
834 874 864 926 et
882 864 1021 925 abcondit
1044 864 1148 926 durius
1172 866 1303 948 sonabat,
1326 870 1416 928 inter·

71 991 86 1029 s
113 973 194 1031 venit
211 988 226 1030 s
246 970 353 1053 littera,
377 989 452 1049 qnae
475 979 633 1032 exornaret
652 969 709 1050 [et]
733 972 876 1035 auditum.
913 972 950 1032 de
974 990 1032 1050 qua
1056 974 1217 1052 scriptione
1238 972 1309 1034 illud
1329 993 1417 1053 qnae·

113 1079 204 1156 ritnr,
232 1085 335 1138 utrum
362 1096 458 1157 perp
482 1096 519 1138 an
542 1097 596 1158 per
619 1076 638 1137 b
662 1087 693 1139 et
715 1097 730 1139 s
753 1077 860 1139 debeat
882 1078 986 1162 scribi,
1015 1081 1154 1158 quoniam
1175 1097 1211 1167 ea
1238 1098 1313 1158 quae
1341 1080 1418 1159 apud

114 1200 169 1243 noa
192 1182 223 1244 Ψ
245 1183 374 1245 litteram
398 1192 505 1244 sonant
527 1194 633 1264 putant
659 1184 793 1264 plerique
818 1203 872 1263 per
895 1204 913 1264 p
937 1194 1004 1246 ets
1028 1184 1198 1266 scribenda,
1226 1187 1366 1265 quoniam
1389 1193 1419 1245 et
1471 1258 1477 1271 ἱ

113 1287 219 1349 Graeci
243 1292 511 1369 pronuntiaverunt
536 1287 617 1368 [per]
641 1289 671 1351 Ψ
693 1289 822 1350 litteram
850 1298 986 1351 constare
1010 1284 1266 1352 innodasset
1290 1303 1318 1351 σ.
1365 1290 1416 1351 sed

113 1397 165 1474 qui
189 1397 335 1475 originem
358 1396 518 1456 verborum
541 1399 692 1476 propriam
715 1399 893 1479 respiciunt,
915 1416 970 1477 per
993 1397 1012 1457 b
1035 1396 1179 1457 scribunt.

76 1523 102 1562 ιι
204 1503 373 1562 retineo
393 1502 471 1582 qnod
492 1511 538 1563 est
556 1502 681 1586 appello,
704 1503 782 1582 qnod
804 1503 929 1564 alterum
949 1506 987 1564 sit
1005 1521 1109 1564 navem
1133 1503 1316 1584 appellantia,
1339 1503 1418 1564 aliud

116 1606 198 1667 verbi
222 1625 310 1668 causa
332 1610 490 1688 pecuniam
514 1607 696 1688 appellantis.
742 1609 875 1670 videmus
898 1618 997 1670 antem
1025 1628 1118 1690 prope
1141 1611 1171 1669 in
1195 1608 1332 1670 omnibus
1356 1627 1419 1669 rer-

114 1711 162 1774 bis
181 1731 256 1793 quae
275 1733 292 1774 a
311 1733 330 1794 p
349 1714 448 1775 littera
468 1717 614 1796 incipiunt
631 1716 707 1777 hanc
730 1718 978 1796 praepositionem
999 1718 1064 1795 cogi
1083 1724 1116 1777 nt
1134 1716 1153 1776 d
1171 1716 1270 1777 littera
1289 1711 1418 1798 omissal

115 1838 134 1898 p
161 1823 306 1902 geminet,
338 1830 372 1882 ut
399 1823 430 1881 in
462 1840 496 1881 eo
525 1822 604 1902 qnod
638 1830 683 1882 est
710 1830 795 1902 paret
826 1830 948 1902 apparet
977 1831 1007 1882 et
1035 1824 1065 1882 in
1091 1840 1127 1882 eo
1155 1822 1234 1900 quod
1262 1830 1308 1882 est
1337 1824 1421 1902 ponit

114 1927 235 2005 apponit
272 1936 302 1987 et
339 1929 445 2007 pungit
483 1929 633 2007 appungit
690 1929 732 1988 sic
769 1929 799 1987 in
832 1927 878 1987 bis
914 1926 1049 2006 partibus
1085 1929 1227 1988 orationis
1265 1946 1339 2005 quae
1377 1930 1420 1988 in-

78 2054 103 2095 ιι
116 2034 230 2111 cipiunt
257 2052 273 2092 a
301 2033 400 2095 littera
428 2053 445 2095 c
473 2052 533 2095 non
561 2033 645 2094 facile
673 2042 772 2112 potest
800 2033 854 2094 bac
882 2034 1099 2113 praepositione
1127 2033 1242 2094 admota
1271 2052 1376 2094 sonare
1401 2034 1419 2094 d

116 2138 222 2199 littera.
277 2140 350 2201 baec
380 2140 516 2201 similiter
546 2139 644 2201 littera
674 2142 841 2219 geminatur
869 2142 900 2200 in
931 2158 966 2200 eo
1001 2139 1080 2219 qood
1111 2148 1156 2200 est
1185 2142 1269 2220 capio
1299 2143 1421 2220 accipio.

118 2247 218 2324 itaque
244 2244 376 2308 Lucilios
1459 2230 1466 2244 ’

205 2452 298 2508 Occisa
317 2453 467 2507 Parrhasii
503 2459 517 2507 1
537 2452 566 2507 in
585 2451 747 2506 confusione
819 2451 982 2520 abiungitnr
1057 2455 1199 2525 sautem]
1219 2453 1293 2509 enim
1372 2453 1422 2509 sed

118 2530 210 2586 uerbis
228 2549 292 2586 cnm
310 2531 476 2601 quibusdam
496 2531 634 2586 unitatem
651 2531 794 2586 consensit
860 2537 878 2584 4
896 2531 926 2584 et
944 2531 1074 2599 qnoniam
1093 2537 1123 2587 ct
1140 2533 1269 2588 accondit
1286 2532 1374 2586 habet
1392 2534 1420 2586 et

118 2609 266 2665 abscondit
283 2611 379 2666 durius
464 2618 481 2665 t
504 2629 517 2666 a
535 2609 642 2680 littera]
668 2628 687 2680 p
706 2609 803 2666 littera
888 2616 904 2664 6
922 2610 998 2680 apud
1016 2628 1066 2666 noa
1085 2613 1108 2666 T
1127 2611 1250 2666 litteram
1269 2614 1351 2668 sonat

119 2695 134 2744 8
152 2684 185 2744 ia
203 2691 254 2745 τοῦ
274 2692 340 2757 urio
359 2691 382 2745 0
399 2707 467 2746 corr.
487 2687 520 2745 ἐκ
538 2691 588 2745 τοῦ
608 2709 641 2743 ιιι
660 2691 725 2744 ,και
744 2705 793 2744 σο
864 2693 880 2741 9
900 2688 1037 2758 originem
1057 2691 1154 2758 (deleta
1172 2709 1200 2745 m
1219 2693 1310 2747 littera
1326 2693 1420 2761 prima

118 2786 215 2837 manu,
233 2775 265 2824 ιιι
282 2771 403 2836 vidam,
421 2776 453 2825 at
470 2777 536 2825 essct
553 2769 671 2839 origine)
689 2769 837 2825 uerborum
855 2767 1013 2836 propriores
1031 2771 1097 2823 sunt
1113 2770 1230 2825 uerbum
1249 2772 1374 2827 scribunt
1391 2775 1421 2825 et

119 2849 146 2903 in
163 2866 197 2905 ec
262 2855 295 2903 11
314 2849 461 2918 pecuniam
480 2852 656 2922 appellantes
730 2855 761 2904 12
781 2852 814 2902 ut
831 2847 849 2901 b
868 2846 964 2902 littera
1054 2856 1086 2904 13
1110 2852 1140 2906 in
1159 2851 1205 2923 ιο]
1224 2851 1260 2906 ab
1279 2868 1312 2906 eo
1326 2852 1424 2920 priore

120 2928 174 2984 loco
244 2927 324 2999 ponit
342 2928 460 2998 opponit
477 2932 508 2984 et
524 2929 627 3000 pungit
644 2928 782 3000 oppnngit
854 2933 886 2981 lt
905 2927 986 2999 baec]
1006 2928 1059 2983 hac
1165 2966 1173 2981 .

209 3137 223 3184 1
241 3131 358 3198 sonasse
374 3147 465 3201 neque
483 3133 547 3188 aliis
565 3133 693 3204 partibus
712 3131 846 3188 orationis
866 3161 898 3170 -
917 3132 967 3186 sed
984 3132 1086 3200 verbis,
1112 3150 1175 3188 cnm
1193 3135 1294 3204 quibus
1311 3134 1340 3188 in
1359 3134 1422 3189 nni-

121 3213 205 3266 tatem
225 3211 361 3267 concessit
468 3219 485 3267 l
507 3212 639 3281 qnoniam
662 3216 692 3266 ιι
713 3212 844 3268 accondit
866 3210 953 3265 habet
976 3213 1006 3266 et
1028 3214 1157 3269 ascendit
1180 3215 1275 3270 dnrins
1294 3217 1422 3285 sonabat,

121 3289 271 3347 intervenit
287 3309 306 3362 p
324 3291 421 3347 littera
435 3293 551 3362 Iunius,
566 3293 699 3362 qnoniam
713 3297 743 3348 ιι
755 3291 886 3348 accondit
903 3292 1022 3346 habetur
1035 3295 1065 3346 et
1080 3294 1214 3350 abcondit
1231 3294 1327 3350 durius
1342 3311 1423 3350 sona·

120 3369 179 3441 bat,
198 3372 349 3427 intervenit
367 3390 380 3427 s
399 3372 496 3427 littera
513 3373 694 3428 Scbneidmra
711 3389 824 3442 gramm.
844 3372 891 3426 tar.
909 3388 934 3426 ι.
955 3373 975 3424 Ι
987 3389 1018 3441 p.
1033 3376 1091 3427 221
1111 3378 1136 3426 ιι
1154 3378 1216 3430 631.
1245 3375 1422 3443 quoniamst

121 3450 250 3506 accondit
270 3453 311 3506 orl
333 3452 447 3507 acondit
468 3452 554 3507 hebet
575 3452 725 3505 coniecerat
748 3450 889 3505 Senarus.
931 3451 1029 3506 hiabat
1050 3453 1163 3521 scripsi,
1190 3459 1221 3508 at
1248 3456 1417 3511 contrariam

121 3536 182 3585 acet
199 3532 225 3586 ci
242 3533 315 3600 qaod
331 3524 419 3600 sopra
436 3533 540 3586 dictum
557 3536 616 3585 erat
634 3530 664 3584 in
677 3530 816 3586 unitatem
830 3531 967 3586 concessit
1032 3535 1048 3585 ι
1069 3530 1102 3587 dc
1117 3549 1174 3601 qua
1187 3531 1339 3604 scriptione
1353 3542 1421 3590 -9

122 3610 201 3678 perb
218 3610 343 3666 scribunt
356 3615 498 3680 p.73,12
518 3610 616 3666 ὅσιαι.
633 3628 662 3680 p.
676 3615 725 3677 27,
739 3614 756 3664 3
825 3617 840 3666 6
859 3610 935 3680 apud
948 3627 998 3665 nos
1011 3611 1025 3664 t
1037 3610 1162 3666 litteram
1176 3615 1277 3668 sonant
1290 3613 1326 3684 R,
1344 3615 1420 3686 apud

121 3705 168 3744 nos
190 3691 222 3742 Ψ
236 3689 361 3745 litteram
380 3693 481 3746 sonant
499 3692 604 3745 Iuniam
692 3696 709 3745 8
727 3689 980 3761 pronuntiauerunt
996 3710 1046 3762 per
1063 3713 1079 3762 χ
1098 3693 1224 3748 litteram
1243 3698 1368 3750 constare
1388 3692 1420 3750 ἐκ

122 3769 170 3823 τοῦ
194 3770 301 3832 πίονος.
339 3769 394 3824 aad
417 3770 466 3839 qui
489 3770 591 3841 origini
607 3770 756 3825 verborum
780 3768 938 3839 propriores
956 3775 1033 3841 snnt,
1052 3774 1168 3828 verbum
1187 3774 1324 3830 scribunt:
1344 3777 1374 3830 ιι
1390 3775 1421 3827 in

122 3864 152 3904 eo
177 3849 255 3919 qnod
279 3851 323 3904 ιιι
346 3850 473 3920 appello,
498 3850 574 3919 qnod
599 3850 719 3905 altarum
745 3849 783 3903 sit
814 3865 885 3905 naue
910 3852 1090 3922 appellantis,
1119 3854 1196 3909 aliud
1223 3856 1304 3911 serbi
1329 3873 1421 3925 causa,

121 3929 266 3997 pecuniam
284 3929 460 4000 appellantes
478 3929 506 3985 R
587 3930 637 3984 sed
655 3930 704 3999 qui
722 3930 823 4001 origini
842 3931 991 3988 verborum
1008 3932 1151 4001 proniores
1168 3936 1209 3990 oet
1226 3937 1420 4007 propensiores

123 4012 185 4064 aunt
201 4011 316 4064 coarcat
340 4009 539 4066 thmonrsss‘ua
557 4011 590 4066 de
613 4009 1033 4081 Varr.libr.9ramm.p.178.
1071 4013 1120 4067 sed
1137 4014 1185 4083 qni
1203 4016 1340 4087 originem
1358 4035 1418 4073 ver-

121 4087 217 4145 boram
235 4089 377 4160 propriam
394 4091 549 4160 respiciunt
564 4091 676 4159 scripsi,
694 4107 748 4160 qao
764 4093 844 4148 verbo
861 4109 928 4148 acus
946 4098 985 4148 eet
998 4093 1111 4164 conpos
1127 4111 1155 4163 p.
1166 4099 1239 4162 58,9
1258 4100 1324 4152 ante
1343 4098 1418 4153 enim

121 4169 256 4240 respicere
274 4169 415 4226 debebant
430 4177 456 4226 ct
469 4189 499 4241 p.
514 4176 591 4238 81,9
610 4165 787 4240 antiqnormn
807 4173 977 4230 consuetudo
996 4173 1170 4244 respicienda
1188 4179 1232 4230 est
1299 4183 1314 4231 9
1334 4194 1384 4247 par
1402 4177 1421 4231 b

122 4251 257 4318 scribunt,
279 4252 309 4304 ιι
331 4250 360 4305 in
383 4267 416 4305 eo
436 4249 511 4319 qnod
534 4252 577 4305 est
598 4248 710 4320 appello
730 4251 886 4310 Patrobios.
932 4254 1060 4309 lacunam
1083 4256 1218 4310 indicavit
1241 4255 1422 4312 Schneiderua

121 4345 231 4397 mamm.
255 4329 303 4383 lat.
326 4346 350 4384 o.
376 4331 398 4382 I
414 4346 453 4399 μ·
471 4334 532 4385 631.
571 4335 681 4400 pram
701 4335 930 4403 praepositionem
952 4334 988 4389 ad
1012 4340 1114 4402 autem,
1142 4336 1180 4390 ad
1201 4352 1284 4404 pacm
1301 4352 1333 4391 ca
1351 4353 1421 4405 qaae

121 4413 271 4479 οιᾳιιιιιιιιιν
292 4409 446 4478 pertineat,
471 4409 504 4464 de
526 4408 555 4464 in
573 4415 778 4482 praepositione
799 4415 849 4469 boc
871 4415 928 4469 loco
951 4414 1053 4469 dixisse
1070 4415 1179 4469 videtur
1197 4415 1318 4484 Longae,
1341 4432 1418 4484 quem

122 4493 227 4543 ιιοοιιιιι
249 4493 288 4543 eat
310 4487 483 4557 Papirianae
504 4492 581 4558 apud
605 4490 809 4548 Cassiodoriarm
828 4511 857 4562 p.
877 4497 956 4550 2293
1046 4499 1079 4546 12
1103 4496 1135 4548 ot
1157 4494 1175 4548 b
1200 4492 1297 4547 littera
1315 4492 1419 4548 omissa

122 4584 139 4638 p
164 4568 301 4639 geminet,
330 4568 364 4622 nt
391 4567 429 4621 ab
460 4585 493 4622 ιο
520 4569 594 4636 quod
619 4570 663 4624 est
690 4575 785 4642 paret,
815 4574 944 4642 apparet:
976 4573 1006 4628 et
1032 4572 1062 4627 in
1092 4589 1124 4627 eo
1153 4572 1228 4642 quod
1255 4576 1300 4629 est
1332 4576 1423 4646 ponit,

123 4648 251 4721 opponit,
279 4649 309 4702 ιι
338 4647 441 4717 pungit
465 4649 603 4718 oppungit
628 4649 664 4707 It.
703 4655 736 4707 nt
764 4652 783 4706 d
812 4651 908 4707 littera
940 4653 1043 4707 omissa
1072 4657 1097 4707 et
1126 4653 1223 4709 deinde
1254 4656 1371 4726 apponit
1397 4659 1422 4709 ιι

123 4728 263 4799 appnngit
288 4729 464 4784 restituerant
487 4726 620 4784 Snnlcros
647 4734 672 4784 er
694 4730 875 4788 set-namna
988 4739 1020 4788 13
1046 4734 1078 4786 ιιι
1102 4733 1139 4787 ab
1164 4750 1198 4789 eo
1222 4739 1336 4805 atroque
1364 4735 1421 4790 icco

123 4807 303 4866 Scbmciderae
690 4841 693 4846 -
