3316 5474
226 410 269 474 58
763 410 995 467 vnnntonct

224 520 246 558 p.
260 511 320 550 2222.
334 511 360 550 23
373 510 398 549 P.

225 595 275 654 illo
298 593 385 655 modo
409 597 438 655 in
463 604 591 674 utroque
614 613 739 655 numero
760 594 936 677 scribamus,
959 615 1026 657 cnm
1050 596 1142 657 multa
1159 596 1215 658 alia
1234 614 1353 677 quoque
1371 597 1459 660 nobis
1478 617 1528 660 ex·

225 700 378 780 cogitanda
402 703 474 780 sint,
500 704 526 762 si
549 702 672 762 velimus
695 701 864 763 diversitate
885 704 1058 783 scriptionis
1081 702 1302 783 ambiguitatem
1326 723 1448 787 casuupn
1473 726 1527 767 nu-

228 825 437 887 merorumque
461 807 640 869 discernere.

313 914 511 974 Transeamus
538 932 618 974 nnnc
646 915 681 975 ad
705 931 728 975 v
752 914 894 976 litteram:
921 934 936 975 a
964 916 1114 996 plerisque
1142 919 1332 996 superiorum
1359 919 1528 997 primitivus

145 1051 148 1056 Δ
225 1019 259 1082 et'
277 1019 432 1100 adoptivus
455 1029 486 1081 et
508 1022 705 1081 nominativus
728 1040 817 1100 perv
840 1030 870 1081 et
889 1040 907 1080 n
931 1024 1041 1101 scripta
1064 1032 1144 1105 sunt,
1163 1022 1276 1084 scilicet
1300 1027 1369 1103 quia
1392 1023 1553 1085 sciebanta

225 1127 340 1188 vocales
362 1129 441 1188 inter
464 1146 496 1188 se
519 1130 559 1188 ita
583 1126 724 1188 conlundi
749 1145 808 1187 non
832 1145 933 1207 posse,
961 1136 995 1187 ut
1017 1146 1106 1188 unam
1129 1128 1268 1208 syllabam
1296 1126 1385 1208 [uon]
1410 1131 1528 1211 iaciant,

224 1242 405 1314 apparetque
424 1252 475 1294 eos
494 1234 550 1294 boc
568 1252 663 1313 gentas
682 1235 834 1294 nominum
854 1232 939 1293 alitor
958 1236 1122 1315 scripsisse,
1143 1235 1229 1296 aliter
1247 1239 1427 1298 enuntiasse,
1458 1254 1528 1297 narn

224 1358 293 1400 cum
311 1358 366 1419 per
383 1358 401 1399 o
420 1338 595 1419 scriberent,
618 1357 672 1418 per
690 1358 710 1399 u
729 1348 828 1400 tamen
848 1339 1047 1401 enuntiabant.
1084 1340 1136 1400 sed
1156 1343 1230 1401 ratio
1250 1341 1315 1402 illos
1336 1350 1527 1421 praesumpta

224 1446 349 1526 decepit.
394 1454 461 1505 ante
485 1448 564 1505 enim
588 1447 737 1524 respicere
761 1443 916 1525 debebant,
939 1464 975 1505 an
1000 1445 1054 1505 liae
1078 1445 1153 1507 duae
1177 1447 1293 1507 vocales
1316 1457 1425 1509 essent
1473 1447 1526 1508 sed

223 1570 292 1614 cum
316 1554 346 1611 in
370 1554 524 1631 superiore
543 1551 740 1631 disputatione
764 1550 1064 1613 demonstraverimus
1085 1572 1102 1611 v
1124 1554 1234 1613 totiens
1256 1556 1449 1615 consonantis
1467 1556 1527 1614 vim
1543 1574 1569 1612 ιο

224 1657 343 1737 babere,
366 1659 504 1736 quotiens
527 1676 582 1736 pro
606 1675 641 1716 eo
664 1659 795 1738 ponitur,
819 1657 896 1735 quod
920 1657 997 1736 apud
1021 1656 1149 1718 Graecos
1173 1659 1282 1719 dicitur
1304 1658 1460 1740 digamma,
1483 1661 1528 1720 ni·

224 1763 263 1839 bil
288 1772 366 1824 vetat
388 1763 436 1823 bic
460 1782 578 1842 quoque
603 1773 715 1824 tantum
740 1765 870 1843 speciem
893 1782 910 1822 v
933 1762 1047 1823 litterae
1072 1763 1319 1845 animadvertere,
1347 1769 1403 1826 sed
1428 1773 1528 1826 tannen

223 1870 308 1931 aliam
338 1878 524 1949 potestatem.
569 1873 612 1931 sic
643 1872 840 1931 nominativus
871 1870 944 1930 duas
976 1870 1095 1949 quidem
1122 1891 1139 1931 v
1169 1869 1283 1931 litteras
1311 1870 1444 1953 babebit,
1475 1871 1528 1932 sed

119 2055 123 2062 .
223 1979 353 2055 priorem
381 1994 436 2055 pro
465 1985 660 2056 consonante,
688 1979 885 2056 posteriorem
913 1995 967 2056 pro
992 1977 1084 2037 vocali
1111 1977 1224 2038 scilicet
1251 1980 1386 2057 positam.
1432 1996 1528 2056 aeque

216 2082 258 2142 ab
287 2081 398 2143 eisdem
426 2100 521 2160 equus
551 2081 688 2161 [equum]
717 2102 771 2162 per
795 2102 810 2141 v
834 2092 864 2142 et
887 2101 904 2140 o
928 2085 1058 2163 scriptus
1085 2091 1144 2163 est,
1172 2091 1202 2144 et
1230 2087 1396 2165 quaeritur,
1424 2092 1528 2145 utrum
1544 2103 1572 2143 rs

223 2205 277 2267 per
299 2206 392 2248 unum
411 2207 428 2248 ο
446 2205 482 2247 an
506 2206 560 2267 per
580 2188 584 2265 Ι
605 2189 663 2249 duo
688 2186 793 2248 debeat
817 2186 915 2248 scribi.
957 2189 1008 2249 sed
1032 2192 1204 2269 priusquam
1225 2189 1261 2250 de
1283 2190 1339 2250 boc
1363 2189 1530 2272 loquamur,

222 2314 240 2354 v
262 2294 392 2354 litteram
415 2294 561 2373 digamma
583 2313 649 2355 esse
673 2295 822 2355 interdum
845 2312 904 2354 non
929 2302 1042 2355 tantum
1062 2297 1092 2355 in
1111 2295 1158 2355 bis
1181 2295 1323 2357 debemus
1346 2296 1529 2357 animadver-

223 2409 301 2481 tere,
329 2402 360 2460 in
384 2399 493 2480 quibus
517 2410 601 2462 sonat
624 2421 691 2462 cum
719 2400 815 2480 aliqua
844 2400 1055 2481 adspiratione,
1083 2409 1117 2461 ut
1139 2404 1170 2461 in
1193 2401 1307 2462 valente
1330 2410 1361 2462 et
1384 2401 1476 2464 ritulo
1499 2412 1531 2465 et

225 2508 375 2586 primitivo
394 2516 424 2568 et
446 2509 592 2588 genetivo,
615 2508 666 2569 sed
690 2493 778 2569 etiam
802 2509 832 2567 in
856 2506 902 2567 bis
926 2506 1089 2586 inquibus
1113 2525 1180 2568 cnm
1203 2526 1222 2582 q
1246 2507 1368 2568 confusa
1392 2508 1464 2570 baec
1483 2510 1530 2571 lit·

225 2622 289 2674 tera
312 2622 367 2694 est,
389 2624 423 2675 ut
445 2617 476 2675 in
500 2633 535 2675 eo
559 2615 637 2694 qnod
662 2624 709 2676 est
732 2617 807 2694 quis.
844 2633 911 2674 nam
934 2615 961 2673 si
983 2616 1102 2673 omnino
1126 2614 1199 2673 baec
1222 2613 1329 2673 voeatis
1348 2623 1437 2696 esset,
1460 2634 1528 2695 pro·
1543 2635 1572 2675 ao

311 2803 402 2858 Codex
420 2804 567 2858 Parrhasii
617 2803 709 2859 latia
727 2821 798 2873 quae
816 2802 897 2857 nobis
980 2800 1193 2856 tdineraitates
1212 2800 1373 2871 scriptionis
1458 2810 1529 2859 lac

221 2880 361 2950 plerisque
375 2899 537 2952 superorum
556 2882 715 2952 primitium
729 2887 759 2938 et
772 2884 921 2954 adoptiuus
940 2882 996 2970 ista
1013 2880 1127 2936 nomina
1144 2898 1194 2950 per
1212 2899 1231 2934 ιι
1245 2883 1304 2936 eto
1382 2886 1416 2935 12
1434 2883 1529 2951 specie

223 2964 264 3001 ant

221 3030 259 3083 qn
282 3011 380 3087 litterp
400 3013 433 3069 0:
462 3017 512 3070 aut
537 3032 670 3085 capuan.
694 3033 708 3071 e
815 3017 1037 3071 animaduertere
1068 3016 1165 3068 temen
1187 3013 1273 3068 ubam
1295 3015 1466 3084 potestatem
1490 3020 1529 3071 sit

222 3091 411 3150 nominatinus
429 3095 498 3152 duas
517 3115 628 3168 qnoque
647 3117 666 3152 n
683 3099 793 3153 litteras
867 3103 900 3150 14
918 3095 1042 3164 positam
1057 3097 1143 3162 atque
1157 3093 1192 3146 ab
1212 3093 1303 3147 eidem
1317 3108 1406 3161 equus
1424 3110 1529 3162 equum

221 3190 272 3242 per
290 3191 308 3226 n
327 3177 390 3229 eto
464 3184 565 3247 lllpcr
584 3195 723 3233 nnuman
813 3177 861 3231 sed
880 3172 1053 3246 priusquam]
1080 3175 1109 3226 et
1128 3172 1291 3241 priusquam
1384 3181 1416 3228 19
1434 3175 1466 3228 in
1484 3173 1529 3228 bis

224 3251 324 3320 quibua
343 3255 457 3311 confusa
476 3259 545 3313 baec
564 3258 660 3312 littera
678 3261 722 3312 est
739 3257 768 3311 in
787 3274 820 3311 eo
892 3262 926 3310 2ο
944 3253 1015 3309 haec
1032 3252 1138 3308 uocalis
1157 3255 1199 3306 est
1217 3272 1236 3306 u
1254 3253 1351 3321 procul
1370 3253 1456 3308 dubio

312 3429 328 3476 2
347 3423 525 3481 diuersitates
543 3426 700 3495 scriptionis
714 3425 755 3492 tt,
774 3423 937 3478 diversitate
952 3421 1110 3491 scriptionis
1124 3420 1302 3476 Suerdsioeres
1315 3422 1417 3475 vindic.
1433 3438 1528 3490 proce.

222 3502 337 3558 Bentlei.
352 3510 433 3571 1224
505 3511 521 3558 4
540 3521 557 3558 a
574 3503 714 3573 plerisque
730 3533 762 3540 -
776 3508 808 3555 14
822 3519 874 3571 pro
892 3501 982 3556 vocali
1000 3501 1108 3556 scilicet
1125 3501 1248 3570 positam
1266 3518 1294 3569 p.
1312 3506 1359 3567 66,
1373 3505 1414 3556 22
1443 3501 1529 3570 Popi-

223 3583 323 3634 rr'anoe
341 3584 418 3650 opud
437 3585 641 3639 Cossiodoaium
654 3601 685 3651 p.
705 3588 786 3638 2292
865 3597 898 3634 ac
920 3579 1060 3649 plerisque
1084 3579 1258 3649 superiorum
1280 3578 1310 3633 in
1328 3577 1481 3647 primitinis
1500 3583 1530 3634 et

221 3659 362 3728 adoptinis
381 3661 436 3716 ista
453 3662 568 3717 nomina
585 3679 635 3731 per
654 3680 672 3715 ιι
691 3664 721 3716 et
738 3678 754 3715 o
774 3660 879 3729 scripta
897 3662 961 3713 sunt
979 3659 1015 3712 R.
1050 3658 1105 3713 Sed
1123 3658 1220 3713 Velius
1239 3658 1354 3728 Longus
1372 3675 1423 3728 per
1440 3661 1529 3716 ratio·

224 3754 287 3792 nem
306 3745 516 3811 praesumptam
535 3741 627 3810 decipi
646 3758 694 3795 eos
711 3744 806 3810 putat,
825 3740 875 3808 qui
894 3738 1052 3808 primitivus
1071 3742 1101 3793 et
1118 3738 1267 3807 adoptivus
1287 3742 1316 3793 et
1338 3740 1528 3797 nominativus

221 3819 251 3871 et
268 3817 327 3871 alia
344 3836 394 3888 per
412 3839 431 3874 ιι
449 3824 478 3876 et
496 3837 513 3875 ο
532 3821 656 3876 scribant
674 3822 846 3890 Papirianae
942 3824 958 3871 5
984 3819 1099 3883 lbrtossc
1117 3819 1184 3887 quia
1202 3818 1328 3872 sciebant
1345 3819 1458 3873 easdem
1477 3823 1530 3889 (vel

222 3895 337 3966 similes)
356 3900 467 3956 vocales
486 3900 559 3954 inter
573 3917 602 3953 se
621 3899 662 3954 ita
676 3898 808 3954 conlundi
822 3915 878 3952 non
891 3914 987 3967 posse:
1006 3897 1041 3964 cs.
1057 3897 1203 3965 Papirion.
1217 3900 1235 3953 l.
1251 3914 1272 3952 c.
1298 3899 1399 3969 vulgus
1418 3899 1529 3953 vultum

222 3993 340 4044 parvum
359 3980 471 4034 torvum
490 3983 556 4034 sunt
574 3979 623 4049 qui
640 3983 743 4048 putant
760 3997 810 4048 per
828 3978 883 4033 dno
903 3997 920 4032 n
939 3979 1023 4033 scribi
1040 3996 1095 4033 non
1114 3979 1228 4046 debere,
1246 3979 1313 4046 quia
1331 3977 1430 4034 similis
1445 3996 1528 4034 voca·

222 4054 258 4109 lis
276 4057 369 4111 vocali
387 4059 519 4116 adiuncta
537 4077 593 4114 non
612 4060 703 4114 solnm
721 4077 777 4114 non
796 4058 955 4125 cohaereat,
975 4058 1024 4112 sed
1042 4058 1128 4112 etiam
1147 4058 1284 4126 syllabam
1298 4062 1415 4128 augeat,
1433 4065 1467 4114 ut
1485 4063 1529 4115 est

222 4151 327 4189 vacuus
345 4143 392 4192 etc.
420 4158 486 4196 nam
503 4143 553 4197 boc
570 4145 638 4194 certe
655 4140 704 4192 hoe
722 4139 778 4192 loeo
792 4137 906 4207 Louqus
923 4139 1023 4205 uoluit,
1041 4155 1097 4192 non
1115 4139 1187 4207 qnod
1207 4136 1254 4198 ‘in
1272 4140 1413 4206 superiore
1430 4140 1528 4208 dspo-

221 4215 335 4269 tnte'ortc'
351 4235 382 4286 p.
397 4224 474 4287 49,3
491 4223 595 4275 dictum
613 4223 684 4283 erat,
703 4233 856 4284 numquam
875 4217 944 4271 duas
962 4218 1072 4274 vocales
1092 4217 1165 4270 coire
1185 4218 1290 4270 utnon
1308 4217 1424 4288 longam
1442 4220 1528 4289 sylla-

221 4294 286 4348 bam
305 4294 418 4354 l'aciant.
494 4307 526 4355 12
547 4298 666 4369 speciem
686 4295 797 4349 litterae
812 4294 1045 4362 animaduertere;
1065 4296 1114 4351 sed
1133 4297 1228 4348 tamen
1243 4292 1328 4348 aliam
1346 4299 1526 4366 potestatem.

222 4373 247 4426 si
265 4373 304 4427 sit
321 4378 511 4435 nominatione
530 4379 599 4433 duas
619 4392 729 4445 quoque
748 4392 767 4427 u
784 4373 894 4429 litteras
912 4375 1030 4431 habebit
1046 4376 1074 4428 R
1161 4380 1193 4427 13
1213 4372 1254 4428 sic
1272 4376 1474 4452 nominativus]
1494 4397 1529 4434 ao

221 4453 261 4506 sic
279 4453 339 4508 ficri
357 4460 390 4511 ut
407 4458 596 4513 nominativus
614 4457 683 4510 duas
702 4454 814 4524 quidem
834 4471 851 4506 v
869 4453 980 4509 litteras
999 4455 1102 4509 habeat
1123 4453 1297 4521 Papirianae
1388 4464 1421 4511 14
1441 4462 1528 4528 atque

221 4533 257 4585 ab
275 4533 381 4588 eisdem
399 4553 505 4606 aequus
522 4555 574 4607 per
591 4554 610 4589 u
629 4538 658 4588 et
675 4551 692 4588 0
711 4540 735 4588 et
754 4535 817 4586 item
831 4538 927 4601 postea
945 4551 1035 4603 aequo
1054 4552 1159 4602 aequus
1179 4534 1263 4602 aequi
1281 4551 1370 4603 aequo
1385 4554 1440 4604 pro
1454 4554 1528 4606 equo

221 4628 310 4679 equus
329 4614 394 4682 equi
413 4633 485 4684 equo
503 4616 531 4670 R
604 4621 637 4668 16
656 4630 808 4683 perunum
828 4628 864 4664 an
882 4629 932 4681 per
951 4612 1006 4667 duo
1026 4613 1127 4667 debeat
1146 4612 1237 4667 scribi.
1266 4614 1305 4666 nt
1321 4613 1485 4684 priusquam
1499 4618 1528 4672 R

278 4694 310 4743 19
328 4690 357 4744 in
376 4691 421 4745 his
439 4694 540 4761 quibus
554 4692 670 4748 confusa
683 4693 752 4745 baec
766 4692 862 4745 littera
877 4693 933 4758 est,
952 4690 981 4744 in
996 4707 1029 4744 eo
1044 4690 1119 4759 quod
1137 4691 1266 4760 estquis.
1294 4709 1360 4747 nam
1375 4693 1400 4747 si
1413 4697 1526 4750 omnino

220 4768 289 4822 baec
310 4769 415 4823 vocalis
434 4773 476 4824 est
495 4790 512 4824 v
531 4770 731 4841 proculdubio
750 4770 819 4824 baec
837 4770 948 4838 syllaba
964 4771 1050 4839 longa
1068 4770 1142 4823 esset
1159 4769 1187 4823 R
1277 4787 1341 4824 cum
1360 4791 1379 4840 q
1398 4773 1525 4845 confusa]

228 4865 256 4918 p.
276 4851 350 4914 19,1
371 4847 411 4902 ibi
429 4864 553 4918 quoqne,
572 4849 620 4904 ubi
638 4867 701 4904 cum
719 4850 815 4905 littera
833 4867 851 4918 q
870 4849 986 4904 contusa
1004 4853 1061 4917 est,
1080 4848 1137 4904 vim
1156 4850 1334 4907 consonantis
1351 4849 1439 4907 babet
