3316 5474
531 330 705 387 EXEMPLA
726 331 993 389 ELOCVTIONVM

110 447 131 484 p.
146 432 191 470 scr.
206 432 245 471 aas
259 430 286 471 n.

312 527 350 577 tu
375 525 517 578 secreta
540 536 661 598 pyram
686 527 782 579 tecto
806 521 984 579 interiore
1008 519 1073 580 sub
1097 538 1202 580 auras

313 626 411 703 erige
436 672 441 684 .

110 729 165 791 sub
193 731 269 791 hanc
297 749 361 791 rem
384 750 438 811 pro
461 747 515 811 per
542 731 617 793 hanc
642 750 719 814 rem,
748 731 832 812 Verg.
856 733 927 794 Aen.
951 733 963 793 1
986 729 1085 814 (662)
1113 743 1149 794 11
1178 732 1243 794 sub
1272 743 1412 795 noctem

109 856 194 899 cura
221 847 401 920 rectvrsat,
429 838 488 900 Cic.
512 837 549 898 de
577 837 664 899 domo
691 835 792 922 (5,1!)
819 840 1037 902 frumentum
1065 843 1291 922 provinciae,
1318 840 1411 920 quod

81 946 250 1024 agratius
274 954 371 1007 esset
394 964 471 1007 cum
495 948 572 1026 ipsa
595 947 685 1007 lame
704 946 934 1028 subvenisse,
957 948 1135 1009 custodiis
1153 950 1230 1009 suis
1249 947 1410 1009 clausum

109 1051 360 1135 continebant,
383 1062 422 1115 ut
445 1053 509 1115 sub
533 1071 659 1114 novum
684 1056 875 1116 mitterent
899 1103 905 1116 .
930 1054 986 1116 sub
1009 1054 1063 1117 bac
1087 1074 1199 1134 repro
1222 1074 1315 1136 prope
1334 1056 1410 1117 banc

108 1178 185 1241 rem,
208 1159 293 1239 Verg.
317 1179 397 1239 geor.
421 1160 474 1221 1111
497 1156 598 1242 (499)
620 1161 897 1243 Eurydicenque
921 1181 1019 1224 suam
1042 1165 1109 1224 iam
1132 1162 1212 1224 luce
1240 1163 1305 1224 sub
1333 1166 1410 1243 ipsa

108 1269 300 1347 respexit.
324 1266 380 1328 sub
408 1267 486 1329 illam
515 1286 579 1329 rem
607 1270 717 1350 coegit,
745 1268 830 1348 Verg.
858 1269 930 1330 Aen.
954 1268 1004 1329 Vll
1031 1266 1105 1349 (43)
1134 1278 1318 1348 totamque
1346 1268 1411 1330 sub

108 1392 202 1435 arma
230 1383 387 1436 coactam
416 1375 626 1455 Hesperiam
654 1422 661 1435 .
689 1373 745 1436 sub
773 1374 853 1436 illam
886 1394 950 1436 rem
981 1378 1120 1457 removit,
1153 1375 1210 1437 Sal.
1239 1376 1307 1438 hist
1335 1376 1347 1436 1
1377 1385 1412 1438 11

68 1483 287 1542 ostationes
311 1481 376 1543 sub
400 1484 523 1543 vineas
545 1481 778 1544 removebat.
797 1481 854 1544 sub
876 1482 931 1544 bac
955 1502 988 1544 re
1010 1503 1043 1545 se
1066 1482 1175 1545 subicit
1198 1502 1252 1564 pro
1276 1482 1332 1545 sub
1355 1484 1409 1545 bac

106 1605 140 1648 rc
163 1590 285 1669 crescit,
308 1587 392 1668 Verg.
416 1606 496 1667 geor.
519 1588 546 1650 ll
568 1584 639 1670 (18)
985 1679 995 1740 l

999 1698 1108 1742 aurns

317 1802 425 1864 parva
448 1785 513 1846 sub
536 1786 678 1865 ingenti
701 1787 826 1848 matris
849 1805 886 1847 se
910 1785 1046 1848 subicit
1069 1786 1200 1849 umbra.

106 1889 162 1952 sub
195 1890 273 1952 illam
305 1909 369 1952 rem
401 1891 543 1973 locatum,
575 1910 650 1953 nove
679 1891 736 1953 Sal.
763 1892 832 1955 hist.
864 1892 919 1954 llll
950 1892 1044 1955 dolia
1080 1913 1156 1955 cum
1189 1894 1254 1956 sub
1287 1894 1409 1958 trabes

66 1997 221 2059 11111111
246 1997 381 2059 vitibus
404 2010 464 2060 aut
487 2001 601 2078 tergis
624 1998 840 2062 vinciebant.

195 2104 370 2185 Subpeditat
393 2106 448 2167 bac
472 2125 518 2186 re,
541 2105 601 2167 Cic.
625 2105 774 2168 Siciliensi
796 2110 843 2180 (in
869 2109 954 2170 Verr.
979 2110 1018 2169 II
1031 2109 1097 2184 2,5)
1122 2110 1250 2190 coriis,
1273 2111 1410 2171 tunicis

106 2213 358 2292 frumentoque
369 2212 588 2293 subpeditat
602 2212 793 2294 subpeditare
804 2213 846 2275 illi
856 2214 1005 2276 sumtibus
1015 2215 1259 2297 volo,'ler.lleau.
1270 2218 1409 2292 (vast)

270 2338 347 2379 nam
372 2321 401 2380 si
425 2319 480 2381 illi
503 2338 614 2400 pergo
637 2320 873 2401 suppeditare
897 2320 984 2400 [illis]
1008 2321 1212 2403 sumptibus
1237 2371 1243 2383 .
1423 2397 1426 2410 ⁸

106 2424 280 2506 subpeditor
304 2427 358 2487 bac
382 2446 428 2509 re,
451 2427 511 2489 Cic.
535 2430 566 2488 in
589 2426 671 2489 Catil.
695 2420 872 2504 11(11,25)
896 2428 956 2490 sed
981 2432 1011 2490 si
1034 2432 1179 2491 omissis
1207 2431 1262 2491 bis
1286 2431 1409 2513 rebus,

68 2532 240 2612 inquibus
263 2552 327 2594 uos
350 2532 638 2615 subpeditamur,
661 2542 744 2613 eget
766 2533 828 2595 1111
851 2583 858 2595 .

195 2638 284 2700 Satur
302 2639 380 2701 illius
399 2644 459 2715 rei,
483 2640 550 2701 Ter.
569 2638 650 2700 ridel.
670 2640 718 2713 (V
732 2641 796 2716 1,3)
819 2651 1008 2721 postquam
1031 2644 1131 2705 intus
1155 2663 1230 2705 sum
1254 2647 1409 2706 omnium

104 2765 224 2809 rerum
261 2756 362 2809 satur
394 2795 401 2808 .
434 2755 584 2809 saturatus
619 2746 699 2807 illam
732 2765 808 2829 rem,
845 2747 929 2828 Verg.
962 2749 1034 2811 Aen.
1067 2750 1090 2808 V
1123 2752 1220 2826 (608)
1258 2751 1408 2813 necdum

104 2857 289 2935 antiquum
314 2863 474 2916 saturata
497 2853 660 2915 dolorem
684 2902 691 2914 .
714 2862 863 2915 saturatus
891 2854 939 2916 illa
966 2873 1016 2936 re,
1044 2856 1122 2917 idem
1145 2859 1217 2918 Aen.
1241 2857 1291 2918 Vll
1314 2859 1407 2933 (298)

104 2963 198 3024 odiis
221 2972 281 3023 aut
304 2969 512 3023 exsaturata
536 2963 659 3041 quievi
683 2954 715 3044 ,Ι

63 3087 90 3129 ss
193 3069 297 3158 Sciens
311 3069 401 3130 huius
415 3071 473 3149 rei,
489 3068 544 3129 Sal.
561 3071 680 3130 sciens
699 3067 839 3152 borum,
852 3069 932 3131 idem
946 3069 1013 3133 hist.
1029 3072 1055 3132 ll
1070 3070 1158 3133 belli
1173 3091 1256 3133 sane
1277 3074 1406 3135 sciens.

104 3179 160 3237 scit
182 3176 246 3236 illas
270 3195 332 3259 res,
356 3176 440 3256 Verg.
465 3177 535 3237 den.
559 3175 613 3236 XII
637 3174 732 3249 (396)

193 3314 284 3369 Codes
302 3314 449 3368 Parrlmsii
486 3311 683 3367 tintsriorem
705 3326 774 3366 corr.
794 3341 827 3352 -
846 3329 877 3366 re
956 3315 1052 3386 auras]
1076 3317 1153 3370 atras
1234 3324 1321 3386 3pro
1344 3320 1406 3388 per]

103 3410 191 3463 prope
264 3400 349 3463 tpro
368 3410 417 3448 orn.
495 3390 736 3461 tEuridicenque
819 3399 852 3448 10
871 3410 900 3447 11
919 3392 1033 3464 subicit]
1052 3394 1170 3450 subiecit
1253 3402 1286 3451 15
1304 3398 1405 3470 tergis]

102 3475 182 3545 tirgis
255 3475 392 3529 talioni.
465 3478 499 3526 20
518 3472 931 3541 subpeditamuscorr.-mur
1000 3473 1155 3529 21111111.
1224 3482 1258 3529 22
1274 3476 1338 3549 Vll]
1354 3478 1405 3532 llll

138 3561 173 3609 21
187 3554 360 3625 exsaturata]
376 3555 523 3608 exsaturata
536 3569 605 3608 corr.
616 3554 777 3608 exsaturata
840 3560 874 3609 211
888 3552 957 3608 belli
971 3569 1038 3608 sane
1053 3553 1155 3627 sciens]
1170 3556 1273 3612 bellica
1282 3558 1406 3614 nesciens

190 3696 206 3744 3
226 3689 277 3744 sub
295 3690 368 3743 hanc
387 3705 445 3742 rem
463 3705 514 3759 pro
528 3705 578 3757 per
591 3687 664 3742 banc
676 3688 748 3759 rem]
767 3688 802 3756 cf.
819 3685 908 3740 Prisc.
923 3686 940 3740 1.
957 3684 1010 3738 XI
1014 3683 1040 3738 V
1046 3702 1077 3754 p.
1093 3689 1128 3739 54
1148 3703 1198 3757 pro
1217 3704 1267 3758 per
1285 3691 1405 3758 noctem,

101 3769 175 3824 Serv.
196 3771 227 3823 ia
252 3770 328 3839 Verq.
348 3772 364 3825 l.
385 3788 406 3825 o.
426 3768 493 3837 quia
511 3767 733 3823 vehementiores
756 3784 838 3822 curae
861 3765 907 3820 vel
929 3765 1005 3820 circa
1027 3765 1137 3818 noctem
1162 3766 1207 3820 vel
1224 3784 1275 3836 per
1292 3772 1404 3824 noctem

101 3852 167 3904 sunt
247 3855 264 3902 4
282 3848 452 3904 trumentum
475 3847 637 3918 provinciae
662 3847 861 3904 frumentariae
879 3844 984 3916 partim
1002 3862 1057 3900 non
1075 3845 1231 3913 habebant,
1253 3849 1357 3916 partim
1375 3849 1404 3903 iu

101 3930 171 3985 11111
188 3931 291 3997 terras,
310 3931 392 3985 credo
407 3930 522 4000 propter
536 3928 702 3983 varietatem
716 3926 905 3996 venditorum,
923 3925 1070 3992 miseram,
1088 3925 1205 3995 partim,
1224 3942 1278 3995 quo
1297 3928 1404 3997 gratian

101 4013 174 4066 esset
191 4014 266 4077 tum,
290 4027 353 4064 cum
373 4010 401 4064 in
421 4010 482 4080 ipsa
499 4008 574 4063 fame
597 4006 803 4072 subvenissent,
830 4005 963 4062 custodiis
986 4005 1042 4060 suis
1065 4005 1191 4060 clausum
1214 4007 1404 4077 continebant,

101 4096 134 4146 ut
160 4090 253 4146 subito
282 4107 384 4145 novum
412 4089 558 4144 mitterent
580 4088 673 4143 Cicero
763 4093 797 4141 14
820 4086 896 4141 dolia
919 4084 970 4140 sub
994 4087 1088 4141 trabes
1110 4086 1204 4141 locata
1226 4085 1331 4141 vitibus
1355 4094 1405 4142 ant

100 4172 188 4242 tergis
206 4169 367 4226 vinciebant
386 4170 421 4236 P,
439 4171 512 4239 qaod
529 4169 650 4237 defatdit
668 4167 819 4223 Houoemn
832 4183 862 4235 p.
882 4170 918 4220 47
937 4166 996 4221 coll.
1015 4166 1091 4221 Sero.
1109 4168 1141 4220 in
1165 4166 1241 4236 Verq.
1261 4168 1331 4221 Aen.
1351 4169 1405 4222 IX

101 4257 156 4308 412
175 4255 285 4321 tergum
305 4267 356 4321 pro
373 4252 470 4319 tergus
488 4248 572 4304 dixit:
596 4246 744 4302 Sallustius
768 4245 856 4318 tergis
874 4245 1035 4301 vinciebant
1053 4262 1103 4316 pro
1121 4245 1279 4315 tergoribus

100 4332 178 4387 dolia
200 4348 273 4401 quae
297 4331 410 4386 11111111
432 4330 641 4383 Lindemoaaus
665 4370 671 4382 .
695 4345 734 4382 ost
756 4327 833 4382 dolia
855 4332 997 4395 quoque?
1088 4331 1122 4380 lt
1141 4329 1191 4381 aut
1212 4325 1300 4394 virgis
1323 4343 1357 4381 aa
1377 4327 1404 4381 G

100 4413 186 4467 etita
205 4412 414 4466 Lindoonnnas
491 4417 523 4465 17
542 4409 737 4476 frumentoque
756 4407 935 4476 suppeditato
954 4405 1059 4476 Cicero,
1084 4397 1278 4474 frumentoque
1302 4425 1401 4478 suppe-

100 4491 210 4546 ditabat
224 4491 285 4545 01>
354 4496 389 4545 211
403 4491 492 4546 sciens
506 4490 619 4560 horum]
634 4486 723 4542 sciens
737 4487 861 4542 locorum
874 4486 1056 4541 Rutnkcm'ua
1073 4487 1105 4540 io
1129 4485 1194 4540 Veli.
1210 4487 1252 4539 ΙΙ
1264 4492 1304 4542 88
1314 4492 1402 4556 11365

100 4572 158 4626 coll.
182 4571 250 4626 salt.
275 4574 340 4642 Iup.
363 4576 446 4636 85,45
474 4569 611 4624 exercitus
636 4565 677 4621 ibi
704 4569 747 4622 cst
768 4566 893 4621 locorum
917 4565 1019 4633 sciens,
1046 4570 1111 4631 97,3
1133 4565 1258 4620 locorum
1282 4567 1402 4624 scientes

100 4656 194 4707 erant.
204 4669 270 4706 acm
279 4651 368 4705 sciens
382 4651 482 4706 borum
496 4650 572 4718 apud
581 4647 915 4715 Sallustiumnoulepc'tur
969 4645 1037 4700 belli
1051 4663 1118 4700 sane
1132 4644 1221 4700 sciens
1235 4647 1293 4701 coll.
1309 4663 1400 4702 comm

101 4731 182 4801 Oraq.
200 4734 232 4787 s'a
246 4733 315 4786 Hor.
330 4733 405 4800 epist.
421 4731 443 4784 I
453 4736 515 4796 15,5
530 4717 707 4795 sane'valde,
725 4730 759 4783 ut
772 4726 885 4783 Sallust
899 4727 967 4782 belli
981 4743 1048 4782 sanc
1062 4725 1152 4781 sciens
1165 4728 1285 4782 restituit
1299 4728 1401 4783 Isodo-

99 4829 226 4879 monmas,
236 4811 354 4867 bellicae
365 4809 789 4866 11111111111111111111111111
797 4809 953 4865 muisclavo
962 4807 1137 4864 Baranam:
1150 4808 1185 4876 ρ).
1196 4807 1321 4863 Hoeven.
1327 4826 1358 4878 p.
1365 4813 1400 4863 47
