3316 5474
545 369 721 426 exauria
738 370 1005 426 cuocvrrotvvtl
1360 369 1424 434 457

124 485 147 522 p.
161 471 207 510 arc.
222 469 303 510 21111.

214 556 358 617 Ausculto
381 555 431 635 illi,
455 554 523 617 Ter.
546 556 627 617 Adel.
651 558 698 630 (V
722 557 785 631 igi)
809 559 861 617 ris
885 565 921 617 tu
946 555 1029 616 buic
1052 558 1129 616 seni
1153 554 1373 617 auscultare.

215 663 351 724 Abstinet
374 683 405 724 se
429 663 476 723 illa
501 683 547 744 rc,
571 663 638 723 Ter.
662 662 750 743 llecy.
775 656 921 744 (1204)

339 770 418 850 plus
442 780 548 850 potus
570 789 649 830 sese
673 770 735 831 illa
759 769 945 831 abstinere
968 779 1007 831 ut
1029 773 1200 850 potuerit.

126 879 257 939 obstinet
279 883 331 939 illo
354 898 402 959 rc,
426 877 485 938 Cic.
510 877 547 938 de
571 897 631 958 rep.
656 877 667 936 l
692 878 774 951 (3,6)
799 895 863 938 nec
890 895 974 937 vero
1003 879 1069 937 iarn
1096 895 1171 938 vneo
1200 880 1340 938 nomine
1369 876 1427 936 ab·

99 987 246 1046 astinet.

182 1142 183 1146 ,
216 1092 321 1153 Adulat
348 1091 445 1173 illum,
477 1091 536 1153 Cic.
560 1094 590 1152 in
614 1091 672 1152 Pis.
699 1092 822 1167 (4100)
846 1091 1054 1152 adulantem
1078 1109 1212 1171 omnes,
1239 1091 1317 1151 idem
1341 1090 1428 1150 Tusc.

128 1198 152 1257 ll
176 1199 302 1274 (1024)
326 1207 486 1260 nostrum
510 1199 631 1260 adulat
654 1201 872 1278 sanguinein.

216 1306 318 1367 trinit
341 1307 388 1367 illa
407 1327 450 1382 re,
470 1306 529 1367 Cic.
545 1324 599 1386 pro
619 1305 756 1366 Cluentio
776 1305 921 1380 (litim)
941 1305 1154 1385 domumque
1175 1305 1271 1365 illarn
1291 1305 1429 1365 scelere

128 1416 221 1473 omni
245 1413 464 1475 affluentem.
1372 1471 1378 1489 .

88 1539 114 1577 ro
216 1521 368 1601 Aspernor
391 1521 469 1582 illam
493 1538 596 1582 rema
620 1539 681 1602 rne,
704 1519 782 1580 idem
806 1537 860 1600 pro
885 1519 1021 1580 Cluentio
1045 1521 1192 1595 (08001)
1216 1538 1231 1579 a
1255 1522 1331 1580 suis
1359 1523 1431 1580 aris

128 1636 234 1706 atque
258 1627 402 1707 templis
431 1630 587 1689 nelarias
619 1645 748 1707 preces
780 1637 993 1706 aspernatos
1025 1628 1110 1688 deos
1144 1646 1222 1687 esse
1252 1627 1429 1687 conlido.

128 1752 272 1814 aspernor
298 1733 394 1815 illurn,
423 1735 500 1795 idern
529 1753 582 1815 pro
611 1734 747 1795 Cluentio
776 1734 897 1808 (MAI)
925 1751 1026 1793 nemo
1055 1734 1153 1794 illum
1186 1733 1298 1814 aditu,
1330 1751 1431 1794 nemo

129 1844 292 1903 convivio
317 1843 460 1922 dignun]
485 1841 681 1922 iudicabat,
704 1860 827 1902 ornnes
850 1839 1147 1920 aspernabantur.

218 1951 327 2010 dvocat
349 1949 386 2009 ab
409 1949 456 2009 illa
481 1968 526 2029 re,
550 1948 610 2010 Cic.
634 1949 670 2008 dc
695 1967 756 2030 rep.
780 1948 792 2007 l
816 1967 832 2009 a
856 1966 923 2028 qua
946 1950 1010 2008 isti
1034 1947 1241 2009 avocabant.

89 2074 115 2113 rs
217 2054 371 2115 Abalienas
407 2054 485 2117 illarn
522 2073 587 2117 rem
623 2074 639 2115 a
675 2063 720 2137 te,
756 2054 816 2116 Cic.
847 2054 994 2115 Siciliensi
1027 2056 1073 2127 (in
1113 2055 1198 2115 Verr.
1233 2056 1271 2115 II
1301 2054 1432 2129 64,l55)

129 2164 315 2223 maximum
339 2181 524 2223 numerum
547 2161 608 2222 abs
631 2170 665 2223 te
689 2161 918 2222 abalienasti.

217 2269 355 2349 Adrapsit
374 2273 417 2330 od
434 2274 515 2331 illam
535 2287 607 2341 rom,
627 2267 686 2329 Cic.
707 2269 845 2330 irument.
865 2271 912 2340 (in
938 2270 1023 2330 Verr.
1045 2271 1100 2330 ΙΙΙ
1117 2270 1245 2343 00158)
1265 2270 1305 2330 ad
1325 2272 1434 2332 istius

129 2378 326 2437 amicitiam
350 2377 595 2457 adrepserat.i

107 2470 113 2477 ’
218 2483 410 2544 Administrat
438 2486 632 2565 provinciam,
659 2483 720 2545 Cic.
743 2483 779 2544 de
803 2485 895 2563 signis
919 2486 965 2555 (in
997 2483 1081 2544 Verr.
1107 2486 1126 2544 1
1132 2485 1156 2541 V
1178 2485 1311 2558 (idida)
1341 2485 1433 2563 quod

87 2590 325 2669 invigilanter
347 2593 571 2670 provinciam
594 2589 889 2651 administrasset
912 2638 918 2651 .

219 2697 356 2777 adspirat
374 2696 429 2776 illi,
452 2696 537 2776 Verg.
556 2696 627 2757 den.
646 2696 672 2756 ll
694 2697 787 2770 (385)
807 2697 970 2776 adspirat
992 2699 1106 2776 prinro
1127 2699 1272 2759 lortuna
1296 2696 1434 2758 labori.

130 2805 261 2884 adspirat
292 2805 328 2865 ad
360 2804 446 2884 illud,
478 2804 537 2864 Cic.
569 2805 600 2863 in
633 2802 812 2864 divinatione
846 2812 948 2864 contra
972 2803 1132 2865 Caecilium
1161 2807 1267 2881 (5,20)
1299 2809 1359 2886 qui
1392 2805 1433 2866 ad

130 2910 281 2972 alienam
305 2929 445 2971 causam
469 2908 646 2970 accedere
669 2919 729 2972 aut
752 2910 940 2990 adspirare
964 2912 1122 2973 audeat.

219 3017 324 3078 Adolet
355 3037 433 3098 aras,
465 3015 550 3097 Verg.
574 3016 645 3077 den.
669 3015 720 3076 Vll
750 3018 822 3090 (71)
854 3018 976 3079 adolet
1009 3021 1091 3079 dam
1125 3024 1267 3106 altorio
1300 3025 1434 3095 taedis,

89 3143 116 3182 11
131 3127 209 3186 idem
232 3126 305 3185 Aen.
326 3126 345 3185 1
365 3125 464 3197 (704)
485 3123 647 3199 flammis
671 3126 827 3184 adolere
849 3133 1001 3204 penates
1024 3172 1031 3185 .
1055 3125 1228 3188 adolescunt
1251 3147 1333 3210 arae,
1356 3127 1434 3189 idem

130 3250 210 3311 geor.
235 3230 286 3290 llll
311 3232 406 3304 (370)
431 3229 627 3292 Panchaeis
650 3229 867 3291 adolescunt
890 3230 1035 3310 ignibus
1058 3250 1149 3293 arae.

219 3336 324 3415 diligat
347 3337 382 3398 ad
407 3338 476 3419 boc,
500 3336 558 3396 Cic.
583 3336 619 3396 de
643 3336 796 3417 suppliciis
820 3340 866 3409 (in
897 3337 982 3399 Verr.
1013 3338 1147 3413 V5‚10)
1175 3348 1211 3401 et
1229 3341 1285 3401 ‘ad
1318 3341 1435 3421 palurn

131 3444 384 3523 alligabantur.

223 3689 312 3744 Codex
332 3687 480 3744 Parrhasii
517 3686 685 3742 lllbsculto
758 3687 916 3743 abscultare
993 3691 1084 3745 tTer
1098 3689 1156 3760 Ecy
1169 3691 1232 3760 plus
1246 3690 1371 3759 potuisse
1385 3691 1437 3745 illa
1502 3706 1507 3715 ·

168 3767 347 3838 apotuerint
427 3767 585 3822 tabstinet
602 3766 653 3821 illa
671 3783 701 3821 re
720 3782 770 3822 om.
843 3768 1004 3823 obdulcat
1021 3767 1103 3825 illum
1177 3772 1222 3826 ide
1300 3777 1366 3828 Sta
1384 3789 1434 3827 om.

170 3854 202 3904 1o
220 3865 279 3903 rem
298 3865 348 3902 orn.
424 3854 454 3901 12
470 3865 602 3917 aspernor
619 3848 712 3919 illum]
732 3864 850 3918 asperno
868 3847 949 3903 illum
1020 3851 1111 3923 aditu]
1127 3851 1189 3905 adit
1262 3857 1437 3922 1311111111-

132 3927 216 3982 batur
298 3934 330 3982 it
350 3927 493 3983 abalienat
510 3928 590 3982 illam
608 3944 625 3982 a
644 3930 672 3983 te
756 3934 787 3983 17
816 3928 851 3983 ad
876 3929 957 3984 illam
984 3947 1042 3984 ram
1070 3948 1120 3988 om.
1207 3938 1241 3985 22
1271 3931 1436 4002 Caecilium]

134 4008 259 4063 Caelium
347 4014 380 4061 24
408 4008 512 4064 Adolet
537 4025 599 4063 aras
624 4008 701 4079 Virg.
727 4009 795 4064 Aen.
822 4002 849 4064 V
872 4009 967 4064 adolet
988 4014 1106 4080 penates
1187 4018 1221 4066 26
1246 4011 1383 4067 Panchaia

132 4098 166 4145 27
185 4091 291 4160 pallum
310 4106 378 4144 corr.
399 4089 494 4158 palum

222 4293 238 4340 3
257 4288 321 4357 plus
340 4288 435 4356 potua,
454 4303 514 4340 sese
532 4285 583 4341 illa
601 4286 742 4341 abstinere
761 4288 793 4341 ut
811 4286 935 4356 potuerit
955 4285 1099 4341 Terentina
1180 4293 1196 4340 4
1216 4304 1267 4342 nec
1291 4303 1357 4341 vero
1380 4286 1437 4341 iam

133 4365 246 4422 nomine
273 4367 416 4422 abstinent
439 4368 522 4423 coclea
542 4365 680 4421 Ciceronis
758 4372 791 4420 lo
815 4367 882 4434 quin
910 4366 996 4421 etiam
1025 4370 1161 4422 nocturna
1189 4366 1336 4434 sacrificia,
1364 4383 1436 4435 quae

133 4449 214 4517 putet
232 4447 386 4502 occultiora
410 4464 484 4514 esse,
508 4447 711 4516 sceleratasque
735 4446 794 4500 eius
816 4462 913 4515 preces
937 4448 966 4501 et
988 4444 1096 4500 nelarie
1118 4449 1186 4501 vota
1204 4446 1385 4516 cognovimus
1403 4477 1437 4486 -

134 4525 212 4580 cuius
231 4544 284 4597 ego
303 4527 423 4583 furorem
443 4530 528 4595 atque
548 4525 746 4581 crudelitatem
766 4526 832 4580 deos
850 4525 1023 4581 immortales
1038 4543 1056 4580 a
1070 4526 1127 4581 suis
1144 4526 1201 4580 aria
1219 4529 1305 4595 atque
1323 4527 1438 4597 templis

134 4617 296 4677 aspernatos
315 4625 376 4663 esse
394 4607 502 4662 conlido
522 4606 614 4661 Cicero
687 4613 721 4660 11
739 4606 908 4677 avocabant]
924 4609 1044 4662 avocant
1059 4607 1130 4662 MP
1200 4613 1234 4660 24
1253 4606 1357 4661 Adolet
1374 4622 1438 4661 aras

134 4687 211 4757 Virg.
231 4690 298 4742 Aen.
318 4689 331 4742 1
349 4689 444 4744 adolet
463 4687 586 4757 (adolere
607 4685 675 4754 GP)
698 4685 843 4742 Penates.
864 4686 1036 4742 Adolescnut
1059 4703 1123 4741 arae
1144 4687 1181 4740 Μ
1187 4685 1248 4739 GP
1266 4729 1272 4740 .
1291 4687 1348 4741 trio
1372 4687 1437 4742 Ver-

133 4769 196 4837 pilii
214 4771 349 4839 exempla,
375 4787 444 4838 quae
466 4769 587 4833 restitui,
615 4772 642 4821 et
661 4773 771 4838 praeter
793 4769 859 4822 lraec
875 4773 1005 4836 qaenam
1028 4767 1114 4822 bucol.
1133 4772 1199 4835 8,οὄ
1214 4767 1310 4836 possit
1327 4766 1439 4822 Nonius

132 4865 160 4916 p.
181 4854 218 4902 515
291 4854 324 4904 28
343 4851 497 4921 alligantur
517 4848 610 4903 Cicero

189 4957 344 4988 osannam
358 4958 445 4987 annm
464 4957 507 4989 m
1191 4943 1225 4990 30
