3316 5474
166 373 230 438 418
727 374 898 431 Dosl‘liiltt

166 475 320 524 umam

166 560 348 641 copulativae
385 558 625 641 σνμιιλειιτιιιοί
656 562 881 624 coniunctiones
909 568 979 623 suut
1010 561 1079 642 bae,
1111 569 1141 622 et
1168 580 1202 621 ac
1229 559 1301 640 καί,
1335 579 1401 640 quc
1433 557 1482 642 τέ,

53 751 55 754 .
165 676 253 747 atque
276 665 348 747 καί,
375 686 465 747 porro
490 658 569 748 ἤδη,
600 667 719 747 quidem
742 662 819 750 μέν,
847 687 966 748 quoque
989 662 1124 747 προσέτι
1147 663 1200 747 δέ,
1228 670 1318 729 etiam
1342 667 1421 748 καί,
1448 677 1481 731 at

166 774 217 836 sed
241 765 341 854 ἄλλά,
365 783 464 836 autem
487 769 540 853 δέ,
564 793 633 835 vero
658 769 710 854 δέ,
733 775 763 836 id
786 794 877 856 porro
899 771 998 838 τοῦτο
1019 770 1071 854 ds',
1095 774 1232 855 equidem
1257 773 1379 855 e'yosys:
1406 795 1478 838 oau-

165 881 242 943 sales
265 880 497 963 αἰτιολογικοί,
521 900 588 943 nam
611 875 691 962 γάρ,
716 884 794 943 cuim
817 874 897 962 γάρ,
921 885 1058 962 quoniam
1082 875 1211 961 ἐπειδή,
1235 884 1303 962 quia
1322 878 1415 963 ἐπεί,
1438 902 1477 945 eo

166 979 222 1050 διὰ
245 986 360 1068 τοῦτο,
384 991 462 1070 quod
487 980 538 1051 ὅτι
560 979 641 1050 καθ’
667 980 735 1068 ὅτι,
758 989 824 1050 ideo
849 979 906 1050 διὰ
928 986 1043 1068 τοῦτο,
1071 1008 1142 1068 ergo
1165 973 1243 1067 οὖν,
1271 990 1386 1051 ideirco
1415 982 1505 1053 dciv

164 1094 278 1175 τοῦτο,
305 1098 399 1176 gratia
427 1088 542 1179 χάριν,
571 1115 659 1157 causa
687 1092 814 1175 ἕνεκεν,
842 1114 945 1157 verum
972 1086 1077 1157 o’clldz·
1100 1097 1320 1157 ratiocinativue
1349 1098 1476 1160 συλλο-

166 1201 321 1283 γιστικοί,
346 1211 493 1283 quatenus
517 1196 645 1283 ἐπειδή,
675 1205 776 1283 itaque
797 1200 995 1283 τοιγαροῦν,
1023 1209 1204 1282 quapropter
1228 1195 1297 1281 dod,
1328 1207 1476 1283 quocirca

167 1328 238 1390 ergo
261 1308 380 1372 τοίνυν
403 1296 482 1389 οὖν,
506 1312 643 1390 quoniam
667 1305 752 1389 ἐπεί,
775 1312 866 1390 igitur
888 1301 1021 1389 corycio,
1044 1326 1136 1389 quare
1161 1301 1216 1371 dod
1239 1306 1286 1388 τί,
1315 1313 1475 1390 quoniam·

165 1416 286 1497 quidem
309 1412 394 1496 ἐπεί,
423 1417 549 1498 ideoque
573 1408 629 1478 διὰ
647 1414 762 1496 τοῦτο,
790 1416 936 1496 siquidem
960 1419 993 1477 sl
1011 1436 1057 1493 τι,
1087 1416 1327 1496 quandoquidem
1353 1407 1474 1480 ὁτιότεε

165 1525 324 1605 repletivus
347 1516 677 1605 ἀναπληρωματιιιοί,
705 1525 808 1586 saltem
835 1515 914 1603 κᾶν,
946 1531 1042 1585 tamen
1071 1515 1175 1604 ὅμως,
1204 1524 1276 1585 adeo
1303 1514 1390 1604 πρὸς
1418 1520 1474 1588 ἐπὶ
1491 1540 1517 1583 ιο

164 1623 311 1710 τούτοις,
344 1631 462 1693 laudem
491 1622 532 1711 δὴ
560 1623 640 1711 ἄρνε
673 1633 867 1693 disiuuoiivae
896 1629 1129 1710 διαζευκτικοί,
1162 1650 1258 1711 neque
1288 1623 1381 1710 οὔτε,
1415 1651 1473 1695 uec

166 1728 258 1817 οὔτε,
282 1758 318 1799 ue
342 1724 422 1820 ἆρα,
446 1747 497 1800 aut
519 1729 557 1817 ἤ,
583 1758 640 1800 neu
664 1731 760 1819 μήτε,
783 1739 829 1799 vel
851 1730 889 1817 ἦ,
913 1757 985 1799 neve
1009 1730 1105 1818 μήτε,
1137 1757 1173 1798 au
1198 1730 1236 1818 ἥ,
1264 1758 1297 1798 ve
1321 1730 1356 1818 ἤι
1384 1738 1472 1801 dubi·

167 1845 248 1906 tandi
271 1843 489 1924 διοτακτινοί,
513 1848 538 1906 si
562 1838 635 1907 ἐάνε
659 1847 716 1907 nisi
740 1843 771 1907 sl
792 1838 853 1926 μή,
877 1864 930 1906 seu
954 1847 1015 1906 sivo
1039 1847 1105 1906 εἴτε
1129 1893 1136 1906 .
1160 1855 1230 1906 sunt
1260 1854 1289 1907 et
1316 1864 1393 1926 quae
1425 1849 1473 1908 vix

165 1961 303 2033 aptantur
326 1954 454 2014 finitivae
477 1955 601 2034 speciei,
624 1953 705 2014 velut
727 1971 904 2032 quamquam
927 1951 1111 2031 καίτοιγε,
1135 1950 1166 2014 st'
1182 1947 1237 2014 καὶ
1256 1944 1296 2014 τὰ
1314 1945 1473 2035 μάλιστα,

165 2068 312 2139 quatenus
336 2053 463 2140 ἐπειδή,
487 2060 557 2121 dum
581 2055 656 2138 ἕως,
681 2055 742 2132 ἕως
763 2078 845 2138 που,
869 2061 893 2120 si
917 2057 962 2138 si,
985 2061 1042 2120 uisi
1066 2058 1098 2120 εἰ
1118 2052 1179 2140 μή,
1209 2063 1324 2122 tametsi
1348 2058 1379 2122 εἰ
1401 2060 1470 2141 καί,
1486 2077 1512 2116 1³

167 2173 200 2226 ut
218 2156 263 2239 οἱς
285 2157 389 2243 ὅπως,
420 2184 488 2226 cum
512 2157 581 2245 ὅτε,
609 2174 766 2247 postquam
788 2157 868 2246 μετὰ
891 2159 946 2244 τό,
980 2175 1137 2246 autequam
1165 2167 1258 2247 τρίντ
1290 2170 1439 2248 optativae
1465 2164 1471 2253 Ι

165 2274 276 2353 speciei
299 2263 449 2352 εὐκτικῆς
471 2263 594 2352 ὄψεως,
619 2276 730 2335 utinam
754 2291 790 2334 ue
815 2270 871 2334 ἵνα
889 2266 950 2354 μή,
974 2276 1086 2334 utimm
1105 2275 1192 2352 εἴθε,
1217 2273 1302 2334 velim
1323 2266 1471 2354 ὤφελον,

165 2379 325 2441 dummodo
348 2371 471 2460 μόνον,
499 2380 569 2441 licet
591 2372 667 2460 κᾶν,
696 2380 790 2441 donec
813 2375 923 2463 μέχρι,
952 2388 1109 2459 autequam
1137 2374 1218 2461 πρὶν
1245 2372 1282 2460 ἦ,
1310 2390 1471 2460 postquam

165 2477 245 2566 μετιὶ
273 2479 328 2566 τό,
357 2487 426 2548 dum
450 2481 558 2569 μέχριε
590 2487 794 2549 subiunctivae
822 2478 1066 2565 ὑποζενκτιιιοί,
1099 2490 1138 2568 si,
1170 2497 1341 2568 autequam,
1373 2488 1472 2549 donec

166 2585 257 2674 ἄχρι,
281 2596 413 2673 quamvis
436 2587 595 2676 μάλιστα,
618 2594 792 2676 dummodo,
814 2595 897 2675 licet,
919 2612 987 2656 oum
1011 2584 1109 2675 ἡνίκα
1133 2584 1247 2672 ὁπότε,
1275 2595 1360 2674 dum,
1387 2604 1471 2675 post·
1486 2610 1514 2650 ιο

166 2719 267 2783 quam,
298 2704 472 2782 priusquam
499 2696 579 2782 πρὶν
607 2694 638 2781 ἤ
683 2710 728 2764 est
754 2710 785 2762 el
812 2702 1094 2783 hypodigmaiicum,
1128 2701 1216 2763 veluti
1250 2709 1282 2763 ul
1315 2688 1406 2780 οἷον,
1441 2711 1472 2763 et

165 2808 432 2871 bomoeomaticum
455 2808 640 2890 adverbium,
664 2818 697 2870 ut
721 2800 765 2882 ὦς
788 2799 906 2890 ὥσπερ.

255 2915 340 2978 Νιιοο
363 2916 511 2998 dicemus,
534 2936 608 2996 quae
633 2919 803 2978 coniunctio
827 2919 875 2977 cui
899 2916 1031 2996 qualitati
1054 2917 1220 2994 iungatur.
1244 2933 1311 2975 cum
1334 2917 1472 2995 iungitur

165 3022 253 3083 modo
273 3024 406 3105 finitivis,
430 3023 517 3084 modo
536 3023 750 3105 subiunctivis,
768 3031 802 3085 ut
821 3042 888 3084 cum
903 3023 983 3096 dico,
1007 3041 1074 3083 cum
1099 3021 1245 3103 dicebam,
1273 3041 1340 3083 cum
1364 3023 1472 3104 dicam,

145 3118 233 3191 ¹cum
267 3129 398 3192 dicerem
430 3179 437 3192 .
469 3131 522 3191 sed
554 3133 693 3211 interest,
726 3137 827 3191 uirum
859 3130 979 3190 finitivis
1011 3148 1047 3190 au
1076 3129 1270 3190 subiunctivis
1297 3132 1439 3208 iungatur
1464 3145 1514 3193 ,as

162 3241 289 3311 finitivis
316 3243 395 3300 enim
423 3242 574 3314 irrupitur,
608 3240 745 3316 quotiens
774 3239 810 3298 ad
837 3237 866 3298 id
891 3245 1008 3317 tempus
1032 3256 1091 3316 quo
1115 3235 1235 3316 agebam
1264 3237 1407 3316 refertur,
1438 3245 1472 3298 ul

166 3344 243 3425 apud
268 3345 421 3425 Virgilium

255 3481 346 3536 Codes
364 3481 561 3551 Sanqollcnorb.
616 3481 694 3552 2ab]
713 3497 747 3535 ac
837 3479 1058 3535 ssmbiouabiuue
1148 3480 1293 3559 8τοίνον]
1312 3500 1397 3534 τοννν

167 3564 277 3634 cosp-op]
296 3582 357 3632 τοιν
446 3563 642 3616 θᾶιατοιοντο
670 3559 693 3614 si
719 3559 766 3627 qui
792 3578 844 3613 ειτι
935 3566 969 3614 10
987 3559 1082 3614 sellim
1102 3579 1154 3614 σαν
1174 3561 1274 3614 ΤΑΜΕ
1298 3580 1372 3629 opusc
1398 3562 1472 3618 adeo

164 3661 279 3711 τροσενι
298 3662 395 3705 τοοτος
413 3645 592 3712 (corn-osci
666 3646 697 3694 12
721 3642 771 3694 aul
795 3659 813 3708 η
840 3656 895 3695 ueu
912 3640 988 3695 Mete
1006 3641 1052 3694 uel
1070 3657 1125 3694 nou
1144 3659 1181 3709 μη
1199 3656 1235 3694 uu
1253 3659 1271 3708 η
1291 3658 1361 3708 οοη
1436 3651 1471 3698 lo

167 3724 234 3777 dum
249 3742 302 3786 oue
316 3723 339 3778 si
354 3723 379 3778 ei
395 3722 575 3786 sucnovuisi
590 3741 614 3775 ει
630 3741 667 3790 μη
682 3721 739 3776 teffi
754 3720 808 3775 etsi
860 3726 891 3775 17
907 3720 1014 3775 lilinum
1029 3721 1075 3791 ne]
1090 3720 1204 3776 ubinauo
1257 3719 1342 3775 uelim
1357 3726 1472 3789 ospolim

165 3856 279 3910 dummo
298 3875 385 3926 μονον
467 3861 499 3909 18
518 3814 671 3924 autequam
751 3860 785 3908 20
804 3853 883 3924 dum]
903 3871 966 3908 cum
1047 3861 1078 3907 21
1101 3855 1262 3924 priusquam
1282 3875 1316 3907 ov
1336 3873 1352 3922 η
1372 3855 1401 3908 el
1419 3876 1472 3911 και

164 3935 365 4008 ypodigmatici
437 3942 472 3990 23
491 3934 635 4006 iungetur]
650 3932 774 4003 iungitur
836 3939 871 3987 24
885 3933 1025 4005 dicebam]
1041 3933 1152 3988 dicebat
1215 3939 1249 3988 26
1264 3934 1379 3989 finitivis
1393 3935 1472 3990 euim

166 4015 291 4086 iungitur
309 4033 357 4071 om.
430 4016 534 4085 egebat

257 4131 270 4179 1
291 4127 485 4178 ονντιλτκτινοι
500 4121 678 4192 copulatiuue
691 4122 694 4193 l
707 4122 857 4191 οννδεομοι
872 4133 926 4175 root
940 4120 1149 4176 coniunctiones
1163 4123 1227 4175 suut
1242 4125 1247 4189 l
1263 4142 1319 4176 ναι.
1335 4142 1372 4176 τε.
1388 4142 1470 4179 senus

167 4208 196 4261 sl
214 4222 267 4275 que
292 4221 325 4259 ac
352 4207 439 4274 etque
457 4206 501 4259 aab
518 4208 522 4271 Ι
538 4206 592 4273 quq
611 4222 662 4273 μιν
686 4217 768 4272 porro
787 4201 900 4270 quidem
928 4219 1042 4270 τροτετι
1065 4204 1096 4257 δε
1121 4202 1206 4287 etism
1234 4219 1345 4271 quoque
1369 4234 1402 4242 -
1433 4210 1470 4259 22

166 4313 259 4363 ωσπερ
282 4292 356 4349 sicul
376 4296 380 4361 Ι
401 4313 449 4348 ναι
473 4313 555 4363 soors
580 4309 750 4362 quamquam
774 4291 860 4346 codex
885 4291 1061 4346 Monacensis
1079 4298 1132 4347 601
1153 4275 1213 4360 (M)
1298 4291 1471 4360 ‹lquouittm

164 4375 231 4444 quia
253 4379 332 4444 (corr.
358 4373 480 4443 quidem)
505 4375 584 4428 επιδε
609 4375 688 4428 enode
714 4375 719 4439 1
744 4369 847 4440 quippo
872 4371 946 4440 quod
970 4388 1002 4426 eo
1025 4373 1073 4425 dtu
1097 4390 1179 4425 τουτο
1199 4373 1204 4440 Ι
1224 4371 1292 4439 quin
1316 4371 1402 4426 etiam
1425 4392 1471 4429 οτι

164 4458 270 4509 nodoso
289 4456 326 4509 M
400 4461 431 4508 10
450 4453 558 4508 Saltem
577 4471 629 4506 σαν
649 4449 766 4506 ΤὰΜΕΜ
784 4455 788 4520 Ι
804 4468 885 4521 porro
901 4471 975 4523 ομως
990 4452 1028 4506 Μ
1099 4458 1132 4506 12
1152 4472 1208 4519 equ
1227 4471 1244 4520 η
1263 4468 1297 4505 no
1317 4455 1366 4505 uul
1381 4460 1385 4518 Ι
1402 4471 1469 4520 pots

164 4556 203 4606 pq
221 4552 274 4590 neu
293 4536 340 4590 uel
358 4552 412 4589 neu
429 4539 433 4604 Ι
449 4554 467 4603 η
486 4554 503 4603 q
521 4551 557 4588 au
572 4550 606 4587 uo
622 4533 659 4586 M
729 4539 763 4587 20
782 4536 900 4602 μαλιστα
918 4533 1047 4602 quemuis
1063 4536 1067 4602 1
1084 4552 1168 4601 ηνινα
1183 4533 1267 4587 dumo
1284 4533 1288 4602 Ι
1304 4551 1386 4586 οτοτε
1402 4533 1473 4590 licet

168 4617 171 4687 j
191 4636 210 4684 η
228 4635 277 4669 ναι
295 4633 330 4670 un
350 4616 379 4669 et
394 4619 398 4682 Ι
414 4616 629 4683 οιιοδιγματικοι
645 4615 650 4679 Ι
666 4633 727 4669 οιον
745 4613 835 4669 ueluti
855 4617 859 4681 Ι
880 4632 1083 4683 ομοεοματιιιον
1104 4617 1109 4680 1
1131 4633 1168 4675 ως
1191 4616 1223 4666 ul
1238 4616 1242 4681 Ι
1259 4631 1351 4679 ωσπερ
1370 4611 1443 4667 sicul
1465 4615 1468 4679 ξ

165 4714 213 4749 και
232 4714 313 4764 soors
330 4712 499 4765 quemquam
516 4695 552 4749 Μ
623 4700 656 4747 23
676 4695 756 4748 Nunc
775 4694 944 4749 dicemus-
955 4700 1034 4761 4226
1053 4694 1172 4748 victores
1186 4691 1374 4763 revertentur]
1387 4691 1471 4752 Odor,

164 4795 192 4846 p.
211 4781 315 4843 226‚11
335 4776 424 4830 Diem.
438 4794 470 4845 p,
490 4780 572 4841 392,1
655 4781 688 4829 26
707 4773 824 4828 finitivis
843 4773 918 4828 enim
936 4773 1073 4844 iungitur,
1100 4771 1230 4840 quotiens
1256 4771 1337 4825 adid
1357 4774 1471 4843 tempus

165 4873 220 4927 quo
240 4857 358 4928 agebam
377 4853 496 4911 refertur
515 4856 659 4911 ΟΙιοιτοίιιι
677 4858 702 4908 tl
719 4853 863 4909 Diomedes
