3316 5474
223 370 288 435 338
790 368 947 424 AVDACIS

216 467 377 520 mmmm

223 555 327 617 Omnis
350 575 455 617 versus
479 555 648 616 hexameter
671 553 834 634 dactylicus
858 555 919 614 sive
943 553 1054 615 herous
1072 572 1088 612 a
1107 552 1264 614 duodecim
1283 552 1401 632 syllabis
1420 555 1531 615 crescit

145 712 148 717 .
223 680 318 741 usque
345 663 381 723 ad
411 671 525 743 septem
553 670 584 723 et
611 662 723 722 decem.
752 678 820 722 nam
848 661 899 739 qui
926 662 1067 722 minimus
1098 667 1158 741 est,
1190 659 1280 722 babet
1312 658 1437 740 syllabas
1468 678 1529 721 non

223 771 321 830 minus
344 787 432 848 quam
451 768 621 849 duodecim,
649 772 703 844 qui
720 771 870 828 maximus
888 774 945 842 est,
968 785 1028 829 non
1043 772 1114 845 ptus
1131 784 1223 843 quam
1240 769 1344 828 decem
1361 774 1391 828 et
1407 773 1530 843 septem

223 875 300 946 Quid
324 871 419 955 ergo?
442 894 540 936 nonne
564 876 740 955 plerumque
763 875 896 935 invenias
919 891 1037 935 versum
1061 873 1164 935 decem
1193 882 1223 934 et
1250 881 1318 934 octo
1347 880 1398 934 aut
1424 874 1530 952 viginti

223 981 415 1062 syllabarum,
438 990 471 1043 nt
494 992 564 1043 sunt
587 981 632 1062 bi,

383 1088 525 1167 quando
549 1086 644 1149 aliud
669 1087 755 1149 mibi
777 1090 844 1149 iam
868 1088 1021 1148 miserae
1045 1086 1136 1149 nihil
1160 1089 1239 1167 ipsa
1263 1085 1413 1168 reliqui,

222 1197 292 1256 item

381 1309 442 1362 aut
464 1318 574 1361 onera
598 1302 785 1380 accipiunt
807 1302 1014 1363 venientum
1037 1309 1098 1362 aut
1121 1303 1262 1380 agmine
1286 1301 1395 1381 lacto,

221 1411 293 1469 item

381 1532 466 1575 cara
490 1514 574 1574 mibi
598 1523 683 1576 ante
708 1513 798 1575 alias
822 1533 938 1593 neque
962 1517 1054 1576 enim
1078 1533 1192 1576 novus
1214 1516 1283 1575 iste
1308 1511 1461 1575 Dianae?
1545 1529 1572 1568 1⁰

222 1622 298 1682 Sunt
323 1620 442 1701 quidem
466 1620 600 1701 plerique
625 1621 802 1702 syllabarum
825 1621 929 1682 decern
952 1630 983 1682 et
1001 1629 1082 1703 octo,
1105 1621 1154 1683 ille
1174 1640 1244 1682 vero
1264 1639 1352 1700 quem
1371 1623 1402 1681 in
1424 1620 1529 1682 ultimo

221 1734 287 1790 loco
302 1730 429 1808 posuisti
444 1727 621 1808 syllabarum
636 1731 754 1809 viginti,
779 1731 828 1789 cui
843 1747 1029 1808 nequaquam
1044 1731 1194 1790 inveneris
1209 1746 1324 1810 parem,
1347 1746 1415 1789 cum
1430 1727 1529 1789 adhuc

222 1835 320 1896 nullus
358 1837 421 1896 lere
457 1838 625 1897 inveniatur
657 1837 707 1914 qui
746 1835 849 1896 decern
882 1845 913 1896 et
945 1854 1050 1896 novem
1084 1834 1202 1915 syllabis
1235 1843 1351 1896 constet
1383 1882 1390 1895 .
1423 1852 1529 1895 verum

221 1943 375 2004 sciendum
399 1951 445 2004 est
474 1945 505 2003 in
529 1945 652 2003 metrica
681 1945 795 2003 ratione
824 1961 985 2022 numquam
1015 1945 1180 2024 computari
1208 1960 1258 2003 eas
1285 1941 1423 2023 syllabas,
1453 1959 1529 2020 quas

221 2048 344 2129 synalila
377 2051 529 2128 intercipit
562 2098 568 2111 .
601 2067 660 2127 quo
693 2050 726 2110 llt
758 2057 791 2110 ut
823 2067 927 2110 omnes
963 2048 1006 2109 illi
1043 2067 1161 2128 versus,
1199 2051 1250 2128 qui
1288 2065 1377 2127 supra
1414 2046 1528 2108 dictum
1544 2061 1570 2102 1⁶

222 2172 380 2216 numerum
411 2154 587 2234 syllabarum
618 2155 756 2215 videntur
786 2156 944 2236 excedere,
976 2155 1117 2216 detractis
1146 2153 1275 2234 synalilrs
1302 2152 1338 2213 ad
1366 2153 1469 2213 decem
1497 2162 1529 2213 et

222 2269 336 2340 septem
365 2270 417 2321 aut
447 2260 576 2321 sedecim
604 2272 655 2323 aut
683 2264 771 2323 etiarn
800 2261 836 2321 ad
866 2260 1034 2341 quindecim
1063 2260 1188 2341 syllabas
1218 2259 1403 2339 redigantur,
1435 2258 1528 2320 veluti

222 2375 292 2427 sunt
314 2366 356 2427 illi
380 2385 455 2446 quos
480 2385 570 2446 supra
593 2367 720 2447 exempli
750 2385 838 2429 causa
868 2369 1024 2447 posuisti.
1049 2367 1127 2428 trude
1158 2366 1312 2428 sciendum
1340 2375 1386 2427 est
1412 2365 1528 2427 nullum

222 2491 340 2534 versum
364 2472 539 2555 dactylicum
563 2473 769 2535 hexametrum
798 2475 925 2535 inveniri
952 2491 1054 2555 posse,
1082 2475 1133 2553 qui
1162 2491 1321 2534 numerum
1348 2471 1528 2552 syllabarum

222 2581 326 2641 decem
353 2588 384 2640 et
411 2589 526 2661 septem
555 2579 688 2641 videatur
712 2579 856 2640 excedere
880 2625 888 2641 .
911 2582 1010 2659 itaque
1033 2581 1130 2640 omnis
1157 2598 1262 2641 versus
1289 2579 1473 2659 hexameter,
1501 2581 1528 2640 si
1542 2595 1573 2667 ro¹

222 2687 293 2748 solis
321 2687 461 2767 spondeis
489 2689 670 2768 constiterit,
704 2689 762 2747 erit
795 2686 951 2748 duodecim
981 2684 1172 2768 syllabarum;
1204 2688 1230 2747 si
1257 2704 1351 2747 unum
1379 2685 1527 2765 dactylum

221 2792 372 2875 habuerit,
390 2794 549 2875 tredecim3
568 2795 594 2854 si
613 2794 702 2873 duos,
721 2794 975 2873 quattuordecim
995 2794 1020 2853 si
1038 2800 1117 2874 tres,
1136 2793 1318 2874 quindecim3
1337 2794 1363 2854 si
1378 2800 1527 2873 quattuor,

222 2899 365 2981 sedecim·;
389 2903 415 2961 si
439 2905 584 2982 quinque,
608 2899 712 2959 decem
736 2907 765 2960 et
789 2909 902 2978 septem
927 2945 933 2959 .
957 2901 1011 2978 ita,
1039 2901 1178 2977 quotiens
1200 2900 1334 2980 dactylus
1357 2902 1527 2982 accesserit,

222 3010 331 3069 totiens
355 3026 413 3068 una
437 3006 546 3088 syllaba
570 3007 687 3067 crescit.

56 3098 59 3103 ⁴
128 3136 202 3187 211,18
311 3113 489 3174 llexameter
511 3131 617 3175 versus
640 3110 801 3191 dactylicus
825 3129 880 3190 per
903 3119 976 3190 quot
1003 3113 1118 3192 species
1146 3109 1298 3174 variatur?
1334 3113 1466 3192 Triginta
1496 3124 1527 3178 et
1541 3130 1569 3170 rs

222 3221 304 3282 duas.
332 3215 337 3300 Ι
367 3217 542 3292 Quatenus?
583 3221 616 3280 ln
640 3237 728 3279 versu
752 3216 996 3297 duodecasyllabo
1025 3221 1141 3299 species
1168 3238 1226 3280 una
1255 3227 1301 3280 est
1328 3268 1335 3282 .
1363 3223 1472 3300 quippe
1500 3223 1527 3282 is

221 3329 285 3387 sine
314 3327 372 3388 ulla
400 3329 540 3388 varietate
569 3343 672 3386 omnes
699 3327 729 3385 in
759 3342 790 3384 se
819 3323 967 3404 spondeos
999 3323 1088 3387 habet
1120 3337 1150 3388 et
1182 3335 1305 3387 vocatur
1337 3326 1526 3410 spondiazon,

221 3444 254 3495 nt
277 3442 323 3495 est

433 3538 719 3601 introducuntur
741 3537 852 3617 legati
876 3536 1155 3616 Minturnenses.

219 3793 253 3847 ed
279 3718 351 3846 qu,
362 3711 530 3767 Hexameter
554 3726 649 3765 versus
671 3708 825 3778 dactylicus
849 3724 905 3779 sqq.
931 3711 1066 3765 Iulianus
1088 3711 1121 3766 de
1143 3713 1250 3768 ratione
1274 3718 1419 3769 metrorum
1437 3729 1468 3781 p.
1488 3719 1526 3768 50

309 3958 326 4007 1
346 3954 375 4007 ct
392 3968 442 4006 om.
461 3952 498 4017 B,
517 3951 581 4007 add.
600 3950 638 4004 M
697 3966 763 4004 nam
782 3949 831 4017 qui
848 3948 941 4004 minus
960 3952 1004 4007 est
1016 3951 1044 4005 Β
1056 3949 1185 4020 namqui
1200 3950 1330 4006 minimus
1346 3954 1384 4008 M
1446 3954 1538 4024 3qui'

219 4032 358 4087 maximus
377 4062 410 4072 -
430 4032 526 4087 decem
546 4031 575 4084 et
594 4031 700 4099 septem
719 4045 769 4086 om.
784 4029 862 4096 ΒΜ,
880 4032 944 4085 add.
965 4031 991 4084 V
1060 4039 1076 4086 t
1095 4033 1128 4087 ut
1142 4034 1207 4086 sunt
1224 4031 1266 4087 hii
1278 4033 1306 4087 Β
1320 4036 1353 4087 ut
1366 4032 1423 4087 sint
1436 4031 1478 4087 hii
1490 4033 1528 4087 M

256 4121 272 4169 6
291 4111 416 4183 quaudo]
442 4111 520 4180 Verg.
535 4111 606 4164 Aen.
621 4111 705 4163 IIII
723 4114 777 4165 315
831 4110 889 4163 iam
907 4109 1009 4165 misere
1027 4111 1099 4167 nihil
1116 4112 1179 4183 ipsa
1196 4112 1224 4165 Β
1242 4112 1300 4167 iam
1319 4112 1389 4167 nihil
1408 4112 1469 4169 uita
1488 4116 1527 4168 M

257 4199 271 4246 7
291 4190 372 4263 item]
392 4193 443 4246 aut
459 4190 487 4243 Β
559 4195 575 4243 8
595 4191 644 4243 aut
662 4189 758 4260 onera]
784 4189 861 4260 Verp.
880 4207 968 4261 georg.
989 4193 1146 4248 1111168
1218 4192 1379 4248 uenientum
1403 4211 1453 4250 om.
1480 4197 1526 4262 M,

220 4273 283 4328 add.
302 4271 330 4325 Β
403 4277 436 4326 10
456 4287 520 4326 cara
537 4269 609 4324 mihi
626 4272 692 4324 ante
711 4269 782 4323 alias
798 4270 978 4338 nequeenim
991 4288 1080 4326 nouus
1094 4273 1136 4326 ste
1151 4271 1233 4327 diane
1247 4272 1275 4326 Β
1289 4289 1354 4327 cara
1371 4272 1442 4327 mini
1459 4275 1526 4329 ante

219 4350 289 4405 alius
302 4367 391 4420 usque
405 4350 488 4406 diane
499 4353 547 4406 M:
563 4350 641 4420 Verq.
652 4351 721 4404 Aen.
734 4349 786 4403 XI
795 4355 850 4406 537
913 4358 943 4406 11
961 4351 1038 4423 sunt]
1055 4352 1128 4406 sicut
1142 4352 1181 4405 Μ
1243 4351 1348 4407 111οω
1362 4369 1413 4406 om.
1423 4352 1492 4407 ΒΜ

220 4432 326 4499 parem]
341 4432 451 4499 partem
464 4432 492 4486 B
556 4437 588 4485 13
604 4430 652 4500 qui
667 4429 775 4500 decem]
795 4431 1007 4500 quindecim-M
1070 4438 1102 4487 17
1117 4434 1168 4487 aut
1183 4431 1279 4503 etiam]
1299 4433 1350 4486 aut
1363 4431 1528 4486 tertiamM

257 4516 289 4564 19
307 4509 427 4566 inueniri
445 4512 522 4582 possi
539 4513 567 4565 Β
585 4510 710 4566 inuenire
731 4526 812 4580 posse
832 4511 871 4565 M
922 4519 956 4566 16
977 4511 1144 4583 dactylicus]
1169 4511 1289 4566 dactilus
1308 4510 1336 4564 Β
1361 4510 1467 4580 dactyli
1491 4511 1530 4565 M

256 4595 289 4643 16
309 4588 544 4660 duodecasyllabo
564 4592 601 4645 M
679 4590 715 4662 is]
735 4590 779 4646 his
800 4591 873 4646 ΒΜ
949 4598 983 4647 17
1007 4592 1067 4647 sine
1090 4593 1177 4646 ullam
1200 4591 1367 4647 uarietatem
1390 4591 1418 4643 B
1490 4596 1524 4645 17

220 4670 359 4741 spondeus
378 4671 465 4726 babet
477 4670 505 4723 Β
518 4670 662 4740 spondeos
681 4671 832 4726 habeutM
886 4678 920 4727 19
933 4671 1147 4728 introducuntur
1165 4671 1283 4742 legatim
1302 4672 1478 4726 intumentes
1496 4672 1525 4725 Β

220 4749 261 4804 hii
283 4749 474 4818 producuntur
497 4749 613 4820 legatim
636 4750 755 4805 inturnis
780 4752 818 4806 M
839 4751 880 4807 hii
902 4753 1095 4823 producuntur
1117 4752 1207 4823 legati
1229 4751 1433 4806 Minturnenses
1456 4750 1525 4807 Ald-

219 4829 347 4885 brimeu:
367 4829 445 4885 Eun.
464 4831 558 4886 annal
578 4834 633 4886 603
652 4833 691 4887 ed.
717 4831 795 4887 Vetat
