3316 5474
614 321 662 374 DE
681 319 779 374 ARTE
798 319 961 374 METRICA
1377 321 1442 386 253

133 432 154 469 p.
169 419 229 461 asro.
243 420 269 460 rc
283 420 308 459 Ρ.

135 505 214 585 quod
234 522 292 583 quo
309 502 396 564 modo
411 502 613 564 scandendum
632 502 824 585 iudicaverit,
835 504 931 564 rideat
950 505 1001 582 qui
1020 510 1132 584 potest,
1146 512 1246 565 utrum
1262 504 1438 566 ludaeorum

135 610 210 671 duos
234 611 382 691 spondeos
405 612 508 689 quinta
533 618 667 671 etsexta
693 613 814 689 regione
837 618 941 671 contra
964 629 1089 690 morem,
1123 629 1158 672 an
1183 611 1288 672 solutis
1312 610 1439 692 syllabis,

136 719 217 778 iuxta
241 717 320 796 quod
346 736 435 797 supra
460 720 702 798 monstravimus,
725 716 874 796 dactylum
898 718 962 778 lieri
985 716 1112 778 voluerit
1135 729 1165 779 et
1188 719 1360 799 spondeum.

167 871 216 925 VT
236 870 355 925 PRISCI
374 870 519 924 ΡΟΕΤΑΕ
539 869 720 936 QVAEDAM
739 868 875 923 ALITER
895 868 1000 935 QVAM
1018 869 1188 924 MODERNI
1206 870 1414 926 POSVERlNT

110 998 124 1037 ⁶
225 984 298 1044 Nam
328 993 357 1044 ct
384 986 413 1043 in
445 984 587 1063 exemplis
615 986 805 1063 antiquorum
833 985 1025 1043 inveniuntur
1056 983 1212 1063 aliquoties
1237 986 1295 1046 duo
1320 985 1443 1066 spondei

137 1093 167 1150 in
190 1090 248 1150 fine
273 1109 389 1172 versus,
413 1093 489 1151 sicut
512 1100 543 1151 et
566 1089 672 1168 dactyli
697 1108 756 1169 non
779 1108 956 1171 numquam,
980 1098 1013 1150 ut
1036 1100 1106 1151 sunt
1129 1090 1177 1151 illa
1201 1091 1344 1173 Maronis,

296 1207 330 1258 at
353 1197 436 1258 tuba
460 1196 664 1258 terribilem
688 1198 845 1257 sonitum
869 1194 996 1275 procul
1020 1199 1155 1257 excitat
1177 1196 1322 1258 barrida

141 1296 170 1346 et
297 1367 357 1418 ant
379 1359 476 1418 leves
499 1376 626 1417 ocreas
648 1357 746 1418 lento
770 1356 907 1417 ducunt
930 1364 1087 1436 argento.

10 1503 13 1509 -
98 1479 124 1518 ιο
139 1467 271 1542 quamvis
295 1464 350 1524 boc
375 1466 524 1525 rarissime
548 1466 724 1536 inveniatur,
748 1464 805 1523 nisi
828 1465 868 1524 ita
896 1463 1077 1544 ordinatum,
1101 1473 1134 1524 ut
1157 1473 1187 1524 et
1210 1465 1315 1545 dactyli
1340 1468 1390 1544 qui
1414 1469 1444 1526 in

138 1570 195 1630 fine
219 1580 266 1631 est
293 1571 394 1631 ultima
423 1570 532 1649 syllaba
562 1588 616 1649 per
639 1568 820 1648 synalipham
844 1570 981 1648 sequenti
1004 1571 1104 1630 versui
1131 1572 1278 1652 iungatur,
1303 1581 1332 1632 et
1355 1590 1444 1652 spon·

138 1675 211 1736 deus
243 1680 294 1755 qni
325 1680 356 1738 in
384 1681 487 1758 quinta
516 1678 636 1755 regione
665 1685 710 1737 est
741 1694 756 1735 r
784 1676 911 1736 litteram
946 1673 1053 1736 habeat
1079 1675 1163 1736 alteri
1196 1681 1370 1739 consonanti
1400 1678 1445 1739 vel

139 1786 336 1862 praepositam
365 1784 411 1845 vel
442 1784 618 1864 subiectam,
649 1785 735 1844 cuius
765 1783 875 1843 duritia
904 1799 959 1861 per
987 1781 1130 1843 adiectam
1160 1784 1289 1846 vocalem
1322 1785 1446 1865 levigata

139 1889 271 1969 dactylus
295 1893 441 1951 sentiatur
463 1894 493 1951 in
518 1908 607 1971 sono,
630 1908 698 1950 cum
722 1898 824 1969 pareat
847 1888 998 1970 spondeus
1016 1891 1047 1950 in
1068 1892 1188 1970 scripto.
1226 1893 1305 1972 quod
1330 1902 1445 1954 utrum·

100 2011 126 2049 15
140 2014 197 2074 que
221 2005 255 2056 nt
283 1998 344 2077 irat,
372 1997 514 2078 exemplis
539 2014 629 2076 supra
652 1997 889 2056 monstravimus.
926 1997 977 2073 qui
1005 2004 1035 2055 et
1062 1995 1126 2056 aliis
1152 1998 1182 2057 in
1207 2001 1331 2060 metrico
1355 2017 1446 2079 opere

140 2101 252 2180 regulis
271 2103 396 2165 multum
420 2105 512 2165 libere
531 2103 701 2184 utebantur,
726 2120 799 2181 quas
818 2100 953 2161 moderni
977 2112 1081 2181 poetae
1101 2103 1270 2166 distinctius
1289 2107 1324 2166 ad
1345 2116 1446 2167 certae

140 2226 273 2270 normam
288 2211 468 2272 delinitionis
478 2211 636 2272 observare
648 2210 825 2271 maluerunt.
847 2227 915 2269 nam
930 2216 960 2268 et
973 2207 1103 2269 vocalem
1118 2209 1248 2293 brevem,
1258 2231 1332 2292 quae
1349 2232 1368 2293 q
1383 2221 1447 2273 etn

142 2324 171 2376 et
195 2316 287 2377 vocali
311 2317 441 2396 qualibet
464 2320 663 2398 exciperetur,
686 2317 845 2378 voluerunt
868 2334 934 2376 esse
958 2334 1159 2398 communem,
1183 2327 1217 2379 ut
1239 2318 1396 2381 Lucretius

301 2443 388 2503 quae
412 2424 565 2485 calidum
589 2424 729 2483 iaciunt
751 2440 862 2501 aquae
887 2429 1022 2483 tactum
1045 2430 1152 2501 atque
1177 2443 1356 2507 vaporem;

101 2546 128 2584 ao
142 2538 171 2590 et
190 2519 320 2591 vocalem
339 2534 369 2591 in
394 2531 451 2590 linc
470 2530 552 2591 verbi
575 2531 710 2610 brevem,
734 2547 809 2608 qnae
829 2530 1052 2607 exciperetura
1072 2542 1253 2592 consonante
1273 2541 1303 2592 et
1326 2532 1446 2614 liquida,

141 2639 221 2697 inter
243 2655 415 2698 communes
439 2636 563 2716 syllabas
586 2636 780 2717 deputarunt,
803 2644 837 2695 ut
860 2632 999 2713 Virgilius

301 2753 497 2823 aestusque
520 2744 735 2823 pluviasque
758 2751 793 2802 et
815 2741 1122 2820 agentestrigora
1144 2755 1273 2834 sentos

143 2842 173 2893 et
301 2906 331 2963 si
355 2904 423 2965 tibi
445 2904 614 2965 lanicium
636 2898 642 2982 Ι
662 2921 785 2983 curae,
807 2904 959 2982 primum
983 2920 1110 2981 aspera
1134 2905 1222 2965 silva

102 3025 129 3065 aa
302 3010 501 3091 lappaeque
526 3010 729 3089 tribulique
753 3008 886 3089 absint,
910 3009 992 3088 iugc
1015 3009 1143 3088 pabula
1167 3012 1273 3088 laeta,

144 3116 221 3196 quod
251 3135 330 3177 nnnc
357 3127 460 3197 poetae
490 3121 520 3178 in
549 3116 650 3178 eadem
679 3124 763 3196 parte
792 3117 948 3196 orationis,
976 3125 1009 3176 ut
1037 3135 1126 3197 supra
1155 3118 1324 3202 docuimus,
1357 3125 1449 3201 magis

144 3223 209 3283 lieri
232 3232 369 3302 oportere
394 3225 567 3286 decernunt.
604 3224 682 3284 idem
706 3221 836 3284 vocalem
859 3225 888 3283 in
913 3223 972 3284 fine
991 3224 1072 3284 verbi
1096 3236 1277 3307 correptam,
1301 3248 1376 3307 qnae
1400 3249 1449 3290 ex-

144 3331 253 3410 cipitur
268 3348 283 3389 a
298 3330 394 3391 littera
410 3351 433 3411 z,
448 3334 526 3391 inter
541 3349 714 3391 communes
728 3327 854 3409 syllabas
868 3320 1035 3411 deputavit,
1044 3339 1077 3390 ut
1091 3325 1266 3412 ‘Eurique
1282 3334 1449 3415 Zephyri·

145 3455 211 3514 que
231 3445 330 3497 tonat
349 3432 496 3497 domus'.
520 3440 572 3516 qui
591 3436 693 3497 eadem
712 3435 848 3496 libertate
869 3434 1019 3515 synalipha
1039 3436 1187 3518 utebatur,
1207 3441 1352 3519 siquidem
1368 3451 1398 3502 et
1412 3460 1450 3521 m,

104 3558 131 3598 ao
144 3541 196 3602 nbi
215 3543 316 3624 voluit,
333 3547 363 3603 in
383 3545 441 3603 fine
461 3543 543 3604 verbi
561 3545 686 3624 positam
706 3561 722 3602 a
742 3543 980 3624 supervenientis
998 3542 1106 3604 vocalis
1125 3545 1332 3626 absumptione
1351 3565 1448 3608 reser-

146 3652 235 3730 vavit,
254 3658 288 3710 ut
307 3645 676 3730 ‘iterum-iterumque
696 3643 869 3729 monebo'3
888 3657 918 3708 et
937 3647 1052 3728 longam
1071 3651 1201 3713 vocalem
1220 3654 1336 3733 longam
1355 3672 1449 3714 rema-

146 3773 218 3817 ncre
241 3758 391 3837 permisit,
414 3765 447 3816 ut

236 3906 253 3953 4
271 3901 320 3954 VT
340 3932 373 3941 -
393 3901 615 3972 POSVERINT]
641 3901 689 3954 Du
708 3899 880 3954 DACTYLO
898 3899 946 3954 ΕΤ
965 3899 1134 3956 SPONDEO
1155 3902 1183 3956 P
1253 3912 1269 3960 6
1293 3910 1323 3961 et
1345 3907 1453 3977 dactyli

147 3979 209 4034 FL
228 3982 257 4035 et
275 3980 329 4036 duo
349 3981 454 4051 dactyli
474 3982 525 4039 ςΡ
584 3987 599 4035 'l
619 3983 650 4035 at
666 3980 747 4051 tuba]
772 3979 849 4050 Verp.
868 3981 936 4034 Aen.
963 3980 1071 4034 VIIII
1087 3985 1143 4036 503
1161 3985 1193 4037 at
1210 3984 1280 4038 tuba
1297 3987 1451 4042 terribilem

148 4059 268 4132 sonitum
287 4062 385 4130 procul
404 4078 468 4114 aere
485 4078 586 4116 canoro
654 4059 747 4114 sonitu
765 4059 796 4112 F
861 4059 966 4115 excitat
982 4059 1095 4114 horrida
1112 4062 1145 4114 in
1162 4061 1250 4117 littora
1266 4067 1372 4134 scripta
1388 4074 1454 4121 sunt

146 4140 178 4194 in
196 4139 228 4192 F
288 4144 373 4195 taut
391 4142 480 4211 leves]
506 4140 584 4209 Verp.
604 4139 672 4194 Aen.
698 4139 765 4192 VII
782 4143 836 4194 634
901 4145 934 4196 13
953 4139 1056 4213 duride
1076 4140 1108 4194 F
1170 4149 1202 4196 15
1221 4144 1270 4212 qni
1287 4147 1365 4214 (quin
1382 4165 1452 4202 corr.

147 4217 195 4287 qui
214 4219 252 4289 L)
271 4223 300 4274 et
318 4221 381 4275 aliis
401 4221 518 4277 FLPs
537 4218 649 4287 antiqui
666 4221 696 4272 et
713 4218 777 4272 aliis
796 4219 943 4275 Pntaclra'ua
998 4227 1030 4276 16
1048 4219 1168 4275 multum
1187 4238 1237 4278 om.
1253 4224 1293 4290 L,
1312 4228 1376 4282 add.
1391 4227 1454 4282 FP

182 4299 270 4355 libere
288 4302 320 4356 in
337 4319 422 4370 marp.
443 4301 506 4354 add.
528 4297 559 4352 F
609 4297 700 4367 poetis
719 4297 750 4350 F
802 4301 906 4371 certae]
926 4317 972 4355 cer
989 4302 1023 4356 in
1038 4302 1093 4368 fine
1111 4317 1203 4357 ocrsrvs
1222 4303 1253 4357 F
1307 4311 1339 4360 17
1359 4308 1453 4375 qetn

62 4430 64 4435 .
147 4378 211 4433 FP
224 4380 235 4434 i
249 4382 311 4435 etu
326 4381 353 4435 L
410 4389 442 4436 19
463 4398 534 4450 quae
555 4378 689 4449 calidum]
705 4377 817 4436 Lucret.
838 4379 884 4433 VI
896 4386 962 4436 868.
981 4381 1070 4435 codem
1084 4382 1203 4450 campio
1217 4388 1453 4442 ususmtdudna

149 4463 182 4516 da
199 4463 313 4532 syllabis
328 4470 389 4532 p.9
445 4461 546 4530 aquae]
567 4462 652 4528 atque
671 4458 698 4512 L
752 4459 861 4513 naum
880 4475 949 4515 corr.
968 4461 1075 4514 tactum
1090 4460 1121 4514 F
1178 4468 1213 4517 22
1232 4466 1397 4534 aestusquae
1411 4467 1452 4522 F:

154 4542 232 4611 Verq.
247 4560 335 4612 georg.
351 4545 442 4598 1352
498 4547 532 4595 24
551 4539 575 4595 si
589 4539 654 4610 tibi]
673 4538 751 4607 Verq.
765 4539 928 4608 paurpIII
940 4543 996 4593 384
1048 4540 1202 4596 latinitium
1216 4542 1247 4596 F
1299 4561 1381 4601 omae
1395 4546 1455 4602 FP

150 4638 217 4676 cura
230 4622 312 4676 estL
347 4622 480 4692 aspera]
495 4619 590 4689 aquila
603 4625 628 4675 ct
641 4621 673 4673 in
686 4635 772 4687 marg.
783 4635 883 4688 aspera
898 4618 927 4673 P
977 4625 1013 4675 28
1023 4620 1159 4695 Eurique]
1175 4621 1252 4693 Vcrp.
1261 4640 1349 4696 peorp.
1365 4627 1387 4680 1
1399 4631 1452 4682 371

188 4708 222 4756 30
233 4702 354 4771 positam
363 4702 435 4757 FPl
444 4701 537 4771 posuit
546 4700 573 4754 L
623 4698 819 4768 adsumptione
829 4698 860 4752 F
911 4705 943 4753 31
954 4700 1098 4756 utiterum
1108 4703 1309 4759 LPetiterum
1319 4705 1360 4761 F:
1375 4707 1453 4777 Verp.

150 4783 219 4838 Aen.
234 4783 296 4835 111
309 4785 364 4837 436
418 4797 561 4836 remanere
576 4782 749 4850 (permanere
763 4794 831 4835 corr.
841 4795 909 4836 rem.
924 4780 964 4851 P)
976 4782 1104 4851 permisit
1113 4782 1171 4837 LP
1181 4801 1324 4841 remanere
1340 4786 1416 4841 misit
1426 4787 1457 4840 F
