3316 5474
612 340 659 393 DE
679 340 969 395 ORTHOGRAPHIA
1397 341 1440 404 75

138 456 161 492 p.
175 442 232 481 mas
247 442 273 482 aa
287 441 311 481 r.

139 527 215 587 illam
239 526 295 587 sibi
318 526 416 586 locum
441 528 557 608 iecisse,
581 546 648 587 eum
672 527 802 606 alioquin
827 545 885 587 nou
909 526 1138 606 desideraretur,
1161 535 1195 586 ut
1217 529 1247 588 iu
1268 528 1440 587 vehemente

138 642 169 694 et
182 637 211 694 in
226 635 419 716 reprehenso,
433 618 501 694 cuin
516 653 637 694 vemens
651 643 680 694 et
696 653 857 713 reprensus
872 637 935 694 sine
950 634 1148 714 adspiratione
1164 635 1348 696 emendatius
1362 635 1439 695 dica·

135 733 214 822 tur):
240 749 386 802 nauatam
406 741 532 801 militum
551 760 639 820 quam
659 744 839 803 rusticorum
859 742 997 822 cobortes
1016 750 1095 823 sunt,
1115 741 1260 822 siquidem
1279 750 1309 802 et
1332 742 1440 802 milites

134 867 150 906 e
166 850 285 908 rusticis
300 858 330 909 et
349 869 385 909 ex
406 848 538 908 eiusdem
554 851 683 928 regionis
704 848 872 909 bominibus
888 848 1160 929 conscribebantur,
1179 858 1212 910 ut
1231 859 1261 910 et
1279 867 1439 928 agnoscere

107 960 165 1018 set
177 957 255 1014 tueri
270 957 395 1016 invicem
410 964 540 1035 possent.
556 955 633 1034 quod
648 975 742 1034 genus
757 955 893 1016 utilitatis
903 958 990 1016 etiam
1006 957 1082 1034 apud
1094 955 1255 1016 Homerum
1271 944 1325 1030 est,
1335 956 1386 1034 qui
1400 957 1440 1014 ait

295 1053 340 1135 aa
362 1056 494 1144 φρήτρη
519 1055 714 1144 φρήτρηφιν
739 1054 858 1143 tetra
882 1059 973 1142 φῦλα
998 1054 1035 1122 δὲ
1058 1054 1189 1141 φύλοις.

225 1168 301 1228 Sane
326 1188 451 1248 aspergo
475 1177 504 1229 et
527 1188 651 1249 aspargo
675 1167 785 1229 babent
808 1169 1003 1228 dillerentiarn
1028 1188 1124 1250 suam,
1148 1170 1294 1248 siquidem
1317 1188 1441 1249 aspergo

137 1273 258 1334 verbum
282 1285 338 1349 est,
367 1293 491 1355 aspargo
520 1295 637 1336 nomeu.
679 1279 778 1356 itaque
807 1285 837 1336 et
865 1275 1009 1354 Vergilius
1034 1275 1038 1351 1
1064 1279 1104 1337 ait
1134 1272 1246 1337 ‘salsa
1276 1284 1442 1356 spumant

136 1385 326 1461 aspargine
350 1378 500 1443 cautes'.

100 1515 125 1553 ιο
226 1490 339 1567 Aquam
369 1508 488 1568 quoque
512 1509 566 1570 per
590 1509 608 1569 q
629 1489 794 1551 scribentes
818 1508 926 1551 nomen
950 1490 1134 1551 ostendimus
1160 1492 1203 1569 [et
1232 1491 1437 1572 trisyllabum],

139 1614 190 1674 per
209 1615 225 1655 c
245 1613 314 1655 vero
340 1595 464 1655 verbum
487 1595 523 1655 ab
547 1616 581 1656 eo
606 1597 684 1676 quod
710 1607 755 1657 est
779 1616 852 1657 acero
877 1596 920 1673 [et
944 1597 1075 1677 acuerel,
1100 1601 1211 1659 utinam
1234 1617 1345 1659 acuam.

226 1703 348 1762 Aurifex
366 1702 470 1762 melius
489 1705 567 1781 peri
587 1712 680 1783 sonat,
695 1722 782 1782 quam
797 1722 850 1782 per
868 1722 896 1764 u.
933 1712 963 1763 at
977 1722 1124 1782 aucupare
1145 1714 1175 1765 et
1194 1706 1353 1783 aucupium
1368 1705 1439 1765 mibi

138 1827 242 1870 mrsus
270 1809 376 1869 melius
400 1809 518 1869 videtur
542 1828 646 1869 sonare
670 1828 725 1889 per
748 1829 767 1870 ιι
792 1828 880 1889 quarn
903 1828 957 1889 per
985 1812 1007 1890 i3
1036 1819 1067 1870 et
1094 1811 1172 1871 idem
1202 1821 1298 1873 tanmn
1328 1813 1441 1890 aucipis

137 1915 212 1976 malo
244 1934 331 1994 quam
362 1918 498 1996 aucupis,
533 1918 600 1995 quia
631 1918 693 1975 scio
725 1934 891 1976 sermonem
923 1924 952 1975 et
985 1916 1085 1977 decori
1119 1920 1230 1978 servire
1262 1927 1293 1978 et
1325 1921 1441 1979 aurium

101 2048 126 2087 rs
139 2022 288 2102 voluptati.
321 2023 400 2083 unde
420 2025 452 2084 tn
472 2033 504 2083 ut
523 2042 610 2102 saepe
635 2022 712 2082 aliud
737 1988 912 2101 scribamus,
935 2022 1013 2083 aliud
1033 2026 1232 2105 enuntiemus,
1256 2027 1332 2085 sicut
1352 2044 1442 2105 supra

138 2130 254 2191 locutus
278 2149 343 2190 sum
373 2130 409 2189 de
434 2133 496 2190 viro
522 2130 620 2207 [vero]
646 2138 685 2190 et'
701 2132 823 2210 virtute,
851 2128 903 2189 ubi
926 2131 935 2188 i
959 2127 1101 2190 scribitur
1125 2139 1155 2191 et
1178 2149 1271 2210 paene
1302 2151 1322 2192 u
1350 2150 1441 2192 enun-

139 2239 236 2298 tiatur.
274 2237 353 2298 unde
377 2237 420 2297 Ti.
446 2236 584 2297 Claudius
604 2255 708 2297 novam
732 2236 879 2315 quandam
903 2237 1031 2297 litteram
1060 2240 1235 2316 excogitavit
1261 2238 1387 2298 similem
1415 2240 1443 2297 ei

138 2352 223 2405 nome
253 2362 340 2422 quam
369 2363 423 2422 pro
452 2345 649 2424 adspiratione
678 2343 783 2403 Graeci
810 2355 938 2425 ponunt,
966 2363 1019 2423 per
1047 2364 1134 2424 (paam
1164 2344 1367 2405 scriberentur
1390 2365 1442 2405 eae

141 2469 226 2510 voees
258 2469 333 2529 quae
368 2470 463 2529 neque
492 2450 656 2511 secundum
689 2449 849 2510 exilitatem
879 2454 891 2509 ι’
917 2450 1032 2510 litterae
1066 2470 1162 2530 neque
1192 2451 1355 2512 secuudum
1379 2455 1442 2531 pin-

210 2614 301 2668 Codax
322 2612 472 2668 Parrhasii
509 2612 632 2734 ilillam]
652 2612 732 2666 illum
804 2618 954 2667 tremens
969 2615 998 2667 et
1011 2616 1167 2686 reprensus]
1188 2617 1339 2670 uehemens
1353 2617 1383 2669 et
1400 2631 1441 2669 re

498 2697 544 2733 tus
648 2697 686 2733 tur

139 2747 291 2816 prehensus
382 2747 561 2801 emendamus
585 2746 710 2801 dicamus
730 2746 764 2801 C:
788 2747 845 2800 tius
863 2751 888 2800 et
905 2749 952 2800 tur
968 2764 1135 2817 superma
1224 2755 1240 2803 5
1265 2747 1373 2818 possint

140 2843 226 2896 genus
249 2826 335 2880 etiarn
358 2827 493 2882 utilitatis
516 2828 591 2897 apud
682 2834 698 2881 6
722 2823 831 2895 φρήτρη
852 2860 883 2867 -
904 2823 1004 2897 φύλοις
1027 2830 1138 2894 addc,
1161 2846 1222 2883 cane
1240 2830 1336 2898 prima
1358 2846 1444 2882 manu

139 2907 224 2961 auiam
243 2900 281 2968 eie
299 2908 431 2976 scriptam
445 2912 510 2962 esset
582 2910 661 2960 8est
675 2923 725 2961 ona.
799 2907 838 2977 et]
858 2910 890 2962 ut
963 2914 995 2963 10
1013 2923 1063 2978 per
1081 2915 1098 2977 r]
1115 2914 1207 2962 iram
1222 2907 1373 2962 scribentes

142 2992 172 3039 11
192 2985 313 3059 utinam]
333 2989 459 3043 autinam
552 2993 584 3041 12
608 3005 658 3056 per
676 3005 695 3040 u
713 2989 745 3041 ut
765 3004 904 3058 aucupare
923 2990 952 3042 et
971 2986 1112 3056 aucipinm
1203 2993 1235 3041 18
1259 2986 1444 3042 scriberentur

141 3083 186 3121 eas
203 3084 286 3122 nuces
360 3076 393 3124 19
414 3069 571 3124 exilitatem
589 3068 701 3123 litterae
772 3067 998 3138 pinguitudinem
1017 3066 1129 3122 litterae
1148 3070 1249 3122 sonant

231 3216 243 3262 1
264 3209 343 3265 illam
364 3211 417 3266 sibi
435 3212 527 3266 locum
546 3210 642 3266 fecisse
661 3215 794 3265 comestor
812 3210 912 3264 codicis
928 3209 1058 3263 Vaticani
1128 3216 1144 3262 2
1165 3227 1227 3263 cum
1247 3209 1397 3263 vehemens
1416 3212 1444 3264 et

139 3292 322 3361 reprehensus
340 3291 368 3344 R
458 3298 474 3344 ὃ
493 3292 615 3360 possint,
637 3291 712 3360 quud
730 3305 818 3360 genus
837 3289 923 3343 etiam
942 3289 1073 3343 utilitatis
1091 3290 1165 3359 apud
1185 3290 1337 3345 Homerum
1356 3291 1398 3343 ast
1415 3289 1443 3343 a

209 3366 283 3434 θὼς
301 3368 422 3440 φρήτρη]
442 3370 523 3425 Hora.
544 3371 583 3424 Il.
604 3375 624 3423 B
644 3375 698 3424 363
807 3376 821 3425 7
845 3386 964 3439 aspergo
983 3369 1112 3435 verbum,
1136 3371 1165 3423 et
1189 3385 1308 3439 aspergo
1334 3387 1442 3425 nomen

140 3451 237 3520 ltaque
256 3452 288 3504 ut
306 3451 441 3521 Virgilius
460 3450 501 3504 ait
518 3450 546 3503 R
618 3455 634 3502 8
655 3449 739 3520 salsa]
761 3449 838 3520 Vera.
854 3453 923 3505 Aen.
944 3451 1007 3504 ΙΙΙ
1024 3455 1077 3505 531
1152 3455 1184 3503 10
1203 3452 1312 3518 Aquam
1332 3466 1443 3518 quoque

139 3547 188 3599 per
206 3549 225 3600 q
244 3548 399 3599 aquam.
419 3531 569 3585 scribentes
587 3529 615 3583 R
724 3530 790 3599 ‘lepe
813 3530 994 3599 disyllabum,
1018 3535 1067 3583 aut
1090 3531 1139 3583 boc
1162 3530 1239 3583 modo
1259 3527 1444 3582 ostendimus:

138 3612 169 3664 at
182 3610 357 3678 trisyllabum
371 3629 421 3681 per
435 3629 449 3665 c
463 3610 590 3664 verbum’
608 3610 795 3664 Commeiinus.
819 3617 929 3679 poterat
948 3611 1124 3679 transpositis
1137 3610 1225 3663 ambis
1237 3608 1322 3662 scribi
1340 3624 1442 3663 nomeu

138 3689 320 3757 ostendimus,
345 3709 394 3761 per
413 3710 428 3746 c
452 3709 518 3746 vero
542 3690 657 3744 verbum
677 3690 713 3743 ab
737 3707 770 3744 eo
788 3691 863 3758 quod
881 3695 926 3746 est
943 3709 1013 3747 acuo
1032 3691 1122 3756 acuis,
1146 3692 1176 3744 et
1194 3691 1237 3743 est
1255 3687 1443 3757 trisyllabum,

137 3770 246 3824 utinam
264 3786 371 3827 acuam.
398 3772 571 3840 probabilius
589 3772 779 3824 tommosam
798 3777 835 3824 est
854 3774 883 3826 et
902 3770 1077 3839 trisyllabum
1092 3774 1116 3824 et
1135 3769 1231 3823 deinde
1250 3771 1279 3821 et
1297 3783 1396 3822 acuere
1410 3785 1444 3823 aa

137 3851 261 3920 marpine
283 3851 364 3904 atleta
382 3867 441 3906 esse.
470 3868 535 3903 nom
554 3867 654 3918 aquam
674 3851 755 3903 etiam
774 3853 914 3922 trisyllaba
931 3852 988 3905 dici
1006 3851 1054 3903 oia
1070 3854 1176 3917 poterat
1194 3850 1244 3903 boc
1262 3849 1318 3902 loeo
1332 3848 1445 3916 Laupas

137 3946 343 3984 comemmorans
415 3937 447 3984 12
467 3931 499 3983 ut
512 3945 650 3999 aucupare
665 3931 694 3983 et
707 3932 857 4000 aucupium
872 3932 908 4001 R,
927 3934 957 3985 at
971 3947 1109 4000 aucupare
1124 3930 1152 3983 et
1165 3927 1316 3997 aucupium
1330 3929 1443 3983 Iunias.

138 4011 174 4077 cs.
187 4026 220 4078 p.
240 4014 286 4077 67,
306 4015 323 4063 3
397 4017 430 4065 16
450 4010 560 4064 loeutus
580 4027 650 4062 sum.
678 4009 719 4064 De
738 4009 797 4064 viro
812 4029 878 4065 vero
893 4014 921 4067 et
940 4011 1043 4065 virtute
1062 4010 1103 4078 It,
1123 4010 1233 4062 locutus
1251 4026 1312 4061 sum
1332 4008 1366 4062 de
1384 4008 1444 4063 riro

87 4120 93 4129 ·
138 4092 168 4143 et
189 4087 295 4143 virtute
317 4089 453 4161 Taploms
478 4091 508 4142 in
531 4104 651 4142 marmor
670 4089 853 4145 Saadoicense
870 4091 1079 4160 (Cantabripiae
1101 4108 1127 4143 a.
1147 4093 1231 4155 1743)
1251 4106 1280 4157 p.
1300 4093 1344 4157 47,
1367 4107 1444 4158 quem

136 4176 245 4225 undas
262 4176 300 4225 est
319 4172 499 4225 Schneideras
516 4185 629 4239 promor.
649 4169 696 4222 lat.
715 4184 739 4220 c.
760 4168 781 4219 I
793 4187 824 4236 p.
844 4175 899 4226 22:
918 4172 953 4236 cs.
969 4187 998 4238 p.
1019 4174 1063 4235 54,
1082 4175 1117 4224 13
1191 4175 1223 4223 18
1248 4186 1297 4223 eae
1316 4186 1397 4224 voces
1416 4170 1444 4223 It

137 4256 162 4304 et
180 4251 265 4304 codex
287 4250 383 4304 Vrsini
455 4256 488 4304 19
508 4266 579 4318 quaa
599 4265 689 4317 neque
707 4249 861 4302 secuudum
880 4249 1033 4305 exilitatem
1052 4251 1163 4304 litterae
1182 4265 1271 4317 neque
1291 4248 1443 4302 secuudum

136 4330 366 4403 pinguitudinem
391 4331 503 4384 litterae
530 4330 630 4384 sonant
655 4329 697 4399 R,
722 4345 794 4397 quae
820 4344 910 4396 neque
936 4331 1090 4385 secuudum
1115 4330 1270 4384 exilitatem
1294 4327 1405 4382 litterae
1432 4329 1443 4382 i

137 4421 234 4481 neque
249 4411 399 4465 seeundum
424 4409 649 4481 pinguitudinem
672 4410 783 4465 litterae
806 4430 825 4464 u
847 4410 949 4465 sonant
969 4410 1105 4479 Taplorus
1123 4415 1147 4463 et
1166 4408 1357 4476 Seleucideras,
1380 4411 1443 4463 item

137 4492 280 4562 Sryfertua
301 4494 481 4560 praesentiat.
505 4509 529 4546 φ.
550 4494 571 4544 Ι
591 4509 619 4560 p.
639 4496 701 4545 100.
731 4507 801 4560 quae
824 4505 916 4557 neque
940 4490 1091 4544 secundum
1117 4487 1272 4542 exilitatem
1296 4489 1308 4540 l
1332 4487 1443 4544 litterae

137 4588 229 4640 neque
255 4571 407 4625 seeundum
434 4571 659 4641 pinguitudinem
685 4572 709 4623 V
735 4571 847 4625 litterae
873 4571 1017 4637 sonarent,
1042 4570 1074 4621 ut
1099 4567 1128 4620 iu
1151 4583 1183 4621 eo
1208 4566 1282 4634 quod
1307 4568 1349 4620 est
1371 4568 1444 4623 bibit

138 4651 238 4720 pudet,
257 4666 349 4718 neque
362 4670 455 4706 rursus
470 4652 620 4706 secuudum
641 4651 730 4705 latum
749 4651 860 4704 litterae
874 4667 972 4705 sonum
987 4647 1210 4714 enuntiarentur,
1228 4649 1261 4701 ut
1278 4647 1308 4701 in
1322 4666 1355 4705 eo
1369 4653 1443 4719 quod

139 4732 183 4784 eut
201 4731 298 4800 lugere
313 4732 434 4786 scribere
449 4734 562 4787 corriecit
575 4732 742 4787 Bricbeleras
755 4734 788 4788 de
804 4735 846 4787 Ti.
862 4733 982 4788 Claudio
998 4731 1112 4786 Caesare
1124 4729 1301 4798 prammatteo
1314 4730 1443 4795 (Bonane

139 4827 165 4863 a.
184 4815 272 4877 resa)
286 4828 316 4878 p.
336 4816 371 4866 17
