3316 5474
226 368 291 432 206
766 369 995 425 CASSIODORII

229 481 250 516 p.
265 469 324 508 sarr.
342 470 365 508 rs
379 469 403 507 P.

317 552 483 613 Obliviscor
506 553 741 631 compositumne
765 571 801 613 an
825 555 948 634 simplex
973 549 1041 613 cst?
1070 549 1418 632 compositum,scilicet
1445 550 1536 610 liuius

229 659 352 740 simplex
382 659 453 720 latet
481 661 510 719 in
535 661 664 737 antiquis
694 658 877 736 [nominibus
900 659 945 735 et]
975 661 1187 720 monumentis:
1215 657 1308 718 livisci
1339 660 1416 718 enim
1450 655 1535 733 [obli-

229 766 314 844 visci]
344 777 390 827 est
417 775 448 827 et
475 766 588 846 livitus,
617 765 695 843 quod
724 784 778 824 nos
806 764 894 827 bodie
924 785 979 845 per
1012 765 1164 827 elisionem
1195 764 1313 825 oblitus.
1357 763 1435 843 quod
1467 782 1535 823 cum

229 876 416 935 manifestum
448 875 551 952 luerit,
588 873 757 952 planissime
789 875 884 953 quivis
914 872 1066 951 intelleget
1095 875 1125 933 in
1156 875 1303 952 scriptura
1335 871 1416 931 verlvi
1446 871 1536 931 lrrrius

229 981 417 1062 divisionem,
440 980 478 1041 ob
502 989 532 1039 ct
556 979 683 1039 liviscor.

317 1088 487 1167 Pompeiius
514 1086 670 1165 Tarpeiins
699 1096 730 1148 et
758 1090 833 1148 eiius
862 1106 917 1167 per
944 1086 1003 1148 duo
1026 1089 1036 1146 i
1065 1086 1221 1147 scribenda
1249 1097 1319 1147 sunt
1351 1098 1381 1148 et
1413 1095 1537 1165 propter

229 1213 335 1254 sonvvm
358 1187 488 1275 (plenius
512 1195 590 1254 enim
615 1189 734 1274 sonant)
759 1204 789 1254 et
811 1204 934 1274 propter
957 1203 1065 1255 metra:
1089 1212 1249 1273 numquam
1273 1196 1351 1253 enim
1376 1193 1460 1272 longa
1485 1193 1535 1252 iret

229 1301 351 1382 syllaba,
376 1304 432 1362 nisi
456 1320 509 1381 per
532 1303 542 1361 i
565 1301 715 1379 geminum
740 1300 908 1361 scribatur·
934 1300 1010 1360 hanc
1032 1302 1210 1379 scripturam
1231 1302 1278 1360 ‘ita
1303 1299 1473 1372 dividimus,
1502 1307 1537 1358 ut

230 1409 369 1487 praedixi.
407 1427 486 1469 nunc
504 1408 591 1489 illud,
612 1410 741 1487 genetivi
760 1427 864 1469 eorum
885 1415 915 1468 et
933 1409 1102 1468 nominativi
1128 1406 1257 1486 plurales
1281 1416 1311 1467 et
1328 1407 1422 1467 dativi
1446 1424 1535 1485 quern

229 1515 264 1574 ad
289 1515 409 1576 modum
433 1515 602 1576 scribantur
626 1516 784 1576 videamus.
822 1514 940 1595 quidam
964 1514 1052 1575 huius
1080 1512 1202 1593 Pompei
1221 1513 1341 1594 Tarpei,
1364 1513 1394 1573 hi
1414 1512 1534 1592 Pompei
1552 1525 1578 1562 1⁰

231 1622 352 1702 Tarpei,
374 1622 421 1682 bis
444 1623 582 1702 Pompeis
606 1622 730 1702 Tarpeis
752 1642 806 1702 per
829 1641 923 1683 unum
945 1623 955 1680 i
980 1620 1128 1681 scribunt:
1158 1638 1215 1680 uon
1239 1620 1313 1681 nvvlli
1341 1620 1448 1700 pusillo
1472 1621 1536 1681 dili·

229 1732 380 1807 gentiores
403 1729 529 1790 alterum
553 1732 563 1788 i
591 1729 636 1789 bis
659 1729 785 1791 addunt:
813 1748 867 1808 ego
891 1748 1011 1808 quoque
1043 1729 1164 1788 tertium
1188 1727 1354 1788 addendum
1378 1729 1537 1808 praecipio.

229 1838 255 1895 si
284 1838 376 1917 enim,
405 1845 437 1897 ut
465 1836 567 1916 docui,
600 1838 797 1896 nominativus
826 1836 885 1896 duo
915 1837 923 1894 i
951 1834 1041 1894 babet
1068 1852 1122 1914 pro
1151 1833 1266 1893 duabus
1296 1832 1537 1914 consonantibus,

229 1942 301 2002 baec
332 1945 430 2022 perire
459 1942 537 2002 nulla
561 1942 757 2003 declinatione
786 1950 925 2021 possunt,
954 1959 1028 2019 (puae
1052 1948 1152 2000 tamen
1175 1939 1351 2000 omnimodis
1375 1939 1537 2000 modernus

229 2068 303 2109 visvis
327 2049 464 2111 excludit.
1554 2057 1579 2096 ¹5

229 2203 276 2267 XI
307 2204 366 2268 EX
400 2203 529 2269 LVCIO
559 2203 761 2269 CAECILIO
788 2202 972 2268 VINDIUE
1002 2201 1101 2267 ISTA
1130 2202 1394 2267 DEFLORATA
1423 2202 1537 2267 SVNT
1604 2251 1609 2263 .

320 2333 347 2393 ill
372 2332 514 2414 litteram,
537 2332 572 2392 ad
592 2332 707 2392 vocales
731 2334 826 2412 primo
846 2332 910 2393 loco
932 2335 963 2393 in
982 2330 1080 2392 verbis
1104 2333 1215 2410 positas
1239 2335 1264 2392 si
1287 2334 1455 2412 accesserit,
1480 2352 1538 2392 rron

229 2440 464 2519 enuntiabimus3
487 2458 555 2501 cum
574 2447 673 2500 autern
692 2438 728 2499 ad
747 2448 944 2500 consonantes
958 2448 1014 2499 aut
1032 2437 1200 2517 digammon
1224 2437 1382 2519 aeolicum,
1405 2457 1460 2517 pro
1479 2457 1538 2518 quo

230 2565 284 2607 nos
308 2567 325 2605 v
348 2547 412 2607 loco
432 2549 621 2607 consonantis
645 2549 738 2625 posita
764 2548 893 2627 utimur,
916 2555 986 2607 tunc
1010 2563 1065 2624 pro
1084 2563 1113 2604 nr
1138 2544 1235 2606 littera
1255 2564 1274 2605 n
1294 2545 1409 2606 litterae
1431 2564 1537 2605 sonum

232 2653 386 2715 decentius
406 2647 411 2736 Ι
432 2655 599 2714 elleremus.
1554 2663 1580 2700 2⁰

319 2759 391 2821 Luci
412 2762 508 2839 magni
528 2761 604 2839 magi
624 2778 692 2820 curn
715 2762 745 2820 in
769 2760 913 2838 genetivis
932 2758 1132 2837 singularibus
1151 2758 1292 2838 dicimus,
1316 2759 1442 2818 interest
1464 2776 1539 2837 quos

231 2868 427 2927 nominativos
444 2865 584 2928 habeant:
602 2866 727 2946 proinde
747 2868 826 2927 enirn
845 2867 999 2946 intererit,
1019 2872 1120 2926 utrum
1139 2883 1193 2944 per
1212 2865 1299 2953 duoi
1318 2883 1355 2925 an
1374 2883 1428 2944 per
1447 2882 1539 2924 unum

232 2972 360 3033 debeant
387 2971 486 3033 scribi.
524 2974 548 3032 si
576 2970 663 3033 lucus
691 2991 813 3052 magnus
842 2990 944 3052 magus
973 2980 1044 3031 sunt
1072 2972 1243 3032 nominativi
1266 2990 1384 3051 eorum,
1413 2975 1539 3032 unnmi
1641 2954 1643 2957 V

231 3081 261 3139 in
285 3080 421 3158 genetivo
446 3078 610 3139 habebunt:
633 3078 739 3158 plurali
763 3097 882 3159 quoque
902 3081 1081 3140 nominativo
1101 3086 1132 3138 et
1150 3081 1295 3160 vocativo,
1319 3080 1370 3139 sed
1395 3088 1425 3140 et
1443 3079 1539 3140 dativo

232 3195 263 3246 et
286 3185 410 3246 ablativo
434 3186 569 3246 similiter
588 3186 765 3247 scribentur.
804 3188 829 3246 si
848 3194 946 3246 autem
967 3184 1076 3246 Lucius
1095 3185 1229 3264 Magnius
1250 3187 1363 3265 vrragius
1386 3187 1538 3266 proleran·
1554 3194 1580 3233 Β»

232 3301 295 3374 tur,
318 3292 377 3353 (luo
403 3294 413 3352 i
439 3295 469 3353 iu
494 3295 629 3372 genetivo
651 3290 815 3372 habebunt,
838 3290 921 3351 Lucii
940 3291 1048 3370 Magoii
1066 3293 1168 3370 magi,
1191 3289 1269 3369 quod
1294 3291 1542 3372 ipsumLucilius

236 3399 396 3478 adnotavit,
420 3415 488 3458 cum
512 3416 528 3456 a
551 3416 676 3458 numero
701 3397 861 3458 Numerius
884 3396 1077 3458 discerneret.

323 3559 335 3606 1
357 3551 508 3607 obliniscor
526 3543 748 3620 compositumne
767 3567 813 3603 am
832 3549 949 3619 simplex
968 3550 1012 3602 est
1030 3549 1214 3617 compositum
1235 3549 1344 3605 scilicet
1363 3551 1447 3606 huius
1466 3553 1541 3606 enim

231 3631 349 3701 simplex
372 3631 444 3685 latet
462 3630 488 3682 A
512 3629 662 3684 obliniscor
685 3646 740 3684 non
764 3628 883 3697 simplex
907 3627 1082 3696 conpositum
1108 3629 1153 3682 est
1175 3628 1350 3697 conpositum
1369 3634 1448 3698 (corr.
1469 3633 1539 3686 obli-

229 3710 323 3766 niscor
341 3709 516 3778 conpositum
536 3711 652 3762 estnon
671 3706 790 3776 simplex
809 3705 958 3776 conpositi)
978 3705 1085 3762 scilicet
1103 3707 1185 3761 huius
1200 3706 1319 3775 simplex
1338 3708 1409 3763 lutet
1428 3708 1452 3760 0
1469 3710 1539 3763 obli·

230 3787 322 3843 uiseor
336 3786 522 3856 compositum
536 3802 571 3840 ne
585 3802 621 3839 un
636 3785 754 3855 simplex
772 3786 844 3840 lutet
861 3785 889 3838 Β
943 3792 959 3840 2
979 3785 1137 3841 nominibus
1156 3791 1186 3842 et
1203 3803 1253 3841 om.
1272 3786 1300 3839 Β
1356 3794 1372 3840 3
1391 3787 1493 3842 leuitns
1512 3789 1539 3841 Β

267 3884 339 3936 quse
353 3866 442 3921 nost]
493 3872 510 3919 4
529 3863 693 3934 plenissime
707 3865 765 3919 AG
776 3864 937 3934 plenissime
951 3864 978 3918 Β
1028 3864 1169 3937 intellegit
1182 3867 1241 3922 Ac
1288 3866 1497 3937 inscriptorum
1513 3868 1540 3920 Β

267 3955 283 4003 6
301 3947 426 4018 terpssins
444 3947 471 3999 A
490 3943 592 4013 trepeii
610 3943 638 3995 Β
712 3944 771 3999 eius
790 3946 817 3999 A
890 3951 906 3998 9
925 3945 1005 3999 111ιιιιι
1024 3942 1052 3995 Β
1126 3951 1159 4000 10
1178 3947 1208 4002 bi
1226 3947 1341 4018 pompei
1358 3951 1387 4001 et
1404 3947 1495 4015 tarpei
1513 3948 1540 4000 Β

268 4035 300 4082 11
320 4029 364 4082 his
383 4025 509 4096 pompeis
527 4024 572 4080 his
590 4025 694 4095 tarpeis
714 4026 774 4078 AB
859 4024 974 4097 pusillo]
996 4027 1059 4095 plns
1079 4026 1129 4082 illo
1147 4029 1174 4082 A
1262 4033 1294 4082 12
1314 4028 1434 4082 alterum
1453 4028 1513 4081 AB
1520 4029 1542 4080 Β

267 4110 381 4164 tertiam
400 4107 558 4162 addendam
576 4108 636 4161 AB
655 4107 769 4162 tertiam
787 4106 898 4162 eddeda
917 4105 941 4160 0
1012 4111 1044 4161 13
1064 4106 1118 4162 dno
1136 4124 1187 4163 om.
1207 4108 1264 4163 Au
1337 4115 1369 4162 tt
1387 4107 1468 4178 haee]
1487 4109 1541 4161 hae

232 4189 322 4244 ABG
392 4195 426 4243 1s
446 4185 669 4242 DEFLORATA
688 4187 746 4241 Ao
762 4184 953 4242 COLLECTA
971 4186 999 4239 B
1078 4187 1175 4242 SUNT
1193 4205 1243 4245 om.
1263 4191 1290 4244 A
1367 4196 1397 4243 l'l
1417 4190 1446 4243 Μ
1465 4189 1540 4243 litte-

230 4289 291 4327 ram
310 4290 372 4326 cnm
391 4269 428 4325 ed
446 4267 560 4324 vocales
580 4299 613 4308 -
632 4266 739 4337 positas
758 4265 907 4339 accesserit
925 4265 984 4320 Ac
1068 4273 1101 4322 18
1120 4285 1183 4324 cnm
1202 4271 1297 4324 autem
1316 4273 1500 4325 consonantes
1521 4270 1544 4319 Γ

230 4369 293 4406 cum
312 4355 363 4407 ant
380 4353 564 4407 consonantes
583 4350 610 4402 A
661 4349 712 4420 1111
732 4349 823 4419 posita
841 4365 891 4404 orn.
909 4348 937 4401 Β
1005 4354 1038 4402 21
1058 4349 1126 4404 Luci
1145 4350 1241 4420 magni
1258 4350 1399 4420 megicnm
1418 4350 1447 4404 in
1465 4349 1541 4419 geni-

230 4431 297 4487 tinis
320 4432 348 4485 B
371 4430 440 4485 Luci
465 4428 561 4498 magni
584 4428 672 4498 (mugi
691 4430 755 4484 add.
774 4432 799 4495 c)
821 4447 884 4485 cnm
910 4426 1049 4496 genetiuis
1068 4429 1126 4483 AG
1212 4435 1246 4484 23
1266 4447 1383 4500 magnus
1402 4435 1427 4483 et
1445 4431 1542 4484 duride

229 4513 359 4582 Magnins
382 4517 407 4566 ct
430 4509 540 4579 Msgnii
562 4511 671 4565 seclusit
691 4511 843 4567 Muellerus
864 4509 897 4561 s'o
915 4506 1006 4561 noes.
1025 4508 1125 4578 fragm.
1145 4526 1175 4577 p.
1195 4514 1246 4564 141
1339 4528 1424 4564 unum
1449 4510 1457 4562 i
1480 4510 1508 4561 Β
1532 4511 1541 4563 i

229 4609 316 4645 unum
334 4590 393 4645 Ac
462 4596 495 4643 25
515 4589 645 4646 similiter
659 4591 815 4648 scribentur
828 4588 856 4641 B
875 4585 1006 4642 scribitur
1022 4585 1152 4643 similiter
1166 4589 1224 4643 Au
1285 4596 1319 4644 26
1337 4592 1371 4643 ut
1388 4590 1492 4651 lnciiB
1513 4594 1543 4644 et

230 4671 296 4725 lucii
316 4673 343 4724 A
406 4670 481 4741 quod
499 4669 591 4738 ipsum
610 4670 634 4725 0
650 4689 681 4739 (ῃ
700 4671 792 4740 ipsum
807 4670 834 4723 A
853 4683 925 4737 quae
939 4667 1028 4736 ipsius
1046 4667 1074 4721 Β
1136 4668 1271 4741 Lucilius]
1288 4669 1395 4724 Oburss.
1408 4689 1437 4739 p.
1453 4677 1499 4736 78,
1515 4678 1540 4734 Β,

231 4751 390 4804 Caesellium
408 4767 464 4805 rsou
482 4756 551 4805 recte
575 4753 783 4818 interpretatum
809 4765 863 4804 esce
880 4748 989 4802 Lucilii
1010 4763 1117 4803 versura
1134 4748 1279 4803 uduotuos't
1296 4748 1492 4806 Mdvmuuuus
1511 4753 1543 4805 iu

230 4831 338 4886 Lucret.
354 4848 385 4897 p.
404 4835 461 4885 329
528 4836 568 4891 ,27
588 4829 750 4899 Numerius]
769 4844 898 4884 numeros
917 4828 945 4881 Β
