3316 5474
231 370 295 432 184
772 362 1002 418 cassiooouu

227 483 249 520 ρ.
263 471 316 510 asos
331 469 355 508 r.

227 558 373 634 integram
391 556 484 632 magis
508 571 574 613 esse
597 550 757 611 dictionem
777 557 881 610 noster
896 551 1014 610 animus
1032 548 1203 610 arbitratur.
1240 568 1443 611 ammonemus
1462 569 1533 630 quo-

228 682 286 743 que
305 661 384 741 qood
408 664 438 721 in
457 660 627 720 derivativis
649 657 698 716 bic
717 658 820 737 edam,
842 657 921 716 sicut
939 655 1064 737 ubique,
1087 655 1288 735 spectabimus
1305 659 1535 736 primiformium

228 769 355 850 regulas,
378 777 411 829 ut
435 769 534 835 cervix
558 764 711 845 cervicale,
734 763 831 842 pulvis
853 761 1061 842 pulvinarium,
1084 780 1192 840 quasa
1215 766 1388 842 posteritate
1407 765 1534 844 syllabae

228 879 381 937 venientes
412 873 500 954 paulo
532 882 601 954 post
632 879 811 950 retegemus.
863 868 938 929 banc
970 868 1142 948 regularum
1173 868 1348 930 divisionem
1380 872 1535 933 confirmat

230 985 377 1062 scriptura
406 982 548 1042 convivii:
578 996 646 1038 nam
675 975 811 1037 dissimili
838 984 973 1055 tempore
995 977 1052 1036 vivi
1080 975 1207 1054 syllabae
1231 980 1409 1038 constitutae
1432 987 1563 1039 notan-⁵

231 1099 280 1150 tur
312 1088 462 1167 similiter,
495 1086 574 1166 quod
606 1087 702 1166 prior,
734 1084 763 1144 id
796 1091 842 1143 est
868 1082 1131 1164 antepaeuultima,
1159 1083 1244 1163 longa
1272 1094 1318 1145 est
1345 1093 1376 1146 et
1405 1088 1536 1165 speciem

230 1195 348 1273 regulae
372 1196 483 1255 meruit
505 1192 593 1272 paulo
615 1202 683 1252 aute
707 1199 901 1272 memoratae,
924 1189 976 1251 ubi
999 1192 1188 1250 meminimus
1210 1193 1238 1251 vi
1261 1191 1378 1271 longam
1400 1194 1431 1252 in
1454 1202 1534 1252 aute·

231 1301 409 1382 paenultima
442 1300 512 1360 sede
547 1301 738 1359 constitutam
769 1316 824 1378 per
852 1316 868 1356 v
900 1297 1031 1358 vocalem
1064 1297 1221 1359 habentem
1247 1300 1312 1377 ⁴vim
1345 1302 1537 1359 consonantis

230 1408 399 1468 necessario
422 1405 526 1486 scribi,
554 1423 677 1465 manens
700 1403 792 1464 altera
821 1403 919 1464 brevis
942 1422 1032 1483 supra
1054 1403 1294 1466 dictae‘servivit
1321 1405 1457 1487 regulae,
1485 1406 1536 1466 ribi

230 1514 359 1574 diximus
383 1515 409 1573 vi
433 1512 553 1573 brevem
576 1515 606 1572 iu
630 1511 728 1572 medio
752 1513 879 1571 nominis
902 1513 1029 1590 positam
1051 1529 1143 1590 perv
1167 1514 1273 1573 notari.
1309 1513 1442 1592 regulam
1464 1533 1536 1594 ergo
1552 1526 1578 1563 ¹⁰

212 1619 358 1680 'absurde
382 1638 442 1679 uon
465 1618 595 1680 arbitror
618 1638 684 1679 esse
707 1618 839 1679 divisam.

319 1726 361 1786 Vo
385 1724 494 1806 syllaba
517 1725 604 1805 longa
628 1726 672 1786 vel
696 1725 795 1785 brevis
818 1727 847 1785 iu
872 1724 968 1785 medio
992 1728 1121 1785 nominis
1144 1728 1239 1805 posita
1262 1745 1316 1806 per
1337 1747 1355 1787 v
1378 1728 1538 1809 scribetur,

322 1889 335 1934 1
356 1897 548 1935 ammonemus
562 1896 673 1948 quoque
687 1879 716 1932 in
731 1877 895 1933 derivativis
907 1879 954 1933 hic
968 1896 1029 1934 esse
1043 1879 1115 1935 sicut
1128 1880 1232 1949 ubique
1245 1882 1426 1936 tractavimus
1439 1881 1536 1951 primi-

231 1963 361 2017 formium
375 1960 488 2029 regulas
503 1960 601 2014 Carrio
656 1966 672 2012 2
692 1957 737 2012 hic
752 1958 837 2012 etiam
854 1957 921 2014 Por.
936 1975 967 2026 ς,
985 1959 1032 2014 hio
1049 1962 1126 2015 esset
1142 1961 1170 2014 B
1186 1962 1235 2016 hic
1251 1979 1311 2017 esse
1331 1962 1355 2015 0
1370 1962 1415 2016 his
1433 1979 1494 2016 esse
1508 1963 1535 2015 A

272 2038 460 2111 spectauimus
480 2041 540 2095 AB
559 2039 741 2095 tractauimus
760 2039 784 2093 0
852 2039 1058 2109 primiformum
1076 2041 1105 2095 B
1177 2048 1193 2095 3
1212 2042 1332 2097 cernical
1353 2041 1377 2096 0
1445 2040 1535 2112 pulvi·

230 2139 298 2178 nare
317 2121 416 2175 Carrio
487 2127 503 2174 5
522 2120 582 2175 uiui
600 2118 724 2188 syllabae
743 2133 760 2175 ς
779 2118 849 2173 uiuii
867 2121 992 2190 syllabae
1010 2120 1103 2174 ABG
1173 2128 1189 2176 6
1213 2139 1284 2191 quae
1302 2122 1379 2192 prior
1396 2121 1485 2175 ABG

231 2211 246 2259 't
267 2203 296 2257 in
314 2201 555 2270 antepeneultima
574 2200 639 2255 sede
658 2200 839 2256 constitutam
859 2201 885 2253 A
904 2200 933 2254 in
952 2200 1191 2270 antepeneultima
1209 2202 1275 2256 sede
1291 2202 1444 2257 constituta
1462 2201 1489 2254 B
1507 2203 1535 2255 in

232 2281 483 2352 antepenultimam
503 2280 552 2334 sed
571 2280 753 2335 constitutam
773 2279 797 2332 0
867 2286 882 2333 9
902 2280 989 2335 seruit
1006 2281 1033 2333 A

393 2448 471 2453 ----—‹
505 2446 735 2453 —-·———-—---*
757 2446 796 2450 —-
858 2446 865 2450 =
898 2446 963 2451 —
984 2446 1181 2453 ——-———
1209 2449 1291 2455 -η-
1327 2448 1531 2456 ——...—-—.

683 2545 866 2600 MARTYRII
885 2546 933 2600 DE
953 2547 976 2600 B
994 2546 1042 2601 ΕΤ
1061 2547 1086 2600 V

236 2718 369 2798 regulas,
393 2725 426 2776 ut
449 2718 546 2775 cervix
571 2713 709 2793 cervical,
731 2712 828 2791 pulvis
851 2713 1062 2794 pulvinarium,
1089 2733 1163 2793 quas
1185 2735 1201 2775 a
1224 2719 1406 2796 posteritatis
1430 2717 1537 2796 syllaba

232 2828 385 2885 venientes
408 2822 494 2902 panto
519 2830 585 2901 post
608 2830 785 2900 retegemus.
823 2830 853 2881 et
876 2820 1037 2881 conubium
1061 2821 1106 2882 vel
1136 2822 1306 2892 esontvbtiis
1329 2824 1374 2884 vel
1398 2844 1433 2884 ex
1458 2824 1537 2885 nubo

234 2930 323 2992 verbo
343 2931 539 3010 compositum
559 2946 624 2987 esse
644 2929 710 3006 quis
729 2923 875 3006 abneget?
899 2929 960 2987 sive
980 2929 1071 3006 igitur
1094 2946 1109 2987 a
1129 2928 1254 3010 nubtiis,
1277 2928 1296 2989 b
1315 2939 1426 2992 mutam
1450 2930 1537 2990 babe-

233 3037 276 3098 bit
299 3035 463 3097 secundum
488 3034 618 3113 regulam
643 3052 731 3113 quam
755 3042 823 3094 ante
847 3035 1014 3115 posuimus,
1044 3033 1096 3096 ubi
1119 3034 1247 3096 diximus
1270 3055 1431 3117 numquam
1454 3057 1471 3095 v
1495 3037 1536 3097 di·

232 3138 369 3223 ga'mmon
400 3143 575 3202 consonanti
602 3143 758 3221 praeponi,
786 3142 847 3200 sive
875 3139 912 3200 de
941 3139 1020 3200 nubo
1050 3138 1140 3200 verbo
1169 3141 1279 3202 facttum
1302 3161 1368 3202 esse
1396 3142 1565 3223 dicamne,s

234 3252 357 3312 eandem
378 3252 556 3330 scripturam
576 3248 690 3309 tenebit
708 3247 872 3309 secundnm
892 3250 1037 3308 rationem
1055 3267 1143 3327 quain
1166 3251 1196 3308 iu
1216 3248 1314 3308 verbis
1333 3249 1539 3310 festinabimus

233 3357 367 3418 reddere.
411 3357 486 3417 hanc
518 3355 687 3434 regularum
718 3354 891 3415 divisionem
922 3355 1077 3415 confirmat
1109 3356 1256 3434 scriptura
1294 3358 1434 3417 convivii:
1472 3375 1539 3417 naus

234 3464 369 3526 dissimili
396 3471 529 3542 tempore
554 3442 610 3520 vivi
639 3460 764 3539 syllabae
795 3463 973 3522 constitutae
1002 3470 1142 3523 notantur
1165 3462 1314 3542 similiter,
1342 3461 1420 3541 quod
1448 3465 1539 3542 prior,

234 3572 261 3632 id
293 3580 338 3631 est
366 3569 626 3649 arrtepacnultima,
658 3567 742 3645 ionga
771 3576 817 3627 est
845 3577 876 3628 et
908 3569 1037 3646 speciem
1067 3568 1185 3647 regulae
1215 3571 1324 3630 meruit
1355 3568 1442 3650 paulo
1470 3578 1537 3629 ante

234 3685 426 3753 memoratae,
450 3674 500 3734 ubi
524 3677 712 3734 meminimus
735 3677 762 3733 vi
786 3673 903 3753 longam
927 3675 956 3734 in
980 3674 1228 3755 antepaennltima
1252 3676 1322 3738 sede
1346 3656 1536 3736 constitutam
1554 3701 1579 3738 ro

234 3804 328 3864 perv
352 3781 481 3842 vocalem
505 3780 662 3840 habentem
686 3783 744 3840 vim
768 3784 959 3841 consonantis
983 3785 1151 3843 necessario
1175 3783 1279 3863 scribi3
1304 3801 1426 3844 maneus
1446 3783 1537 3843 altera

234 3891 333 3951 brevis
364 3908 453 3969 supra
483 3889 578 3949 dictae
610 3890 731 3948 servivit
761 3887 892 3968 regulae,
929 3887 980 3948 ubi
1016 3888 1144 3949 diximus
1174 3892 1202 3950 vi
1232 3889 1351 3950 brevem
1382 3892 1412 3950 in
1442 3890 1538 3949 modio

236 3999 363 4058 nominis
386 3997 511 4076 positam
535 4014 625 4076 perv
648 3995 814 4074 digammon
839 3997 944 4055 notari
981 4014 1052 4075 crgo
1071 3996 1203 4076 regeriam
1226 3996 1354 4058 absurde
1379 4015 1444 4056 esso
1468 3997 1538 4057 divi-

237 4124 298 4164 sam
322 4123 381 4164 non
404 4103 541 4163 arbitror.

326 4283 339 4330 1
359 4275 451 4330 cervix
471 4275 591 4330 cervical
608 4276 654 4330 vel
673 4274 808 4330 cervicale
826 4274 918 4344 pulvis
937 4273 1067 4343 pulvinar
1084 4276 1130 4330 vel
1153 4276 1298 4346 pulvinare
1318 4276 1346 4330 P
1414 4295 1432 4332 a
1449 4279 1540 4347 poste-

235 4360 307 4416 riore
321 4358 430 4429 syllaba
443 4357 477 4410 N
492 4374 509 4411 u
523 4356 688 4426 posteritate
703 4354 827 4425 syllabae
848 4355 876 4407 P
929 4361 944 4408 2
963 4357 1122 4424 retegemus
1139 4358 1168 4410 et
1186 4357 1335 4412 conubium
1354 4389 1388 4398 —
1408 4363 1425 4411 8
1443 4359 1541 4412 notan-

234 4446 281 4497 tur
304 4438 433 4496 similiter
457 4437 486 4490 P
511 4436 664 4507 retegimus
693 4438 777 4504 rudos
806 4433 966 4505 regularum
994 4435 1160 4491 divisionem
1185 4437 1329 4491 confirmat
1353 4438 1490 4507 scriptura
1513 4438 1542 4490 et

236 4520 405 4577 connubium
424 4535 461 4572 an
480 4534 512 4572 ex
531 4516 637 4586 nuptiis
655 4517 701 4572 vel
725 4532 758 4569 ex
781 4514 854 4567 nubo
875 4543 907 4552 —
933 4519 947 4566 7
972 4514 1088 4570 reddere
1107 4515 1164 4570 vivi
1187 4516 1312 4585 syllabae
1337 4516 1457 4571 convivii
1475 4534 1540 4571 nam

236 4599 364 4654 dissimili
382 4602 509 4667 tempore
528 4597 698 4652 constitutae
717 4597 848 4650 notantur
866 4594 995 4649 similiter
1012 4595 1046 4649 N
1098 4602 1131 4650 10
1150 4599 1317 4650 memoratas
1336 4598 1370 4650 N
1420 4598 1449 4652 in
1464 4601 1539 4654 ante-

237 4677 392 4749 penultima
417 4677 511 4732 sedem
535 4676 569 4728 N
590 4675 619 4729 in
645 4674 895 4744 antepenultimam
921 4675 1015 4729 sedem
1042 4676 1070 4728 Ρ
1159 4681 1190 4728 11
1215 4676 1400 4731 necessarium
1425 4679 1489 4731 NP

239 4765 270 4812 tu
294 4773 378 4826 supra
401 4756 493 4813 dietae
517 4755 634 4810 servivit
655 4752 703 4807 ubi
723 4754 750 4806 P
772 4770 856 4822 snpra
879 4751 971 4808 dictae
991 4754 1114 4810 servavit
1131 4754 1250 4824 scriptor
1267 4757 1326 4809 tam
1345 4756 1393 4811 ubi
1410 4758 1443 4812 N
1512 4758 1540 4812 vi

238 4853 288 4893 ont.
307 4836 345 4908 N,
364 4837 429 4892 cedd.
449 4837 477 4890 P
547 4842 579 4889 14
598 4851 654 4889 non
672 4849 722 4888 ont.
742 4834 780 4900 N,
799 4836 861 4890 add.
884 4834 912 4887 P
