3316 5474
269 365 336 430 250

268 466 444 514 terreres.

269 551 399 630 Prosper
422 549 631 628 conglutinatis
775 617 778 623 ,

427 657 510 717 buic
534 656 649 737 bomo,
672 657 703 716 si
724 665 825 716 recte
850 655 1056 736 famulatur,
1082 659 1267 737 proximus
1290 657 1428 723 haeret:

268 764 350 825 blaro
375 783 391 824 e
415 772 445 824 et
467 765 477 824 i
501 764 668 824 coniunctis

427 871 551 949 Tityre
576 878 767 949 pascentes
791 889 807 930 a
831 870 980 931 flumine
1004 874 1104 932 reice
1127 872 1300 952 capellas,
1334 899 1344 916 ι

268 978 347 1039 idem
371 976 440 1038 alibi
463 978 607 1037 seiunctis
629 978 710 1038 iuxta
733 986 869 1038 naturam

428 1085 525 1145 reice
550 1101 590 1143 ne
615 1083 764 1144 maculis
786 1084 948 1146 infuscet
972 1085 1107 1145 vellera
1131 1084 1249 1165 pullis.

269 1193 378 1272 iungit,
400 1193 431 1251 ni
455 1190 548 1271 fallor,
571 1199 601 1250 et
624 1189 764 1249 Paulinus
788 1190 919 1272 easdem,
942 1190 994 1251 ubi
1016 1194 1057 1252 ait

428 1304 482 1358 ast
505 1295 566 1357 alii
590 1298 700 1376 pictis
723 1297 929 1358 accendunt
951 1297 1082 1359 lumina
1106 1302 1238 1379 cereis,

271 1406 328 1465 nisi
352 1404 428 1464 torte
454 1403 601 1482 dactylum
617 1401 655 1463 'in
675 1402 777 1464 ultima
797 1422 900 1465 versus
919 1405 1041 1482 regione
1060 1414 1164 1465 contra
1182 1423 1296 1466 morem
1319 1407 1455 1485 posuisse
1474 1398 1577 1465 dicenl

152 1558 161 1569 ,
268 1512 325 1573 dus
347 1521 402 1572 est.
1592 1529 1618 1567 ιο

364 1618 482 1697 Recipit
509 1624 539 1678 et
567 1636 582 1677 r
613 1618 711 1678 littera
739 1616 917 1703 solutionem
946 1620 1078 1698 quamvis
1106 1617 1211 1679 ordine
1241 1619 1385 1680 dissimili.
1426 1619 1467 1679 ibi
1495 1621 1576 1679 euim

270 1726 403 1787 discissis
431 1726 491 1785 sire
520 1723 730 1803 conglutinatis
755 1723 904 1786 vocalibus
928 1723 1036 1804 syllaba
1067 1736 1169 1787 contra
1194 1736 1328 1787 naturam
1352 1735 1403 1787 aut
1430 1727 1577 1786 adcrescit

269 1842 319 1894 aut
347 1835 461 1913 interit3
491 1832 539 1893 hic
567 1841 666 1892 autem
695 1851 728 1892 ea
757 1832 848 1893 vocali
876 1850 951 1911 qnae
979 1850 1166 1912 nequaquam
1194 1834 1341 1914 adscripta
1369 1841 1416 1895 est
1443 1834 1473 1893 in
1503 1851 1576 1892 sono

270 1941 349 2000 vocis
373 1939 528 2019 adsumpta
553 1957 644 2018 super
667 1939 841 2000 adcrescere
865 1945 980 2000 tantum
1004 1937 1113 2018 syllaba
1137 1943 1305 2021 consuerit,
1329 1949 1362 2001 ut

428 2045 484 2106 illi
507 2047 681 2106 continuo
706 2051 870 2107 statuuat
894 2054 948 2106 ter
971 2045 1060 2106 dena
1083 2048 1240 2126 argenti,
1589 2062 1615 2101 15

270 2163 300 2213 et
322 2151 465 2214 Pauliuus

333 2285 334 2289 ¹
429 2266 463 2320 et
486 2260 594 2338 spatii
618 2276 771 2338 coepere
795 2268 830 2320 et
853 2257 1022 2319 culminis
1044 2260 1282 2340 incrementa,

268 2374 298 2427 et
321 2383 427 2426 rursus
1028 2379 1030 2381 ’

428 2474 480 2532 sic
503 2489 627 2552 prope,
651 2474 702 2532 sic
725 2472 833 2551 longe
857 2474 926 2533 sita
950 2463 1106 2532 culmina
1130 2473 1380 2554 respergebat,
1418 2513 1423 2523 ·

269 2588 299 2639 et
322 2579 459 2640 Prudens
482 2581 512 2639 in
536 2577 766 2657 Psychomachia

270 2800 300 2852 et
323 2792 400 2853 idem
424 2796 454 2854 in
479 2792 581 2854 eadem

428 2901 581 2980 palpitat
604 2910 710 2980 atque
734 2899 832 2962 aditu
856 2903 1065 2981 spiraminis
1087 2903 1299 2981 intercepto.

270 3025 367 3086 neque
391 3009 470 3068 enim
494 3010 525 3069 in
548 3010 651 3088 quinta
674 3010 795 3088 regione
815 3026 918 3069 versus
940 3008 1054 3070 heroici
1077 3009 1242 3089 spondeum
1261 3027 1372 3089 ponere
1392 3011 1483 3069 moris
1502 3017 1574 3070 erat.

270 3112 321 3173 sed
345 3115 384 3174 ita
410 3123 507 3176 tamen
531 3134 635 3176 versus
659 3116 748 3176 buius
771 3115 849 3175 modi
874 3113 941 3175 illos
960 3114 1102 3178 scandere
1122 3116 1250 3177 voluisse
1270 3134 1348 3198 reor,
1370 3125 1405 3177 nt
1427 3116 1523 3177 addita
1543 3106 1574 3177 in
1588 3134 1614 3173 ss

269 3237 342 3279 sono
361 3221 461 3301 vocali,
482 3240 569 3300 quam
589 3240 649 3282 non
670 3222 854 3302 scribebant,
872 3221 1005 3302 dactylus
1023 3225 1123 3303 potius
1144 3241 1231 3303 quam
1253 3223 1402 3303 spondeus
1424 3227 1575 3304 existeret,

269 3325 351 3387 verbi
379 3330 471 3407 gratia
498 3330 690 3411 intericepto,
715 3325 719 3407 Ι
744 3331 959 3409 incerementa,
990 3330 1198 3412 interefectae,
1232 3331 1434 3411 resperigebat
1462 3340 1492 3391 et
1520 3350 1576 3411 per

269 3433 448 3514 synalipbatn
479 3434 672 3515 denarigenti.
715 3435 794 3514 quod
824 3435 891 3495 ideo
922 3437 1013 3515 magis
1042 3436 1178 3498 rlittera
1207 3456 1295 3517 qtram
1326 3447 1442 3498 ceterae
1472 3457 1574 3497 conso·

269 3548 372 3601 nantes
396 3544 516 3623 patitur,
540 3546 608 3621 quia
632 3561 706 3622 quae
732 3543 836 3603 durius
862 3541 1040 3622 ,naturaliter
1059 3551 1145 3602 sonat
1167 3543 1271 3604 durior
1290 3545 1427 3623 efficitur,
1451 3563 1520 3603 cum
1539 3544 1574 3602 ab

269 3647 334 3708 aliis
358 3649 589 3711 consonantibus
613 3652 773 3730 excipitur3
797 3657 885 3728 atque
909 3648 976 3709 ideo
1000 3667 1091 3710 sonus
1116 3651 1142 3709 ei
1166 3648 1274 3710 vocalis
1298 3649 1465 3729 adponitur,
1489 3652 1574 3708 cuius
1590 3668 1616 3705 so

269 3763 502 3835 temperamento
518 3758 582 3818 eius
601 3758 746 3835 levigetur
760 3757 912 3834 asperitas.
941 3754 1019 3832 quod
1040 3757 1128 3815 etiam
1148 3757 1178 3816 in
1195 3754 1350 3816 cantilenis
1365 3755 1574 3815 ecclesiasticis

269 3879 357 3941 saepe
380 3864 411 3922 in
435 3862 538 3924 eadem
557 3882 572 3924 r
595 3863 693 3925 littera
717 3864 815 3922 lacere
839 3868 1023 3922 consuerunt
1046 3863 1096 3940 qui
1120 3862 1295 3942 antiphonas
1315 3862 1360 3921 vel
1385 3862 1573 3939 responsoria

271 3966 314 4027 vel
339 3977 438 4030 cetera
460 3970 549 4030 buius
574 3971 666 4050 modi,
690 3988 765 4049 qnae
790 3986 857 4029 cum
882 3967 1009 4029 melodia
1031 3968 1181 4046 dicuntur,
1205 3970 1262 4029 rite
1285 3969 1385 4030 dicere
1409 3976 1528 4028 norunt.

275 4074 486 4084 -—-·——

361 4119 374 4166 1
395 4114 601 4184 conglutinatas
620 4115 647 4169 L
736 4121 753 4168 4
771 4116 862 4183 tetyre
882 4113 924 4167 F:
948 4114 1026 4185 Vcrg.
1045 4116 1131 4170 bucol.
1151 4120 1178 4181 3,
1196 4119 1247 4170 96.-
1265 4111 1299 4180 οἵ.
1319 4112 1425 4167 Audax
1443 4113 1475 4166 de
1493 4112 1574 4181 syllo-

272 4192 314 4246 bis
329 4209 358 4261 p.
378 4198 396 4247 9
478 4192 591 4249 diuxtn
609 4197 737 4250 ceturam
756 4193 888 4250 seiunctis
907 4194 934 4248 L
1020 4201 1036 4249 t
1054 4193 1139 4266 reice]
1164 4195 1242 4265 Verg.
1260 4210 1349 4264 georg.
1369 4194 1432 4246 ΙΙΙ
1448 4198 1503 4246 383

269 4271 395 4341 tipictes
414 4272 441 4326 L
505 4275 660 4330 accendent
679 4276 709 4328 F
761 4274 845 4329 certis
863 4291 931 4329 corr.
951 4274 1040 4329 cereis
1059 4274 1090 4328 F
1151 4281 1185 4328 14
1203 4276 1314 4329 tentum
1333 4273 1393 4326 FL
1411 4275 1506 4326 tamen
1526 4273 1577 4329 ςΡ

324 4357 356 4407 15
376 4353 498 4423 erigenti
515 4353 546 4407 F
626 4362 658 4410 17
678 4355 866 4412 inceramenta
885 4355 916 4410 F
992 4361 1024 4409 13
1043 4353 1234 4424 resperigebat
1252 4354 1366 4408 deletui
1385 4355 1476 4407 littero
1495 4352 1525 4404 F

270 4438 302 4485 21
323 4433 394 4487 haec
412 4449 462 4487 on.
481 4434 549 4501 rr,
567 4435 630 4490 aon.
650 4436 676 4490 r
748 4434 922 4490 neomeniae
942 4434 973 4488 r
1047 4439 1081 4488 ss
1100 4412 1240 4489 nastusi>
1307 4433 1474 4501 intericepco
1494 4432 1524 4485 r

271 4516 305 4563 25
324 4511 450 4566 additam
464 4513 494 4568 in
508 4531 577 4570 sono
590 4517 718 4571 uocalem
732 4516 759 4569 L
814 4521 847 4569 26
866 4514 1005 4584 spondeus
1020 4513 1152 4569 existeret
1166 4515 1192 4568 L
1210 4514 1342 4569 existeret
1359 4513 1498 4583 spondeus
1514 4514 1577 4566 Fl'

290 4597 293 4602 ’
325 4593 467 4663 aiverti]
493 4595 580 4650 uerba
597 4594 628 4648 F
715 4595 887 4664 interecepto
910 4595 1098 4649 interementes
1115 4594 1142 4647 L
1232 4600 1265 4648 28
1290 4594 1468 4649 consonantis
1495 4593 1525 4645 F

272 4675 305 4723 29
325 4669 432 4739 petitur
450 4673 476 4725 L
495 4672 641 4743 patiuntur
659 4673 723 4728 FP
784 4691 857 4744 qnae
876 4674 971 4728 durius
990 4675 1017 4729 L
1037 4690 1108 4743 quse
1126 4672 1236 4728 dudum
1257 4673 1288 4726 F
1306 4691 1377 4742 quse
1391 4675 1458 4728 dure
1478 4675 1528 4731 ςΡ

272 4755 305 4802 31
327 4749 476 4822 levigetur]
499 4752 593 4821 leuige
611 4756 641 4808 et
660 4751 690 4806 F
759 4760 793 4807 32
812 4772 826 4807 r
844 4771 894 4809 om.
913 4753 953 4819 L,
973 4755 1037 4809 add.
1056 4752 1118 4807 FP
1185 4752 1330 4807 anteferas
1348 4755 1379 4807 F
1449 4762 1482 4808 33
1503 4771 1575 4823 quse

272 4848 335 4890 cum
353 4830 476 4889 melodia
494 4832 521 4886 L
539 4849 610 4904 qnae
629 4832 751 4888 melodis
769 4833 797 4886 P
812 4848 883 4903 quse
902 4848 965 4886 cum
983 4832 1107 4888 melodia
1124 4832 1171 4887 uel
1190 4834 1284 4888 cetere
1303 4833 1334 4888 F
