3316 5474
527 384 699 440 EXEMPLA
718 383 983 441 ELOCVTIONVM
1340 387 1404 452 441
1464 408 1468 415 ’

108 565 263 627 Parrhasio
287 570 394 648 partim
418 568 472 630 alia
496 589 584 632 mann
607 570 763 652 adscriptis
787 573 967 633 coniecturis
995 571 1040 632 vel
1068 573 1140 651 ipsis
1164 573 1262 634 verbis
1286 578 1405 636 mutatis

108 681 242 734 correcta
265 682 319 736 est.

196 781 238 842 Ex
262 782 307 843 his
331 782 447 843 duobus
470 783 619 845 Parrhasii
643 784 794 846 codicibus
817 788 914 847 omnis
936 787 1074 847 drusiani
1097 789 1200 848 notitia
1225 788 1259 849 ad
1284 791 1406 869 eosqui

108 897 209 966 postea
242 889 286 949 rel
318 897 413 951 totum
446 888 554 950 librum
586 890 810 972 descripserunt
841 892 887 953 vel
925 892 1057 972 singulos
1095 893 1175 954 locos
1211 914 1247 955 er
1285 915 1319 957 eo
1357 896 1406 956 de·

108 1006 318 1075 prompserunt
345 1005 504 1077 propagata
528 1007 573 1059 est
598 1046 605 1059 .
630 999 735 1060 borum
764 1003 878 1080 primus
907 1000 961 1060 tuit
994 999 1099 1060 lanus
1132 999 1275 1061 Pierius
1307 1000 1405 1062 Valc-

107 1105 245 1183 rianus,
269 1105 320 1183 qui
343 1106 373 1164 in
396 1104 639 1185 castigationibus
662 1108 692 1166 in
719 1104 871 1186 Virgilium
890 1105 1000 1166 Numae
1019 1125 1044 1166 a.
1066 1103 1148 1167 1521
1170 1110 1298 1187 primum
1319 1108 1406 1169 editis

107 1229 175 1270 cum
212 1210 284 1272 alios
320 1215 539 1293 grammaticos,
576 1232 650 1292 quos
683 1231 698 1272 a
731 1212 887 1273 Parrhasio
924 1221 1092 1293 acceperat,
1129 1222 1190 1274 tum
1229 1215 1406 1277 drusianam

108 1321 225 1398 saepius
248 1321 489 1380 commemoravit
511 1367 518 1379 .
542 1318 578 1379 de
612 1320 713 1381 codice
746 1328 845 1380 autem
877 1338 936 1398 qno
969 1337 1042 1380 usus
1070 1329 1116 1380 est
1143 1320 1247 1383 scribit
1276 1322 1347 1383 haec
1375 1326 1406 1384 in

108 1423 191 1504 Verg.
211 1425 306 1487 bucol.
328 1423 407 1507 1‚80,
432 1421 505 1487 ‘Sed
530 1430 611 1487 barre
633 1435 750 1488 noctem
773 1429 906 1506 agnoscit
924 1427 1089 1487 Arusianus
1108 1426 1223 1489 Nessus
1246 1431 1277 1490 in
1301 1430 1405 1491 eodem

107 1531 315 1593 Elocutionum
341 1530 452 1612 libello,
484 1535 535 1611 qui
568 1533 640 1593 lalso
673 1532 729 1594 sub
757 1532 878 1594 alterius
911 1535 1029 1594 nomine
1063 1536 1287 1617 circumfertur,
1320 1540 1406 1598 cuitus

107 1638 265 1718 legitimam
296 1641 520 1718 inscriptionem
557 1641 656 1700 inveni
692 1643 722 1701 in
754 1639 816 1700 lani
849 1640 998 1702 Parrhasii
1028 1638 1226 1703 Bibliotheca'
1259 1694 1265 1704 .
1299 1644 1405 1704 deinde

106 1746 274 1807 Nicotaus
297 1745 469 1807 Heinsius
492 1764 516 1807 a.
538 1743 638 1827 1647,
661 1756 723 1808 tum
743 1765 811 1808 cnm
830 1766 884 1828 per
902 1746 1014 1827 aliquot
1032 1768 1149 1810 menses
1168 1750 1289 1831 Neapoli
1308 1770 1405 1812 versa-

107 1853 206 1935 batur,
229 1853 378 1915 Parrhasii
401 1853 518 1914 codices
543 1852 614 1914 vidit
636 1863 666 1915 et
689 1854 816 1916 alterum
839 1873 942 1916 eorum
966 1855 1153 1935 descripsit.
1178 1876 1235 1937 qua
1259 1857 1295 1918 de
1319 1877 1351 1919 re
1376 1861 1405 1919 in

107 1961 221 2022 duabus
244 1960 379 2041 epistulis
403 1959 523 2040 Neapoli
547 1961 583 2021 ad
606 1961 627 2021 l.
651 1962 682 2022 F.
706 1961 885 2024 Gronovium
910 1963 986 2024 datis
1009 1965 1128 2043 scripsit
1147 1962 1219 2023 haec
1238 1965 1300 2045 syll.
1320 1967 1406 2044 epist.

107 2069 152 2129 ed.
175 2069 274 2129 Burm.
299 2088 324 2129 v.
347 2067 387 2128 111
411 2087 437 2148 p.
464 2065 532 2149 1811
556 2067 603 2128 die
627 2065 671 2129 20
694 2067 750 2130 Mai
774 2088 799 2130 a.
826 2066 924 2151 1647,
953 2065 1110 2131 ‘Futurum
1139 2069 1223 2130 video
1251 2080 1284 2132 ut
1312 2080 1407 2132 aestas

107 2178 238 2255 proxima
266 2176 314 2236 hic
343 2174 413 2235 mihi
439 2154 626 2254 transigatur.
672 2175 773 2236 lnveni
801 2178 879 2237 enim
903 2176 1168 2237 Grammaticorum
1197 2176 1407 2239 nonnullorum

107 2282 250 2344 hactenus
273 2285 304 2343 ni
328 2281 411 2343 lallor
435 2281 558 2360 inedita,
590 2298 696 2359 magno
725 2281 797 2342 mihi
824 2284 892 2343 usui
924 2282 1037 2364 lutura,
1069 2301 1143 2362 quae
1172 2285 1292 2344 omnino
1321 2285 1406 2345 velim

106 2389 284 2450 describere.
330 2388 411 2449 luter
430 2406 505 2468 quos
525 2386 700 2448 Volusianus
718 2386 847 2469 Nessus,
870 2408 959 2469 quem
977 2389 1026 2451 alii
1041 2388 1211 2450 Cornelium
1225 2389 1405 2452 Frontonem

106 2497 215 2558 volunt.
261 2496 290 2556 ls
314 2496 476 2575 Fragmenta
501 2494 653 2556 Ciceronis
681 2514 714 2557 ac
743 2495 876 2558 Sallustii
904 2497 994 2559 multa
1023 2498 1107 2576 citat,
1140 2516 1214 2576 quac
1242 2499 1272 2557 in
1302 2517 1405 2560 coriam

106 2603 246 2685 operibus
283 2604 393 2663 Frustra
431 2609 619 2682 quaerantur.
679 2603 711 2663 ln
748 2603 906 2683 phrasibus
944 2605 1041 2665 miuus
1078 2605 1194 2664 usitatis
1231 2606 1406 2667 annotandis

105 2712 293 2790 potissimum
333 2719 508 2789 occupatur,
550 2728 623 2789 quas
665 2729 700 2770 ex
737 2718 865 2789 quatuor
905 2709 1077 2771 auctoribus
1118 2709 1235 2791 selegit,
1276 2710 1406 2793 Virgilio,

105 2819 259 2897 Terentio,
288 2835 321 2877 ac
345 2818 394 2897 113,
422 2834 497 2896 quos
520 2817 578 2876 iam
603 2817 758 2876 nominavi.
804 2815 860 2876 Ubi
887 2814 1028 2876 Macrobii
1058 2815 1222 2877 Saturnalia
1252 2817 1404 2880 absolvero

106 2918 249 3008 (quorum
264 2926 441 2985 veterrimus
461 2923 568 3000 codex,
591 2923 642 2984 sed
662 2942 721 2983 nort
742 2922 867 2984 multum
882 2941 898 2982 a
913 2922 1037 3002 vulgatis
1052 2922 1232 2984 editionibus
1247 2920 1404 3009 diversus),

105 3030 139 3091 ad
165 3030 354 3092 Volusianum
378 3029 606 3090 describendum
630 3023 779 3090 transibo'
803 3076 809 3089 .
833 3028 871 3089 ib.
895 3048 923 3108 p.
950 3026 1012 3091 184
1036 3048 1136 3091 mense
1161 3031 1244 3091 lunio
1264 3050 1288 3092 a.
1311 3031 1405 3114 1647,

105 3133 201 3199 ‘Nunc
226 3159 290 3200 sum
314 3141 344 3198 in
368 3136 564 3198 describendo
587 3136 724 3197 drusiani
747 3135 835 3197 Nessi
858 3135 895 3196 de
919 3135 1136 3199 elocutionibus
1160 3136 1272 3222 libello,
1295 3144 1324 3200 in
1344 3161 1404 3221 quo

106 3246 266 3324 fragmenta
286 3243 438 3305 Ciceronis
461 3251 492 3303 et
510 3242 641 3303 Sallustii
664 3237 770 3304 multa'
790 3290 797 3304 .
816 3242 852 3321 de
877 3243 980 3303 eodem
1004 3246 1123 3321 invento
1143 3245 1260 3307 lsaacus
1281 3246 1402 3308 Vossius

105 3351 140 3411 ad
163 3351 198 3413 N.
221 3351 374 3413 Heinsinm
406 3353 526 3429 scripsit
558 3349 595 3409 ib.
624 3346 1021 3428 [1.56911579.11111
1054 3361 1153 3413 autem
1186 3353 1303 3415 codices
1331 3362 1404 3433 tum,

105 3477 172 3519 cum
196 3457 335 3519 Heinsius
359 3476 409 3517 eos
433 3456 563 3538 videbat,
586 3458 616 3517 in
641 3458 820 3517 monasterio
840 3455 869 3516 S.
888 3455 1005 3517 loannis
1028 3459 1059 3518 in
1079 3457 1270 3540 Carbonaria,
1293 3462 1322 3520 in
1344 3479 1403 3540 quo

104 3565 196 3625 libros
215 3565 363 3627 Parrhasii
387 3585 422 3625 ex
447 3564 610 3625 hereditate
634 3565 752 3625 Antonii
772 3564 940 3645 Scripandi,
963 3566 1011 3624 cul
1030 3564 1078 3625 illc
1098 3584 1150 3626 eos
1168 3565 1328 3647 legaverat,
1352 3567 1402 3628 diu

104 3682 235 3734 servatos
259 3693 324 3734 esse
348 3680 476 3752 constat,
499 3674 671 3752 priusquam
695 3673 725 3732 in
749 3671 895 3751 publicam
920 3671 1127 3733 bibliothecam
1150 3672 1238 3734 delati
1262 3682 1358 3736 sunt.

191 3780 305 3841 lleinsii
329 3778 530 3860 apographum
553 3788 655 3858 postea
680 3797 695 3838 a
720 3778 819 3840 mrrltis
844 3789 1019 3859 usurpatum
1038 3778 1082 3839 vel
1102 3779 1199 3841 denuo
1218 3779 1402 3861 descriptum

104 3896 150 3947 est
173 3935 179 3948 .
204 3906 271 3948 nam
295 3895 412 3967 praeter
436 3904 469 3945 ea
493 3904 567 3965 quae
592 3887 655 3964 ipse
679 3884 818 3946 lleinsius
841 3887 872 3945 in
895 3886 974 3945 notis
997 3884 1032 3945 ad
1057 3885 1210 3968 Ovidium,
1234 3886 1402 3967 Vergilium,

104 3992 250 4055 Valerium
275 3993 411 4054 Flaccum
445 4003 474 4053 et
505 3995 535 4053 in
570 3992 745 4053 adversariis
777 4010 812 4052 ex
846 3991 982 4051 drusiani
1019 3990 1095 4053 libro
1128 3993 1232 4074 edidit,
1269 4013 1304 4053 ex
1338 3998 1403 4056 eius

104 4102 220 4162 schedis
239 4105 329 4181 petita
354 4109 424 4161 suut
448 4118 522 4179 quac
545 4099 700 4160 loannes
722 4098 884 4160 lllrodius
906 4102 936 4160 in
960 4098 1054 4160 lexico
1074 4098 1268 4160 Scriboniano
1287 4120 1314 4180 p.
1334 4098 1401 4161 344

103 4209 139 4268 de
164 4228 198 4268 eo
227 4211 358 4289 scripsit,
391 4204 538 4268 ‘abstinet
564 4225 597 4266 se
624 4209 677 4267 itta
704 4224 754 4266 re:
782 4206 944 4267 Arusianus
971 4204 1086 4267 Nessus
1113 4205 1164 4266 NS
1193 4209 1222 4266 in
1251 4205 1402 4300 Exenrplis

104 4315 317 4396 elocutionum,
339 4314 416 4394 apud
441 4313 571 4375 Clericus
594 4310 756 4391 Regulares
779 4311 900 4392 Neapoli
924 4359 931 4373 .
955 4312 1046 4374 Cuius
1076 4312 1139 4373 loco
1167 4315 1197 4372 in
1226 4311 1402 4392 quibusdam

19 4444 22 4448 ·
103 4422 254 4484 codicibus
278 4441 433 4504 perperam
458 4418 587 4480 Cornelii
606 4418 765 4478 Frontonis
788 4437 896 4479 nomen
915 4420 1060 4498 scriptum
1079 4418 1246 4480 observavit
1263 4418 1401 4481 Nicotaus

102 4524 267 4610 llelnsius',
299 4539 329 4589 et
360 4548 388 4607 p.
418 4524 481 4587 379
516 4522 655 4586 ‘Proinde
679 4523 816 4585 Nicolaus
848 4524 988 4586 lleinsius
1021 4545 1089 4586 vere
1122 4525 1198 4605 apud
1223 4527 1402 4588 drusianam

103 4635 230 4696 llessum
256 4635 325 4716 legit
348 4637 488 4711 Errurrpit
509 4653 543 4693 se
565 4635 636 4693 inde
659 4679 666 4692 .
690 4631 747 4692 Pro
777 4649 835 4711 quo
859 4631 909 4692 llS
939 4631 1013 4693 liber
1036 4631 1125 4692 babet
1148 4636 1278 4709 erumpit
1302 4628 1402 4705 inde',·

101 4743 172 4803 item
201 4760 276 4820 qrrae
304 4742 340 4801 de
369 4740 470 4801 codice
500 4737 627 4819 quodam
655 4737 799 4799 Graevii
827 4737 980 4800 Fabricius
1012 4741 1042 4800 in
1075 4739 1172 4800 indice
1205 4738 1400 4801 bibliothecae

101 4848 206 4909 latinae
236 4868 260 4908 v.
284 4848 323 4907 lll
347 4868 375 4927 p.
399 4845 463 4908 914
488 4847 615 4927 rettulit,
649 4841 797 4906 ‘drusiani
830 4845 929 4908 llcssii
961 4849 1049 4927 primi
1081 4847 1195 4908 ordinis
1224 4846 1255 4908 V.
1284 4846 1315 4909 C.
1343 4847 1401 4909 cu.

154 4969 309 4999 amaurici
323 4968 409 4998 narrar
424 4969 468 4998 var.
1154 4953 1188 5002 29

140 5192 147 5227 l
