3316 5474
239 363 280 426 12
724 363 897 418 TERENTH
917 363 1047 417 serviti

236 476 257 513 p.
273 465 324 503 erar
339 464 364 505 r.
465 473 468 477 ’

237 548 443 621 adnexionem,
472 556 505 608 ut
533 566 600 608 omn
629 550 660 607 iu
689 547 778 607 verbo
807 549 907 607 nescio
935 566 950 607 s
976 547 1104 608 litteram
1132 549 1225 627 priori
1256 549 1380 629 syllabae
1405 551 1540 632 iungunt,

239 673 306 715 cum
330 656 504 734 posterioris
528 655 643 714 initium
668 673 733 714 esse
757 654 877 715 debeat:
906 663 952 715 est
976 657 1053 715 enirn
1077 674 1115 715 ue
1139 657 1209 715 scio.
1246 674 1314 717 nam
1337 677 1374 717 ne
1402 676 1540 736 pronon

237 763 366 840 positum
396 769 441 820 est
469 759 545 840 apud
574 762 719 838 antiquos.
762 760 784 838 †
812 761 957 838 significat
988 761 1146 821 nefrendes
1169 781 1276 840 porcos
1305 767 1356 842 qui
1385 773 1455 824 sturt
1477 766 1540 824 sine

238 866 390 946 dentibus,
413 844 442 926 id
466 868 586 945 estqui
610 864 704 925 fabam
730 864 866 925 frendere
890 885 950 926 non
974 874 1114 947 possunt,
1142 886 1270 947 nesapus
1293 873 1345 948 qui
1368 890 1427 930 non
1457 872 1541 949 sapit,

237 976 277 1034 ita
301 982 332 1033 et
354 975 455 1034 nescio
479 991 537 1034 non
562 974 622 1032 scio
646 966 774 1032 diductis
797 974 828 1033 in
852 971 974 1033 verbum
999 981 1028 1032 et
1060 971 1231 1033 adverbium
1255 974 1381 1054 syllabis.
1415 978 1568 1035 recurri-5

238 1083 317 1160 gitur
342 1099 410 1140 roro
431 1078 541 1158 regulis
564 1078 674 1151 tribus,
698 1078 835 1160 historia,
858 1081 1068 1159 originatione,
1091 1099 1178 1159 quam
1198 1079 1302 1141 Graeci
1322 1077 1541 1162 ἐτυμολογίαν

238 1186 398 1267 appellant,
423 1188 631 1266 proportione,
654 1204 728 1264 quae
752 1204 857 1264 graece
880 1175 1045 1264 ἀναλογία
1068 1185 1185 1247 dicitur.
1223 1197 1253 1248 et
1271 1187 1393 1249 historia
1414 1188 1542 1270 quidem,

239 1303 272 1355 ut
296 1312 364 1354 cum
388 1291 439 1352 sed
463 1311 517 1371 per
537 1294 724 1351 novissimam
749 1290 877 1351 litteram
901 1294 923 1352 d
945 1291 1118 1372 scribimuS,
1142 1296 1279 1370 quoniam
1300 1297 1414 1373 antiqui
1439 1294 1541 1354 sedum

239 1401 368 1461 dixerint
387 1408 417 1459 et
435 1418 489 1479 per
508 1398 703 1459 abscisionem
723 1400 941 1458 coniunctionis
960 1416 1029 1477 pars
1049 1401 1233 1459 remanserit.
1263 1398 1318 1477 [at]
1337 1401 1542 1478 originatiouo,

239 1517 272 1569 ut
302 1525 369 1567 cum
398 1506 523 1566 dicimus
551 1505 691 1566 inchoare
722 1523 789 1565 cum
819 1507 997 1584 aspiratione
1026 1503 1230 1584 scribendum,
1258 1509 1394 1585 quoniam
1423 1526 1438 1566 a
1469 1507 1582 1566 clraoro

239 1615 350 1676 dictum
373 1618 425 1689 sit,
450 1613 528 1692 quod
553 1613 642 1674 fuerit
666 1614 782 1672 iuitium
802 1613 933 1672 omnium
953 1632 1062 1673 rerum.
1101 1616 1306 1695 proportione,
1329 1622 1362 1673 ut
1385 1632 1452 1673 cum
1472 1613 1541 1673 ‹lici-

239 1741 306 1784 mus
330 1739 439 1800 equum
463 1728 493 1780 et
517 1738 634 1780 servum
659 1727 689 1779 et
713 1718 817 1778 similia
842 1718 950 1778 debere
974 1718 1079 1800 scribi,
1103 1721 1170 1798 qnia
1194 1721 1308 1798 antiqui
1332 1738 1385 1799 per
1409 1739 1447 1779 uo
1471 1721 1542 1778 scri·

239 1831 367 1909 pseriut,
397 1830 536 1906 quoniam
566 1829 699 1887 scierunt
729 1824 857 1885 vocalem
890 1844 948 1885 non
976 1844 1064 1904 posse
1092 1828 1235 1905 geminari
1264 1826 1482 1904 credebantque
1515 1835 1545 1885 et

241 1936 316 1995 banc
339 1934 469 1994 litteram
491 1935 666 2011 gemmatam
693 1940 819 2010 utroque
843 1930 908 1991 loco
933 1934 962 1992 in
987 1951 1039 1992 sua
1063 1941 1209 2011 potestate
1233 1951 1438 2013 perseverare,
1463 1935 1542 2011 igno·

241 2048 340 2100 rantes
360 2058 423 2098 earn
443 2039 640 2117 praepositam
663 2037 754 2097 vocali
773 2039 963 2097 consonantis
982 2039 1045 2097 vice
1066 2038 1149 2116 fungi
1172 2048 1202 2098 et
1224 2042 1293 2118 poni
1317 2058 1371 2119 pro
1392 2058 1424 2098 ea
1447 2037 1544 2099 littera
1560 2054 1584 2091 ιε

227 2149 314 2226 ‘quae
343 2149 382 2207 sit
410 2148 437 2226 f;
466 2144 587 2225 deinde,
616 2144 695 2223 quod
725 2146 821 2221 omnia
847 2146 964 2204 nomina
994 2145 1133 2205 feminina
1158 2148 1336 2206 nominativo
1365 2146 1544 2224 singularia

171 2283 177 2292 ·
241 2254 335 2333 finita,
364 2255 502 2331 quotiens
531 2254 559 2311 in
590 2250 787 2310 masculinum
815 2257 980 2331 transeant,
1010 2253 1133 2312 serratis
1164 2250 1409 2331 praecedentibus
1439 2253 1545 2312 litteris

242 2362 432 2421 novissimum
462 2377 477 2419 a
508 2360 538 2417 in
568 2377 586 2417 u
615 2364 731 2417 vertant
759 2364 788 2416 ct
820 2364 968 2435 assumpta
995 2375 1009 2415 s
1034 2360 1215 2418 contrarium
1240 2377 1343 2419 serrum
1371 2361 1546 2438 significent,

242 2475 276 2528 ut
299 2470 377 2527 iusta
401 2468 512 2546 iustus,
535 2473 614 2525 casta
638 2473 750 2544 castus,
774 2466 820 2541 pia
844 2465 925 2542 pius,
948 2465 987 2523 ita
1012 2472 1041 2523 ct
1066 2483 1140 2542 equa
1159 2474 1189 2525 ct
1207 2483 1296 2525 serra
1316 2467 1438 2524 serratis
1461 2482 1544 2542 prae-

243 2572 418 2635 cedentibus
450 2571 556 2631 litteris
587 2580 616 2631 et
647 2590 663 2630 u
692 2589 747 2649 pro
775 2589 791 2628 a
820 2567 981 2628 substituto
1009 2587 1104 2647 equus
1133 2579 1163 2631 et
1191 2589 1294 2630 servus
1325 2580 1355 2630 et
1383 2588 1491 2648 equum
1516 2579 1586 2628 etro

246 2699 364 2741 serrum
394 2697 447 2758 per
475 2679 534 2738 duo
564 2697 597 2758 u,
625 2696 682 2737 non
713 2695 766 2756 per
794 2695 886 2736 riuum
914 2695 933 2735 u
962 2677 1108 2757 efficiunt,
1136 2685 1259 2756 excepto
1289 2696 1348 2737 uno
1376 2679 1438 2736 aria
1466 2695 1546 2755 avus,

244 2787 321 2848 unde
345 2792 467 2865 apparet
490 2786 586 2846 avium
610 2784 747 2845 debuisse
771 2784 838 2844 dici.

242 2916 454 2927 —-——

334 2982 347 3028 1
367 2973 461 3028 neseio
476 2991 505 3041 p.
525 2979 576 3047 28,Ι
593 2980 629 3029 15
703 2980 735 3027 15
755 2971 943 3043 praepositam
962 2971 1053 3026 vocab
1066 2989 1098 3040 p.
1117 2977 1162 3038 17,
1181 2978 1201 3027 2
1234 3036 1238 3041 ¹

333 3151 345 3196 1
375 3142 485 3197 litterae
513 3141 554 3207 B,
579 3159 647 3197 corr,
670 3160 727 3196 am
753 3144 768 3196 b
876 3141 963 3210 priori
985 3142 1111 3212 syllabae
1137 3141 1256 3211 iungunt
1281 3148 1406 3210 eccepto
1429 3143 1546 3195 Erumer.

243 3222 383 3293 Souperur.
410 3222 498 3287 Voss,
517 3223 603 3292 priori
622 3223 746 3291 syllabae
765 3221 914 3291 iniungrmt
934 3223 961 3274 P
978 3224 1065 3293 priori
1086 3222 1211 3292 syllabae
1231 3222 1402 3292 coniungunt
1421 3244 1441 3275 ω
1463 3224 1549 3292 priori

244 3304 364 3372 iungunt
381 3304 409 3355 Β
481 3304 559 3356 ‘test
582 3303 655 3357 enim
678 3303 772 3358 nescio
796 3320 851 3356 non
874 3301 931 3356 seio
954 3310 1080 3373 exempta
1098 3303 1217 3357 Eorurer.
1237 3303 1377 3372 »tangerer
1404 3302 1477 3356 l'oss.

243 3390 258 3436 3
280 3384 357 3452 Aput
380 3382 511 3449 antiquos
534 3381 673 3451 significat
695 3382 836 3437 nifrendes
857 3382 885 3434 P
906 3383 981 3451 apud
1000 3384 1131 3453 antiquos
1150 3385 1181 3436 ut
1204 3381 1350 3436 nefrendes
1370 3402 1400 3435 ω.
1436 3382 1550 3447 fortusse

244 3463 319 3532 apud
335 3462 478 3531 antiquos,
497 3461 570 3515 sicut
588 3461 720 3517 dicebant
734 3461 880 3517 nefrendes
952 3462 1108 3532 nefrendes]
1130 3462 1209 3515 Varr.
1226 3479 1247 3517 r.
1264 3479 1286 3514 r.
1303 3463 1344 3514 II
1356 3467 1382 3526 4,
1398 3469 1432 3515 17
1447 3463 1549 3516 amisso

243 3541 356 3596 nomine
375 3542 505 3596 lactentis
520 3542 650 3596 dicuntur
664 3541 810 3595 nefrendes
825 3541 862 3594 ab
877 3555 922 3603 eo,
941 3541 1016 3607 quod
1031 3542 1153 3596 nondum
1167 3540 1261 3592 fabam
1281 3538 1407 3592 frendere
1426 3543 1550 3607 possunt,

244 3621 273 3673 id
293 3623 336 3674 est
353 3620 496 3688 frangere:
521 3621 772 3689 efiFest.p.162
845 3618 1002 3674 adiductis
1022 3621 1075 3674 Pu
1095 3616 1220 3673 deductis
1238 3617 1266 3668 B
1339 3624 1354 3671 6
1375 3619 1550 3672 ΗΓΥΜΟΛΟ-

177 3705 185 3717 “
243 3700 320 3752 ΤΙΑΝ
344 3699 371 3752 Β
401 3700 593 3755 ΕΤΥΜΛΓΙΑΝ
620 3702 646 3753 Ρ
731 3703 794 3754 'fet
812 3717 862 3753 om.
882 3719 904 3752 ω
989 3697 1232 3762 Sdom.B1'o›,
1257 3696 1320 3749 arld.
1342 3697 1490 3750 Prtfsclu'us

245 3777 411 3832 edixerunt
427 3780 515 3833 ΒΡω
604 3787 635 3833 10
655 3780 801 3835 scribendo
820 3798 841 3831 ω
928 3798 946 3833 a
964 3780 1033 3833 chao
1054 3779 1106 3831 Pu
1126 3794 1144 3830 a
1162 3768 1275 3831 cho‘B:
1292 3775 1394 3831 inchoo
1412 3778 1550 3845 inchoavi,

245 3858 285 3911 sic
304 3858 451 3912 dicendum
475 3861 557 3929 putat
576 3860 662 3913 lulius
681 3860 837 3926 Modestus,
861 3858 927 3927 quia
952 3859 990 3913 sit
1007 3857 1192 3927 compositum
1211 3875 1228 3912 a
1247 3858 1331 3924 chao,
1355 3858 1435 3911 initio
1460 3875 1550 3911 rerum

246 3937 390 3991 Diomedes
404 3957 434 4008 p.
454 3945 519 4006 30’5,
537 3946 582 3993 16.
601 3941 636 4006 ef.
657 3938 738 3991 Varr.
757 3940 790 3992 de
808 3939 825 3992 l.
845 3941 861 3992 l.
887 3940 912 3992 V
929 3946 964 3994 19
1047 3944 1079 3992 11
1100 3937 1138 3992 sit
1155 3954 1204 3991 om.
1224 3937 1312 3991 ΒΡω
1401 3945 1432 3991 1⁸2
1452 3953 1549 3991 ecuum

245 4017 323 4084 (eom.
345 4020 438 4087 eqnm)
463 4023 491 4075 et
514 4036 625 4074 seruum
643 4020 670 4072 B
694 4036 802 4074 seruum
823 4021 852 4072 et
875 4036 988 4073 ceruum
1008 4019 1071 4087 Pu,
1091 4033 1192 4086 equom
1211 4018 1240 4070 et
1265 4034 1375 4071 seruum
1395 4017 1550 4071 Putsclrius.

246 4096 361 4162 sortasse
379 4115 480 4166 equum
501 4116 611 4154 serrum
631 4101 660 4154 et
684 4097 787 4153 similia
810 4115 860 4167 per
877 4099 933 4152 duo
950 4117 970 4152 ιι
988 4100 1089 4153 debere
1107 4097 1192 4151 scribi
1277 4097 1373 4153 deberi
1393 4099 1421 4152 P
1503 4115 1552 4167 per

245 4193 281 4230 ιιο
300 4177 461 4248 scripserint
480 4182 641 4248 Putscfu'as,
660 4198 710 4249 per
728 4195 778 4233 uos
796 4178 957 4247 scripserint
976 4180 1029 4233 Pu
1049 4194 1166 4248 paruos
1185 4178 1302 4248 scripse?
1321 4177 1349 4231 Β
1440 4185 1472 4232 14
1491 4196 1552 4247 per-

247 4258 386 4329 seuerare]
405 4277 532 4316 seuerare
550 4262 577 4314 B
597 4277 707 4316 seruare
727 4259 755 4312 P
772 4257 876 4313 seruari
895 4278 917 4311 u
1013 4265 1045 4312 16
1065 4275 1136 4326 quae
1155 4258 1192 4313 sit
1209 4259 1223 4312 f
1239 4280 1260 4311 ω
1280 4257 1422 4327 quaesitae
1440 4258 1467 4311 B
1486 4275 1552 4325 que-

246 4336 299 4391 site
318 4338 346 4391 P
419 4341 554 4411 singulari
573 4359 590 4396 a
609 4341 688 4395 finita
706 4359 728 4392 ω
744 4337 889 4406 singulari.
910 4340 941 4394 L.
960 4339 1040 4393 finita
1053 4339 1080 4392 Β
1101 4339 1212 4408 singula
1229 4339 1258 4392 id
1278 4341 1321 4392 est
1338 4336 1417 4390 finita
1435 4337 1469 4389 P.
1496 4339 1552 4403 [εν-

247 4423 318 4473 tessr
337 4437 354 4473 a
372 4419 467 4474 littera
486 4422 564 4476 finita
582 4428 606 4475 et
624 4421 720 4475 deirrde
739 4420 888 4490 adsumpta
901 4440 914 4475 s
927 4420 1024 4476 littera
1036 4419 1183 4486 scripserat
1201 4419 1395 4489 prorumoticus
1467 4423 1503 4477 11
1523 4415 1551 4469 iu

248 4500 431 4554 masculinum
446 4504 604 4556 transseaut
616 4501 643 4554 P
655 4501 685 4555 in
699 4499 852 4555 masculino
866 4498 1045 4554 transeantB
1111 4501 1142 4550 18
1157 4501 1326 4567 assumptas
1343 4499 1395 4551 Pro
1410 4498 1553 4563 assumpt-a

248 4579 278 4632 L.
297 4579 324 4632 Β
402 4580 560 4648 significant
577 4579 665 4632 BPu
750 4584 781 4632 1⁹
801 4580 830 4632 et
848 4594 920 4646 equa
939 4582 969 4633 et
986 4576 1105 4632 seruatis
1123 4576 1354 4646 praecedentibus
1371 4575 1473 4630 litteris
1491 4575 1555 4627 BP

251 4661 280 4712 et
298 4674 370 4725 equa
389 4661 418 4712 et
436 4676 516 4714 serua
534 4659 765 4729 praecedentibus
783 4657 873 4712 literis
892 4658 1009 4713 seruatis
1024 4679 1045 4712 ω
1119 4665 1151 4712 ‘21
1172 4675 1222 4726 per
1239 4673 1292 4711 auo
1312 4659 1373 4724 (per
1392 4672 1444 4709 auo
1460 4672 1493 4709 .ιι.
1515 4655 1552 4721 P)

248 4752 305 4790 non
322 4753 372 4805 per
390 4755 409 4790 n
428 4738 536 4792 efficere
555 4738 615 4791 BP
630 4755 680 4808 per
693 4755 744 4791 nus
759 4753 812 4791 non
827 4753 877 4804 per
892 4753 908 4791 o
922 4737 1032 4793 efficere
1047 4758 1068 4791 ω
1141 4753 1197 4790 nno
1211 4735 1276 4790 auia
1289 4752 1358 4790 auus
1375 4735 1402 4787 P
1419 4752 1473 4788 uno
1488 4734 1554 4789 auia

250 4834 317 4875 auos
331 4818 385 4870 Bu
458 4822 490 4872 ‘2⁶2
510 4816 616 4886 avium]
636 4834 720 4871 auum
739 4816 801 4869 BP
818 4833 901 4870 auom
920 4838 941 4870 ω
