3316 5474
686 369 976 434 ORTHOGRAPHIA
1422 372 1482 436 103

173 481 195 518 p.
217 470 276 509 1111.
291 470 356 509 111.

263 554 426 615 Mustscius
450 556 510 615 sivc
535 556 712 614 mustacium
737 573 797 614 non
820 554 855 614 sd
887 573 981 634 genus
1009 555 1199 615 referendum
1229 563 1288 636 est,
1317 557 1400 634 quasi
1428 555 1485 617 hoc

173 664 272 742 potius
304 664 342 722 sit
373 670 423 722 ortt
450 661 537 742 iilud,
566 680 634 721 cum
662 680 715 740 per
743 681 775 722 se
805 661 877 722 nihil
906 663 958 743 sit,
986 662 1037 721 sed
1067 665 1106 722 sit
1133 661 1219 741 plone
1247 659 1316 723 τῶν
1338 654 1423 741 πρός
1443 682 1484 723 τι.

173 770 336 829 mustacius
366 763 370 850 Ι
400 771 484 848 punis
515 778 597 830 recte
631 769 757 829 dicimus
787 778 818 830 et
848 771 1026 830 mustacium
1058 768 1158 830 libum.
1204 772 1248 830 sic
1278 768 1379 830 militis
1408 789 1485 849 puer

173 875 319 955 gislearius
334 885 416 936 recte
431 875 553 938 dicitur:
577 895 644 937 nam
659 876 785 956 galesria
801 876 994 937 soloecismus
1015 886 1068 937 est.
1107 895 1165 937 nou
1186 886 1232 937 cst
1250 894 1326 956 puer
1344 876 1483 956 galearis:

145 996 243 1042 snam
266 1000 390 1062 pueram
413 985 456 1043 sic
480 985 537 1044 rite
562 1003 667 1045 voces:
685 1002 760 1063 puer
784 992 829 1044 cst
852 983 999 1062 galesrius
1022 983 1045 1064 †
1068 984 1116 1045 hic
1139 1003 1155 1044 1
1179 984 1323 1045 soloecus

262 1088 324 1148 Hoc
348 1089 506 1150 cerebrum
530 1100 584 1151 est.
621 1108 688 1151 nam
712 1089 836 1151 cereber
860 1094 911 1171 qui
935 1091 1038 1152 dicunt
1062 1093 1126 1151 sinc
1153 1089 1277 1152 cerebro
1301 1093 1410 1151 vivunt.

262 1195 443 1275 Respondidi
467 1196 540 1257 nihil
563 1205 626 1258 est:
650 1198 792 1278 respondi
816 1197 863 1258 dic
887 1197 1033 1259 Ciceroni.

332 1302 480 1383 Bargousi,
503 1322 562 1364 nou
587 1303 721 1384 bargina,
745 1323 839 1384 genus
863 1307 911 1366 cui
935 1303 1123 1365 barbaricum
1146 1307 1193 1365 sit.

334 1404 423 1470 ‘Vasa
447 1411 538 1470 istaec
561 1413 672 1472 vinaria
696 1407 797 1492 sunt',
821 1406 947 1472 ‘vinaria
971 1406 1077 1492 cebs',

133 1530 160 1569 ιο
335 1516 439 1596 vulgus
462 1517 558 1578 adbuc
582 1520 692 1579 retinet
715 1517 751 1578 de
775 1519 872 1596 prisca
896 1517 984 1577 verbs
1009 1517 1133 1596 loquela.

264 1623 389 1683 Sobrius
413 1643 467 1702 per
491 1627 514 1706 i,
537 1643 597 1685 nou
621 1643 675 1704 per
698 1643 714 1685 e
739 1623 938 1684 scribendum.

263 1730 333 1791 Sedi
357 1749 416 1790 non
440 1750 527 1792 secus
551 1741 595 1812 te,
619 1731 671 1791 sed
695 1731 859 1798 secuudum
883 1739 913 1791 te
937 1729 1104 1791 dicendum.

262 1836 362 1897 Ludos
386 1838 514 1917 aliquem
538 1837 624 1917 longe
648 1839 783 1916 egregios
808 1837 915 1898 iecisse
938 1837 1034 1918 dices,
1057 1856 1116 1897 nou
1141 1836 1266 1898 dedisse.

263 1943 313 2004 Vir
345 1944 440 2027 ducit,
471 1945 579 2006 mulier
609 1945 708 2027 nubit,
738 1948 806 2023 quis
836 1944 923 2025 pollio
952 1946 1088 2006 flammeo
1117 1945 1242 2006 obnubit
1272 1955 1361 2026 cupiit
1393 1965 1481 2008 suum

132 2067 158 2104 15
173 2068 332 2129 genusque.

260 2155 379 2217 Induxit
402 2177 457 2237 pro
481 2158 605 2238 decepit
644 2158 762 2219 seduxit
785 2149 918 2240 ἆκύρως
942 2178 1000 2219 non
1025 2160 1145 2239 dicitur,
1169 2161 1225 2220 nisi
1250 2178 1318 2220 cum
1337 2161 1482 2238 signitica-

172 2281 238 2322 mus
262 2258 309 2323 ‘in
333 2263 417 2325 olium
441 2272 555 2344 partem
579 2260 694 2345 duxit',
717 2273 752 2325 nt
775 2264 892 2325 seduxit
916 2265 1004 2326 soros.

259 2369 347 2431 Putre
380 2390 413 2431 ac
447 2380 540 2433 matre
574 2380 656 2432 caret
685 2374 767 2451 quis,
800 2380 938 2451 cognato,
970 2372 1061 2433 fratre
1095 2392 1251 2455 sororcve,
1284 2393 1343 2434 non
1376 2372 1482 2453 opibus

171 2487 253 2536 caret
276 2485 328 2537 sut
353 2480 489 2539 nummis.

234 2714 237 2723 ·
262 2708 275 2755 1
300 2703 453 2759 mustacius
480 2704 540 2759 siue
563 2703 748 2759 mustscoium
771 2707 851 2771 (corr.
876 2702 992 2771 ocium)
1015 2703 1052 2758 sd
1075 2721 1165 2774 geum
1190 2705 1214 2759 0
1239 2706 1400 2760 mustsceus
1423 2706 1482 2760 siue

172 2784 345 2838 mustaceum
370 2785 406 2838 sd
430 2803 517 2854 genus
537 2805 559 2855 p
650 2783 732 2854 quusi
755 2784 808 2837 hoc
832 2781 927 2852 potins
952 2782 989 2836 sit
1010 2787 1061 2838 snt
1084 2784 1156 2839 illud
1183 2786 1230 2840 sed
1249 2785 1287 2840 sit
1310 2785 1394 2856 plane
1412 2787 1481 2840 ΤΟΝ

172 2866 296 2919 ΠΡΟΕΤΙ
318 2864 355 2916 Μ
371 2864 452 2932 qussi
470 2866 604 2920 accedens
623 2869 704 2933 (corr.
723 2863 864 2930 accidens)
887 2862 940 2915 hoc
959 2861 1052 2931 potius
1071 2865 1121 2918 sut
1147 2865 1218 2920 illud
1237 2883 1287 2937 per
1306 2883 1336 2920 se
1354 2864 1426 2919 nihil
1445 2865 1483 2920 sit

172 2943 220 2997 sed
239 2944 276 2997 sit
294 2945 373 3011 (corr.
393 2942 444 3010 sic)
461 2943 545 3011 plane
564 2945 736 2999 ΤωΥΡΟΕΤΙ
757 2942 781 2996 0
797 2943 877 3011 qussi
895 2941 1025 2996 occidens
1044 2942 1098 2997 hoc
1116 2943 1211 3013 potius
1229 2947 1280 3000 1111
1298 2944 1369 2998 illud
1387 2960 1482 3013 perse

171 3023 241 3077 nihil
260 3023 298 3076 sit
316 3022 364 3075 sed
383 3022 423 3076 sic
442 3021 526 3090 plsne
550 3025 609 3091 (om.
629 3023 685 3076 τῶν
704 3018 775 3089 πρός
793 3024 830 3089 τι)
848 3021 876 3074 Β
900 3020 980 3091 qussi
1002 3021 1129 3077 accidens
1153 3024 1207 3078 hoc
1230 3024 1324 3094 potius
1343 3026 1392 3079 1111
1410 3022 1481 3077 illud

170 3119 220 3171 per
239 3119 268 3156 se
286 3102 358 3156 nihil
376 3100 413 3155 sit
431 3101 480 3155 sed
499 3100 537 3155 sit
554 3101 637 3172 plsns
655 3102 712 3155 coir
730 3096 801 3169 πρός
819 3123 845 3156 τι
859 3120 882 3171 p
956 3107 972 3154 3
992 3101 1144 3157 mustacius
1163 3107 1239 3158 recte
1258 3103 1382 3159 dicemus
1400 3106 1480 3171 (corr.

170 3181 298 3250 dicimus)
317 3181 398 3251 ponis
417 3184 446 3236 et
463 3181 631 3235 mustacium
650 3181 753 3235 librum
773 3180 797 3234 0
813 3184 971 3236 mustaceus
997 3182 1077 3250 psnis
1096 3184 1174 3237 recte
1192 3184 1311 3239 dicimus
1330 3185 1359 3238 11
1376 3184 1481 3236 mustu-

170 3278 249 3316 ceum
277 3261 381 3316 librum
402 3278 425 3329 p
514 3260 616 3331 libum]
641 3260 744 3314 librum
762 3261 791 3314 B
881 3266 898 3314 4
916 3277 972 3315 non
992 3262 1034 3314 est
1053 3291 1085 3300 -
1106 3267 1122 3314 5
1142 3263 1267 3319 soloecus
1289 3280 1340 3319 om.
1361 3263 1404 3321 θς
1428 3278 1484 3316 non

170 3346 214 3396 est
231 3359 301 3411 puer
318 3340 444 3412 gulesris
462 3357 527 3395 num
553 3358 622 3411 puer
640 3357 673 3395 sc
692 3341 732 3396 uic
749 3341 803 3396 rite
822 3357 905 3396 uoces
923 3357 993 3411 puer
1011 3342 1055 3394 ost
1073 3341 1215 3410 gslesrius
1233 3344 1279 3399 hic
1298 3360 1315 3398 s
1337 3342 1481 3397 soloechus

170 3421 228 3490 Bp.
252 3425 371 3476 nonest
392 3437 462 3491 puer
486 3420 610 3490 galesris
628 3438 694 3475 usm
716 3437 787 3490 puer
809 3419 941 3475 ssincrite
966 3435 1035 3489 puer
1057 3420 1197 3489 gulesrius
1220 3422 1266 3477 hic
1288 3421 1416 3477 ssolecus
1436 3422 1479 3478 M.

169 3501 286 3567 sortasse
303 3501 350 3555 hic
368 3501 494 3571 golesris
513 3501 691 3556 soloecismus
706 3501 749 3555 est
766 3517 800 3555 11
813 3501 934 3569 eoquod
952 3502 1189 3571 suprascriptum
1207 3508 1253 3568 est,
1272 3519 1337 3557 num
1355 3503 1481 3573 galeatis

170 3581 350 3636 soloecismus
374 3584 430 3648 est,
458 3583 601 3651 repetitum
623 3586 690 3636 erat.
724 3597 794 3651 puer
820 3582 954 3647 feminino
977 3596 1072 3649 9111111
1096 3583 1199 3638 dictum
1222 3599 1276 3638 esse
1299 3583 1334 3638 ab
1357 3586 1481 3653 antiquio

778 3683 789 3703 .
1396 3665 1421 3704 (11

170 3715 312 3769 adnotavit
328 3715 474 3770 Charisius
488 3733 519 3785 p.
535 3719 580 3781 84,
594 3719 620 3782 4,
634 3713 761 3784 galerum
775 3719 800 3768 et
813 3714 927 3784 gslcsre
942 3715 1012 3770 idem
1026 3733 1058 3784 p.
1073 3721 1120 3783 80,
1134 3722 1151 3771 5
1216 3723 1230 3771 7
1250 3716 1394 3787 Respondi
1409 3716 1480 3771 nihil

169 3797 213 3848 est
230 3795 361 3865 respondi
379 3796 425 3851 dic
443 3796 544 3864 cerosi,
563 3796 609 3849 sed
627 3794 671 3848 dic
690 3810 745 3848 ros.
767 3792 791 3848 0
852 3801 869 3849 8
889 3795 1018 3864 Burgens
1036 3811 1091 3849 non
1110 3795 1229 3866 bergina
1246 3797 1291 3851 cui
1309 3815 1398 3868 genus
1417 3799 1480 3853 bur·

169 3873 294 3929 bsricum
314 3878 357 3930 est
377 3877 414 3929 M
431 3875 552 3946 bargina
571 3891 627 3929 nou
645 3873 782 3945 barginns
801 3877 868 3944 (non
887 3874 1026 3945 bsrginns
1044 3891 1094 3932 om.
1111 3875 1145 3942 0,
1164 3877 1227 3930 odd.
1243 3880 1267 3946 c)
1286 3877 1315 3931 id
1334 3881 1377 3932 est
1395 3878 1480 3932 homo

168 3955 285 4010 uitiosae
309 3957 401 4025 gentis
420 3956 487 4027 quis
510 3957 644 4011 burburus
666 3953 866 4025 interpretetur
884 3954 1003 4009 uitiosus
1022 3954 1095 4009 uude
1114 3958 1143 4009 11
1170 3956 1358 4011 barbarismus
1377 3956 1480 4012 dicitur

169 4034 270 4088 uitium
289 4053 345 4090 non
364 4037 482 4108 bargina
500 4054 588 4107 genus
607 4033 652 4088 cui
674 4033 850 4089 barbaricum
870 4035 906 4089 sit
930 4034 990 4088 BC
1096 4040 1111 4087 9
1135 4036 1233 4107 istaec]
1258 4037 1313 4091 istu
1336 4036 1406 4092 haec
1423 4037 1482 4091 BG

168 4112 224 4167 ists
243 4115 281 4166 M
369 4117 531 4186 sinatisque
551 4117 623 4171 cells
642 4116 680 4169 Μ
770 4122 802 4169 10
826 4115 929 4170 retinet
947 4114 982 4169 de
1007 4114 1100 4185 prisco
1117 4115 1187 4171 recti
1205 4115 1284 4170 uerbi
1302 4117 1415 4185 loquels
1432 4117 1480 4172 Bc

168 4195 279 4248 retenet
297 4194 332 4248 de
352 4195 445 4263 prices
463 4196 533 4250 recti
551 4196 638 4250 uerbo
655 4194 769 4263 loquols
789 4194 812 4248 0
832 4193 937 4250 retinet
959 4193 994 4248 de
1019 4194 1111 4263 priscs
1133 4196 1248 4265 loquels
1265 4197 1351 4252 Recte
1371 4197 1408 4249 Μ

169 4282 202 4329 11
224 4274 379 4330 SubriusC
448 4276 625 4331 scribendum
639 4275 696 4330 BG
714 4273 846 4329 scribitur
861 4275 899 4328 M
972 4273 1190 4331 1111111110
1258 4279 1288 4331 11
1302 4281 1366 4345 post
1380 4291 1476 4329 secun-

170 4356 236 4409 dum
252 4356 344 4412 11110
415 4364 446 4410 13
462 4357 555 4411 Ludos
567 4355 651 4424 longe
666 4356 793 4424 egregios
808 4353 930 4422 aliquem
945 4350 1043 4406 fecisse
1060 4355 1089 4408 B
1159 4356 1281 4428 dedisse]
1296 4355 1426 4409 didicisse
1441 4357 1479 4410 M

242 4443 275 4490 14
295 4436 372 4507 quis]
393 4452 465 4504 quse
485 4437 523 4491 M
602 4435 745 4507 flammeo]
770 4433 883 4488 flumine
903 4433 953 4500 M,
977 4449 1028 4489 om.
1046 4434 1104 4490 BG
1183 4453 1263 4489 suum
1281 4452 1332 4491 om.
1350 4436 1407 4490 Bo

170 4523 202 4570 16
213 4509 324 4571 seduxit
333 4509 445 4570 burto(
459 4518 539 4583 (corr.
550 4516 661 4571 seduxit
674 4518 720 4571 ide
735 4513 866 4580 ὰΚΙΡωί)
882 4529 938 4566 non
954 4511 1057 4566 dicitur
1071 4513 1125 4567 nisi
1140 4513 1163 4567 0
1176 4513 1285 4569 seduxit
1298 4515 1338 4582 (io
1352 4531 1421 4570 corr.
1436 4515 1476 4584 id)

169 4612 224 4650 non
240 4595 342 4650 dicitur
355 4593 409 4650 nisi
422 4595 450 4648 B
465 4595 575 4650 seduxit
589 4612 644 4649 non
659 4594 777 4650 dicimus
792 4592 846 4647 nisi
860 4587 974 4658 dudone
988 4611 1011 4662 p
1076 4601 1107 4648 17
1123 4593 1203 4649 duxit
1216 4611 1267 4650 orn.
1283 4597 1327 4664 M,
1341 4597 1479 4652 11111.Βο

224 4679 256 4729 18
275 4676 383 4729 11111111
400 4690 526 4729 versuum
543 4676 586 4729 ita
599 4676 727 4729 videntur
740 4672 902 4728 restituendi
916 4686 993 4740 csse„
1000 4673 1083 4727 Pstre
1098 4689 1131 4727 sc
1150 4676 1240 4729 1111111
1259 4678 1336 4731 curet
1354 4680 1476 4747 eogusto

168 4754 254 4809 frstre
286 4771 392 4824 sorore,
422 4754 487 4808 Non
511 4754 610 4824 opibus
634 4757 711 4809 curet
733 4755 785 4809 1111
806 4751 927 4807 nummis
1034 4753 1112 4807 caret
1136 4758 1199 4824 post
1226 4753 1325 4824 opibus
1351 4772 1401 4810 om.
1431 4756 1476 4825 M,

169 4834 310 4890 11111.Βο
