3316 5474
687 370 976 426 ORTHOGRAPHIA
1418 368 1483 434 307

179 488 203 524 p.
216 475 324 515 san-sa
337 474 362 512 ι».

180 559 394 638 Praegnantem
416 576 483 618 curn
504 556 625 634 [scribis
650 553 655 634 Ι
680 556 744 634 aut]
769 559 880 636 scripto
900 556 1018 636 dividis,
1036 555 1168 617 adnectis
1187 576 1206 636 g
1229 557 1375 617 secundae
1400 555 1482 635 sylla-

181 655 235 716 hae
255 666 284 716 et
308 656 363 716 alia
383 656 541 735 eiusmodi,
563 662 598 715 ut
620 656 727 733 pignus
755 653 870 733 dignus.
908 652 989 713 Pono
1014 653 1188 732 simpliciter
1207 655 1316 734 aliquid
1341 663 1484 734 statuens,

180 754 304 833 dispono
323 754 432 834 aliquid
452 755 552 833 operis
570 754 749 831 inpensioris
768 750 814 811 vel
837 750 952 811 consilii
972 752 1113 811 lecturus.
1151 761 1197 813 εει
1216 755 1303 813 etiam
1323 752 1482 831 disponere

180 852 309 913 loederis
332 852 461 912 ineundi.
507 851 610 911 Potior
632 851 744 929 potitus
767 867 834 910 sum
857 857 887 909 et
915 838 1054 928 perfruor
1076 851 1248 929 perfructus
1271 869 1337 911 sum
1361 851 1482 911 faciunt.

138 967 152 1006 s
179 949 329 1010 Primitiae
344 949 498 1029 pluraliter
511 957 626 1010 tantum
640 948 791 1029 dicuntur,
800 947 852 1008 sed
867 946 1044 1025 aliquotiens
1054 947 1244 1025 singulariter
1258 947 1481 1028 intellegendae.

179 1048 265 1108 Pario
285 1050 389 1128 peperi
411 1056 529 1127 partum
553 1049 623 1108 lacit
640 1049 780 1126 supinum
801 1043 939 1125 verbum,
962 1043 1030 1104 inde
1053 1048 1213 1123 pariturus.
1251 1046 1391 1107 Percutio
1414 1065 1483 1126 per·

179 1149 259 1207 cossi
282 1164 336 1225 per
355 1145 414 1207 duo
434 1165 463 1228 s,
486 1146 554 1206 inde
573 1162 781 1225 percussurus.
818 1142 912 1202 Pareo
931 1144 1010 1221 parsi
1034 1146 1228 1222 praeteritum
1251 1146 1328 1205 iacit
1366 1144 1483 1224 Pangor

179 1254 282 1324 pactus
311 1263 376 1304 sum
405 1246 600 1324 praeteritum
628 1244 706 1304 iacit.
750 1241 934 1320 Praepositio
958 1247 988 1299 et
1015 1249 1170 1319 praeterea
1199 1261 1253 1322 per
1276 1242 1480 1323 diphthongon

178 1341 343 1402 scribenda.
388 1341 448 1401 Pro
476 1343 671 1422 praepositio,
699 1359 766 1401 cum
795 1341 833 1399 sit
856 1336 1031 1399 naturaliter
1058 1338 1158 1422 longa,
1184 1340 1334 1401 interdum
1358 1343 1389 1401 ln
1413 1360 1481 1402 con·

139 1454 164 1492 1⁰
179 1441 325 1519 positione
345 1441 556 1519 corrumpitur,
578 1440 687 1518 partim
706 1437 908 1516 correptione,
932 1443 966 1495 ut
987 1453 1129 1516 proavus,
1152 1440 1260 1516 partim
1280 1442 1482 1519 assumptione

177 1538 292 1599 litterae
317 1537 348 1616 d,
376 1545 410 1596 ut
433 1535 555 1615 prodest
581 1534 717 1615 proditus
740 1533 895 1613 prodigus:
923 1532 1072 1593 interdum
1100 1536 1216 1616 integra
1239 1544 1286 1596 est
1308 1546 1338 1596 et
1367 1539 1430 1616 ipsa
1454 1549 1483 1600 et

178 1653 245 1714 pars
274 1637 323 1695 cui
350 1636 550 1714 coniungitur,
578 1641 612 1693 ut
639 1650 777 1712 procuro.
815 1629 1010 1709 sequentihus
1033 1633 1043 1690 i
1065 1640 1136 1691 etv
1167 1633 1231 1693 loeo
1255 1638 1481 1697 consonantium

178 1751 338 1812 numquam
366 1732 494 1792 litteram
522 1730 621 1810 perdit
648 1739 699 1791 aut
727 1739 833 1810 mutat,
863 1738 897 1791 nt
923 1730 1097 1813 providens,
1120 1741 1171 1793 aut
1194 1734 1318 1793 assumit
1341 1742 1392 1793 aut
1415 1753 1481 1794 cor·

177 1834 335 1911 rumpitur,
358 1839 391 1890 ut
413 1832 574 1909 proiectus.
610 1828 633 1888 P
657 1837 721 1889 ets
743 1828 820 1908 apud
840 1828 961 1890 Latinos
983 1848 1038 1909 pro
1057 1837 1206 1909 qr'graeca
1225 1840 1391 1911 ponuntur:
1415 1832 1481 1892 ideo

137 1932 207 1989 ¹⁵in
236 1928 333 1990 verbis
356 1928 375 1988 b
402 1946 491 2008 saepe
519 1929 549 1987 in
580 1947 599 2007 p
627 1936 785 1988 mutamus.
830 1926 903 1987 Peto
931 1935 1037 2006 expeto
1066 1931 1182 2009 sines,
1210 1937 1313 2009 specto
1342 1941 1481 2010 exspecto

175 2045 230 2106 per
253 2045 276 2087 s.
322 2025 493 2104 Privignum
517 2043 571 2104 per
594 2025 807 2086 detractionem
831 2044 848 2086 ε
872 2025 987 2086 litterae
1011 2025 1068 2086 dici
1093 2034 1204 2105 potest:
1228 2030 1376 2106 integrum
1400 2031 1479 2089 enim

176 2127 241 2184 eius
267 2125 452 2202 privigenum
481 2141 558 2182 reor.
604 2121 793 2184 Peteredium
820 2122 977 2184 abiectah
1005 2126 1036 2184 in
1064 2126 1270 2203 conpositione
1300 2142 1317 2183 a
1345 2125 1481 2204 petendis

176 2220 399 2281 hereditatibus.
445 2219 504 2279 Pro
536 2222 565 2280 in
595 2222 779 2299 appositione
807 2220 851 2281 vel
885 2223 1089 2301 conpositione
1123 2221 1224 2283 localis
1253 2232 1283 2283 et
1311 2225 1482 2304 temporalis

176 2329 235 2401 est,
258 2338 313 2398 pro
333 2318 442 2398 templo
466 2318 621 2398 providem
645 2328 675 2379 et
697 2320 762 2379 loco
781 2338 797 2379 e
817 2328 847 2379 et
865 2337 956 2398 super
975 2318 1020 2379 vel
1039 2329 1107 2380 ante
1127 2320 1172 2380 vel
1191 2320 1226 2380 ad
1251 2322 1296 2381 vel
1320 2324 1350 2381 iu
1374 2325 1480 2402 accipi-

135 2429 161 2467 20
177 2427 233 2496 tur,
256 2426 290 2478 ιιι
312 2419 475 2497 prominet,
498 2416 526 2477 id
546 2427 593 2479 εει
611 2418 828 2496 supereminet,
847 2411 936 2500 (Sall.
956 2419 1019 2477 Cat.
1035 2410 1132 2500 118)
1157 2413 1237 2497 ‘pro
1256 2422 1357 2479 curia
1381 2422 1480 2499 signa

175 2517 286 2576 sociis
309 2510 418 2595 dare'‚
441 2514 471 2574 id
495 2523 542 2576 est
564 2526 631 2576 ante
653 2501 781 2576 curiam:
805 2513 950 2593 Vergilius
974 2507 1062 2596 (Aen.
1090 2510 1216 2597 l'500)
1240 2511 1405 2578 ‘sumntis
1428 2521 1480 2579 in·

174 2620 326 2674 curvant
353 2612 494 2673 viribus
522 2632 627 2674 arcus
653 2613 722 2673 Pro
745 2631 781 2672 se
805 2614 958 2691 quisque
983 2609 1076 2693 vlri',
1104 2614 1132 2673 id
1162 2614 1266 2674 estad
1295 2633 1363 2675 suas
1390 2617 1481 2678 vires:

174 2729 228 2790 pro
258 2712 442 2792 testimonio,
471 2709 527 2771 hoc
551 2719 597 2771 est
624 2713 655 2771 in
680 2712 858 2771 testimonio.
896 2718 926 2769 et
954 2727 1009 2788 pro
1035 2713 1242 2772 interiectione
1266 2715 1424 2794 accipitur,
1447 2722 1481 2774 ut

175 2826 228 2887 pro
256 2808 348 2888 dolor,
376 2818 406 2870 et
434 2809 686 2870 circumflectitur.
738 2808 812 2868 Prae
841 2811 872 2868 iu
900 2811 1084 2888 appositione
1118 2808 1162 2868 vel
1196 2812 1401 2888 conpositione
1436 2813 1479 2871 in·

133 2925 159 2963 ss
176 2908 293 2966 venitur
322 2915 352 2966 ει
380 2907 415 2966 ad
445 2906 489 2966 vel
520 2906 556 2966 ab
584 2907 629 2967 vel
657 2925 748 2986 super
776 2905 822 2965 vel
848 2905 931 2965 valde
959 2905 1004 2966 vel
1033 2915 1100 2966 aute
1130 2909 1287 2985 significat:
1320 2908 1480 2970 Terentius

175 2998 268 3086 (Ean.
284 3006 361 3078 112,
376 2997 412 3087 8)
432 3000 650 3084 ‘contempsi
674 3003 773 3063 illum
797 3003 853 3064 hic
875 3022 960 3083 prae
990 3000 1067 3078 me’,
1090 3004 1146 3064 hoc
1166 3005 1266 3065 estad
1286 3009 1479 3086 comparatio·

175 3120 242 3162 nem
261 3104 336 3183 mei,
353 3105 423 3162 item
442 3095 536 3184 (Eun.
553 3104 573 3162 Ι
587 3102 617 3174 2,
631 3094 686 3184 18)
707 3097 767 3162 ‘tit
785 3102 915 3161 misera
934 3119 1019 3181 prae
1038 3097 1181 3183 amore',
1200 3102 1229 3161 id
1249 3112 1296 3163 est
1314 3102 1350 3163 ab
1369 3122 1479 3184 amore,

175 3198 329 3277 praesideo
354 3199 549 3280 supersedeo,
572 3198 757 3279 praevalidus
780 3198 862 3258 valde
886 3199 1013 3280 validus,
1035 3198 1174 3278 praedico
1198 3201 1342 3261 antedico.
1383 3202 1477 3262 Phoe-

174 3295 244 3374 bus,
263 3296 292 3356 id
311 3306 357 3357 est
376 3296 491 3378 Apollo,
510 3299 551 3357 ita
570 3296 724 3377 scribitur,
746 3305 780 3357 ιιι
797 3304 866 3376 post
883 3317 902 3376 p
922 3304 1064 3376 sequatur
1083 3295 1110 3356 h.
1148 3295 1308 3358 Postumus
1327 3299 1440 3360 abiecta
1460 3298 1479 3358 h

133 3412 160 3450 ao
173 3396 207 3454 in
226 3396 445 3474 conpositione:
468 3403 515 3455 est
537 3396 616 3454 enim
639 3402 708 3473 post
730 3393 898 3473 humatum,
920 3393 949 3453 id
974 3404 1020 3454 est
1043 3394 1207 3475 sepultum,
1230 3405 1344 3474 patrem
1365 3394 1477 3477 natus..

174 3490 343 3551 Plaustrum
363 3494 524 3570 capistrum
546 3492 709 3552 claustrum
729 3499 859 3552 vestrum
882 3500 1012 3552 rastrum
1036 3499 1066 3551 et
1090 3492 1172 3573 talia,
1197 3501 1258 3552 tres
1281 3505 1479 3556 consonantes

175 3588 267 3649 vocali
286 3599 430 3668 sequente
450 3593 479 3649 iu
500 3609 588 3650 unam
608 3589 746 3671 syllabam
766 3589 930 3669 iungendae
950 3597 1028 3650 sunt.
1063 3589 1206 3651 Perinrns
1226 3594 1276 3670 qui
1296 3591 1371 3652 male
1390 3594 1479 3672 iurat,

174 3689 276 3766 peiero
295 3706 365 3747 vero
385 3686 507 3748 verbum
528 3707 542 3747 r
568 3707 627 3749 nou
652 3687 741 3748 dehet
762 3687 885 3750 habere:
909 3696 956 3749 cst
973 3691 1051 3748 enim
1080 3692 1164 3767 quasi
1187 3693 1272 3769 peius
1296 3692 1370 3750 iuro.
1407 3690 1478 3751 Pro·

175 3794 262 3844 tenus
280 3804 335 3864 per
354 3804 369 3844 e
389 3785 560 3846 adverbium
579 3786 685 3866 locale,
708 3786 736 3846 id
757 3795 803 3847 est
819 3805 910 3866 porro
930 3795 1030 3867 tenus,
1049 3795 1083 3847 ut
1102 3781 1211 3869 (l'erq.
1231 3791 1304 3849 Aen.
1325 3791 1381 3849 Ill
1396 3784 1476 3874 Ilo)

228 3962 239 4008 1
267 3960 468 4025 praegnantem
495 3975 557 4012 cum
580 3955 678 4013 scribis
699 3957 825 4013 adnectis
844 3975 863 4028 g
881 3958 1018 4012 secundae
1038 3959 1164 4029 syllabae
1184 3963 1234 4014 ant
1251 3959 1356 4029 scripto
1374 3962 1478 4019 diuidis

174 4033 294 4102 (diuides
308 4037 358 4103 Μ)
374 4039 402 4089 et
415 4036 473 4091 alin
481 4037 533 4106 pS
538 4037 576 4091 Μ
628 4044 644 4090 2
663 4038 696 4091 ut
709 4037 811 4108 pignus
824 4036 962 4108 dignusS
980 4040 1012 4090 ut
1030 4055 1139 4107 pugnus
1157 4037 1257 4108 dignus
1274 4057 1294 4108 p
1314 4042 1477 4110 utmagnus

172 4113 272 4183 dignus
291 4114 392 4184 pignus
412 4116 449 4168 M
518 4133 591 4185 pono
610 4115 776 4185 simpliciter
794 4115 901 4185 aliquid
919 4119 1044 4172 statuens
1062 4118 1142 4173 Beda
1155 4135 1185 4186 p.
1200 4125 1269 4185 2⁸6,
1282 4125 1313 4186 9,
1332 4138 1406 4189 pono
1425 4122 1477 4175 ali·

174 4195 241 4263 quid
261 4195 428 4264 simpliciter
445 4197 571 4251 statuens
586 4190 678 4266 pSM
756 4197 890 4268 3etiam]
909 4201 1004 4252 autem
1025 4199 1062 4251 Μ
1141 4198 1407 4268 bintellegendoS

175 4285 205 4331 11
227 4281 256 4332 et
273 4277 336 4347 ipsa
353 4295 418 4347 pars
434 4278 483 4345 pS
489 4277 526 4330 Μ
528 4298 537 4329 ,·
555 4279 590 4345 cf.
611 4277 732 4332 Cassiod.
747 4294 778 4346 p.
797 4282 860 4343 164,
879 4282 904 4332 3.
933 4278 965 4332 in
982 4278 1095 4347 reliquis
1113 4284 1271 4347 corruptam
1289 4280 1320 4333 in
1338 4280 1477 4334 codicibus

172 4357 341 4413 Cassiodorii
363 4360 530 4427 scripturam
553 4357 673 4411 Albinus
695 4361 802 4411 namu
824 4363 863 4411 est
936 4365 969 4413 16
991 4358 1137 4427 priuignus
1155 4375 1178 4426 p
1251 4374 1265 4410 e
1294 4375 1343 4413 orn.
1370 4362 1407 4413 Μ

174 4443 204 4490 li
226 4437 414 4507 priuigenium
435 4439 472 4491 Μ
544 4444 576 4490 19
595 4436 733 4506 accipitur
747 4438 813 4506 pM
835 4438 980 4507 accipitS
1051 4445 1085 4492 22
1104 4455 1155 4507 pro
1174 4455 1203 4492 se
1224 4470 1257 4477 —-
1277 4440 1350 4495 vires
1368 4460 1421 4497 om.
1441 4445 1478 4497 Μ

220 4514 257 4569 ad
276 4534 339 4571 suas
357 4517 467 4589 uiresp
486 4518 522 4573 ad
541 4534 604 4572 suas
622 4515 744 4571 anresS
796 4524 831 4571 16
850 4517 887 4572 ad
907 4519 952 4573 uel
971 4519 1007 4574 oh
1025 4518 1090 4572 SM
1107 4518 1142 4571 ab
1161 4517 1207 4570 uel
1226 4519 1262 4571 oh
1277 4537 1312 4587 p:
1332 4523 1366 4587 cs.
1385 4521 1475 4577 Prisc.

171 4599 187 4650 l.
206 4598 319 4649 XIIII
334 4615 363 4666 p.
383 4604 427 4664 50,
448 4604 465 4653 5
525 4604 559 4651 st
579 4599 615 4651 ab
636 4598 767 4653 amoreS
785 4599 820 4652 ob
838 4616 961 4652 amorem
972 4598 1034 4668 leI
1095 4602 1129 4650 28
1149 4598 1315 4666 supersedeo
1331 4602 1368 4654 Μ
1380 4619 1475 4670 super·

170 4676 302 4745 sideopS
365 4684 397 4731 31
418 4681 538 4732 rastrum
554 4678 590 4732 M
606 4677 726 4733 rostrum
740 4676 770 4746 S,
784 4694 835 4732 orn.
845 4696 868 4746 p
935 4685 969 4733 32
987 4677 1129 4748 iungenda
1139 4678 1232 4746 pSIlI
1296 4680 1426 4737 Periurus
1441 4714 1473 4723 —

170 4757 242 4824 iuro]
259 4756 386 4825 periurus
400 4763 443 4812 est
457 4760 505 4827 qui
519 4759 593 4814 male
606 4758 682 4813 iurat
693 4757 806 4827 peintus
820 4759 901 4827 qnasi
915 4759 995 4828 peius
1008 4759 1084 4815 iurat
1098 4759 1127 4813 in
1140 4761 1226 4814 uerbo
1241 4777 1255 4812 r
1269 4762 1425 4817 nonhabet
1439 4763 1477 4816 Μ

219 4843 253 4890 33
272 4836 367 4906 peiero
382 4854 404 4905 p
422 4839 519 4906 peiuro
538 4839 560 4893 S

1205 4933 1261 4984 20*
