3316 5474
285 1357 597 1455 PRAEFATIO
629 1358 962 1457 cusslououl
994 1357 1318 1456 auunculus

148 1549 170 1585 μ
184 1536 237 1575 aaz:
251 1536 276 1574 r.

238 1645 312 1706 Cum
335 1650 413 1708 iuter
432 1665 486 1708 uos
512 1647 578 1707 talia
601 1659 780 1727 gererentur
798 1660 828 1710 et
847 1649 884 1709 de
903 1648 1156 1728 complexionibus
1175 1648 1376 1729 apostolorum
1395 1666 1454 1708 non

146 1750 228 1812 nulla
258 1763 432 1814 nasceretur
463 1756 604 1835 Intentio,
634 1756 773 1816 monachi
801 1757 859 1816 mei
889 1753 988 1815 subito
1018 1755 1144 1816 clamare
1175 1766 1338 1836 coeperunt
1369 1751 1455 1834 ‘quid

146 1859 270 1937 prodest
298 1878 478 1938 cognoscere
507 1879 560 1921 nos
592 1861 636 1921 reI
664 1881 739 1941 quac
767 1865 881 1941 antiqui
908 1863 1043 1922 iecerunt
1072 1861 1116 1922 rel
1145 1881 1178 1921 ea
1207 1881 1283 1942 quae
1312 1863 1455 1940 sagacitas

145 1973 244 2025 restra
266 1966 397 2027 addenda
421 1969 535 2040 carraria
568 1986 656 2028 nosse
684 1968 857 2048 diligenter,
884 1970 909 2027 si
938 1966 1086 2047 quemad
1115 1969 1235 2030 modum
1260 1989 1294 2030 ea
1323 1968 1454 2030 scribere

107 2087 120 2125 s
147 2070 308 2133 debeamus
334 2074 510 2134 omnimodis
539 2071 732 2154 ignoremus?
770 2095 825 2136 nec
853 2077 884 2135 iu
912 2093 983 2134 voce
1011 2085 1113 2135 nostra
1141 2094 1301 2155 possumus
1329 2076 1455 2136 reddere

147 2179 225 2258 quod
254 2182 284 2240 In
312 2183 459 2260 scrIptura
487 2182 739 2261 comprehendere
776 2201 834 2243 tion
866 2176 1022 2242 valemus?
1067 2181 1176 2261 quibus
1208 2182 1347 2262 respondi
1379 2183 1452 2243 haec

147 2304 223 2363 quae
246 2286 376 2347 dicerem
399 2287 551 2367 desIgnata
572 2307 638 2349 esse
662 2308 750 2368 quem
769 2288 804 2348 ad
829 2288 950 2348 modum
973 2298 1003 2348 et
1026 2287 1157 2367 intellegi
1181 2288 1308 2351 debeant
1330 2299 1361 2349 et
1383 2308 1451 2371 pro·

147 2392 228 2452 ferri
265 2393 317 2453 sed
340 2393 424 2453 labor
447 2393 532 2455 nohis
555 2397 744 2473 anIIquorum
768 2397 888 2454 omnino
913 2394 1076 2454 serrandus
1099 2405 1159 2475 est,
1183 2415 1219 2456 ue
1245 2416 1299 2456 nos
1316 2406 1454 2456 auctores

147 2516 249 2560 earum
274 2518 374 2560 rerum
398 2503 590 2581 mentiamur,
613 2518 741 2581 quarum
759 2518 902 2579 sequaces
921 2519 988 2560 esse
1007 2504 1223 2579 cognoscimur.
1248 2512 1278 2561 et
1296 2503 1362 2562 ideo
1381 2503 1454 2562 duo·

109 2621 133 2657 ιι]
148 2604 245 2666 decim
268 2616 424 2667 auctorum
447 2607 589 2687 opuscula
612 2607 786 2668 deducimus
809 2609 840 2667 in
865 2606 1008 2686 medium,
1031 2624 1107 2684 quae
1130 2606 1167 2666 ab
1190 2607 1248 2667 iIIis
1272 2606 1402 2668 breuiter
1424 2617 1455 2668 et

148 2714 267 2792 copiose
287 2713 364 2774 dicta
384 2724 463 2793 sunt,
482 2722 514 2773 ut
534 2725 564 2774 et
582 2733 638 2774 nos
656 2733 690 2774 ea
710 2713 949 2793 compendiosius
968 2713 1101 2774 dicamtrs
1120 2723 1151 2774 et
1169 2733 1185 2773 a
1203 2716 1310 2794 priscis
1325 2717 1451 2774 auctori·

147 2817 203 2878 bus
230 2820 294 2878 siue
322 2822 471 2880 varietatis
499 2821 597 2881 studio
628 2821 705 2881 dicta
734 2821 917 2904 recolantur,
944 2831 1091 2900 qrtatenus
1114 2831 1145 2881 et
1173 2820 1254 2880 vobis
1283 2819 1453 2900 plenissime

147 2927 317 2986 satisfacere
336 2926 488 2988 rIdeamur
511 2939 541 2988 et
564 2930 739 2989 auctoritate
764 2929 906 2989 firmasit
929 2928 1046 3008 relatio,
1069 2944 1157 3007 quam
1177 2925 1334 2987 duodecim
1354 2937 1453 2987 acceto·

147 3050 213 3092 rum
237 3040 336 3094 textus
359 3037 497 3095 insinuat.
535 3036 592 3094 iam
616 3044 733 3114 tempus
756 3042 803 3094 est
826 3044 859 3096 ut
882 3036 974 3095 totius
997 3035 1097 3113 operis
1116 3035 1211 3092 nostri
1231 3033 1452 3092 conclusionem

120 3139 244 3199 efacere
271 3139 446 3221 debeamus,
475 3151 509 3202 ut
536 3140 641 3201 medus
670 3142 700 3201 in
730 3142 827 3200 animo
856 3139 1056 3200 recondantur
1085 3157 1159 3218 quae
1187 3140 1353 3216 septenaria
1383 3157 1452 3197 con·

147 3243 278 3306 elusione
302 3246 439 3307 distincta
463 3257 542 3308 sunt.

149 3367 360 3378 —-——-—-

143 3471 146 3474 Δ
238 3419 264 3470 A
283 3419 367 3472 codex
384 3418 575 3474 Bruxeliensis
592 3424 665 3474 9581

235 3497 263 3550 Β
281 3499 364 3552 codec
382 3498 532 3552 Bernerisia
549 3503 606 3552 330

238 3575 359 3632 Ccodec
377 3580 547 3633 Coloniensis
565 3583 602 3631 83

237 3657 273 3710 be
291 3659 412 3712 codicum
449 3658 506 3712 BC
522 3661 683 3711 correctores

236 3753 253 3792 ς
270 3739 410 3805 scriptura
433 3740 496 3792 olim
519 3738 633 3806 calamo
654 3753 689 3791 ea
716 3736 833 3789 editione
852 3734 985 3789 Parisino
1004 3753 1030 3788 a.
1049 3739 1123 3790 1579
1145 3740 1169 3787 et
1192 3751 1225 3788 ec
1248 3736 1366 3789 editione
1382 3736 1453 3789 Ant·

272 3817 405 3885 verpienai
423 3818 456 3871 L.
477 3817 621 3872 Cerrrionia
639 3835 666 3870 a.
685 3819 765 3869 1579.
798 3831 830 3868 ea
847 3832 917 3883 actae
936 3815 1066 3869 Carrioni
1083 3815 1227 3883 debentur,
1249 3816 1298 3869 ndi
1315 3832 1384 3884 opas
1402 3830 1455 3869 esse

270 3897 427 3961 vielebotnr,
447 3897 535 3964 ipsine
555 3896 661 3948 tremine
679 3893 819 3961 adscripto
836 3895 963 3949 indicata
979 3901 1045 3949 snnt

236 3975 380 4031 Praeterea
402 3992 436 4030 ec
459 3975 548 4029 codice
568 3973 701 4028 Parisino
721 3977 792 4027 7495
810 3973 906 4041 (Par.)
928 3980 952 4029 et
971 3992 1004 4030 ex
1022 3975 1112 4030 coelice
1129 3974 1266 4031 Bernenai
1283 3980 1340 4031 243
1362 3992 1454 4044 panca

271 4057 412 4125 adscripta
430 4060 494 4110 sunt

237 4141 341 4208 tucri.
352 4141 406 4208 Pu.
417 4149 635 4207 cassionoul
650 4149 854 4204 suuacums
869 4153 896 4205 A
911 4150 1117 4206 annonario
1133 4150 1329 4207 caslouonr
1345 4153 1452 4206 suun-

148 4229 254 4284 TORIS
283 4232 307 4285 C
333 4232 469 4285 INCIPIT
497 4229 690 4284 PROLOGUS
720 4230 934 4286 CASSIODORI
963 4230 1166 4286 SENATORIS
1195 4231 1312 4286 SUPER
1341 4231 1453 4285 ΟΒΤΟ-

148 4307 340 4363 GRAPHIAII
363 4313 412 4365 AB
435 4310 514 4365 IPSO
539 4309 588 4362 EX
612 4308 785 4374 ANTIQUIS
810 4309 1029 4366 COLLECTAII
1048 4310 1076 4362 B
1098 4312 1194 4383 Magni
1218 4310 1325 4366 Aurelii
1344 4309 1470 4363 Cassio·-

147 4388 208 4443 dori
227 4390 368 4444 Senatorio
387 4391 416 4444 in
435 4390 666 4460 orthographiam
684 4390 823 4459 praelatio
843 4392 942 4446 Cannio
1006 4397 1022 4443 2
1042 4407 1097 4446 non
1115 4393 1174 4448 ulla
1192 4392 1220 4444 B
1281 4397 1297 4444 4
1316 4406 1350 4445 aa
1365 4394 1452 4457 poete·

146 4470 218 4522 n'ora
236 4469 293 4522 loco
310 4485 361 4523 om.
380 4469 439 4524 AC
503 4469 741 4538 signoramuso
806 4471 913 4539 nostra]
933 4487 997 4524 nam
1017 4470 1043 4522 A
1117 4470 1239 4540 oquod]
1255 4485 1327 4538 quae
1345 4469 1403 4522 AC

148 4547 341 4605 tdieerents
430 4552 580 4604 sauciare
599 4552 626 4603 A
714 4557 730 4604 9
755 4568 873 4619 quarum
892 4565 1026 4618 sequaces
1043 4550 1093 4606 ςΒ
1118 4551 1167 4619 qui
1192 4565 1325 4618 sequaces
1344 4550 1401 4602 AC

149 4633 181 4680 12
195 4626 352 4699 varietatis]
371 4629 536 4696 uarietatib3
555 4632 582 4684 A
652 4636 684 4685 16
703 4631 885 4685 recordantur
902 4628 931 4682 B
995 4635 1028 4683 to
1046 4628 1181 4684 distincta
1198 4632 1263 4683 sunt
1281 4627 1451 4682 EXPLICIT

147 4706 354 4762 PRAEFATIO
373 4708 508 4764 INCIPIT
527 4708 671 4763 TEXTUS
691 4709 801 4764 HUIUS
820 4710 888 4764 Post
901 4711 927 4762 A
947 4708 1079 4763 matinata
1097 4713 1162 4763 aunt
1181 4707 1349 4762 EXPLICIT
1369 4709 1450 4763 PRE-

147 4786 254 4840 ramo
274 4786 341 4843 Post
359 4790 386 4841 Β
404 4789 539 4845 distincta
556 4791 622 4845 aunt
639 4787 730 4843 ITEM
751 4788 837 4843 ALIA
857 4790 869 4842 l
888 4789 1039 4856 Postquam
1059 4788 1083 4842 C
