3316 5474
642 370 690 424 DE
709 370 1001 426 ORTHOGRAPHIA
1452 375 1474 438 5

168 576 258 637 quem
281 558 452 618 Priscianus
480 555 606 616 subinde
630 555 842 616 Terentianum
870 556 1012 636 appellat:
1040 576 1094 616 rios
1123 566 1221 617 tauron
1245 558 1314 618 freti
1337 557 1476 619 (tellianis

168 663 336 745 codicibus,
364 673 427 724 tum
452 664 655 723 uetustissimo
679 662 852 744 erenrplari,
880 663 1053 724 Terentium
1078 652 1178 743 potins
1203 664 1364 746 edidimus,
1391 667 1477 727 errius

167 778 287 848 practer
310 769 365 830 alia
389 772 500 849 ingenii
523 771 703 829 monimenta
727 771 857 830 citantur
880 770 956 848 apud
982 769 1104 830 idoneos
1128 779 1262 852 autores,
1286 769 1422 852 Fabulae,
1446 779 1476 832 et

167 877 205 937 de
229 875 382 937 erroribus
402 876 519 936 Cesellii
539 875 669 936 Vindicis
693 871 787 936 libri'.
825 875 917 936 codex
937 884 1036 936 autem
1060 895 1119 954 quo
1140 876 1300 937 Sicbardus
1319 895 1392 937 usus
1412 885 1475 937 erat

167 991 220 1043 urit
248 985 310 1062 ipse
339 982 489 1043 Palatinus
519 984 589 1063 luit,
616 985 668 1061 qui
697 1001 776 1043 ritino
804 992 955 1064 superest,
991 991 1042 1042 aut
1070 982 1139 1043 huic
1168 982 1280 1044 similis.
1322 1001 1390 1043 cum
1418 982 1475 1043 hoc

167 1092 248 1150 enim
267 1089 338 1151 editi
358 1089 533 1169 exemplaris
553 1088 640 1149 lectio
660 1089 834 1168 plerumque
850 1090 1006 1149 consentit.
1030 1088 1066 1148 ab
1080 1089 1169 1151 buius
1188 1089 1299 1150 codicis
1318 1092 1475 1169 scriptura,

167 1215 245 1275 quae
269 1200 367 1257 estin
391 1196 522 1257 clausula
544 1196 613 1256 libri
637 1215 663 1275 p.
687 1193 775 1256 2262
798 1199 875 1256 letrae
898 1205 969 1256 satir(
992 1216 1071 1271 qrarrc
1095 1201 1218 1273 carpenti
1240 1206 1372 1273 tempore
1395 1216 1473 1258 com-

162 1307 260 1380 plecti
288 1307 344 1362 tibi
374 1309 405 1363 in
433 1307 613 1380 praesentio
639 1307 756 1380 potui
763 1311 774 1361 t
806 1305 850 1362 be
879 1307 914 1361 si
944 1307 1040 1376 preld
1071 1307 1215 1379 coemptis
1247 1302 1395 1379 defecerit
1426 1309 1478 1365 ael

166 1405 396 1485 peractionibus
424 1412 660 1484 archidamum,
694 1410 846 1488 proiectus
874 1418 920 1468 est
949 1408 1124 1489 Sicbardus,
1152 1428 1220 1469 cum
1248 1419 1278 1470 et
1306 1408 1347 1470 ibi
1376 1410 1474 1471 addito

166 1497 276 1576 Thesei
306 1519 424 1576 nomine
453 1515 598 1576 scriberet
622 1519 710 1591 potm'
734 1516 848 1575 Theseu
877 1519 960 1590 quod
985 1534 1039 1593 pro
1067 1519 1156 1591 potiri
1181 1520 1210 1574 si
1235 1520 1311 1590 quid
1339 1524 1368 1576 et
1396 1517 1474 1577 idem

167 1641 278 1683 uomeu
300 1625 330 1682 in
354 1623 547 1701 inscriptione
577 1619 644 1680 libri
667 1630 806 1702 poneret,
839 1624 870 1693 O.
898 1609 1032 1681 Terente'r'
1054 1622 1169 1680 Scauri
1191 1623 1229 1681 de
1252 1625 1473 1699 orthopropbr'a
1578 1672 1585 1679 .

166 1732 212 1789 cad
236 1730 387 1790 theseum.
424 1727 527 1790 eadem
555 1730 709 1807 inscriptio
740 1736 859 1806 praeter
882 1728 1048 1806 principem
1071 1726 1230 1787 editionem
1254 1729 1284 1786 in
1308 1729 1473 1806 fragmento

167 1835 281 1895 codicis
299 1834 432 1895 Vaticani
450 1834 567 1914 legitur.
606 1834 657 1894 sed
682 1836 746 1894 eius
770 1834 926 1912 fragmenti
951 1835 1129 1920 scripturam
1153 1835 1183 1892 in
1207 1832 1331 1911 reliquis
1354 1852 1473 1912 quoque

168 1961 238 2003 curn
261 1945 407 2022 inpresso
431 1942 565 2021 exemplo
595 1944 635 2003 ita
658 1942 756 2000 iuveni
780 1941 1025 2021 consentientem5
1048 1947 1082 1999 ut
1105 1958 1164 1999 uon
1190 1939 1321 2000 rideatur
1345 1939 1473 2002 dubitari

167 2068 255 2129 posse
284 2051 356 2127 quin
384 2067 420 2108 ex
448 2047 504 2108 hoc
534 2051 610 2127 ipso·
628 2047 784 2108 Vaticanus
811 2047 906 2106 codex
935 2045 1118 2128 descriptus,
1146 2066 1205 2106 non
1233 2065 1269 2106 er
1297 2046 1347 2107 illo
1371 2047 1473 2108 codice

166 2156 258 2217 editio
278 2154 413 2216 Sichardi
432 2157 507 2216 iacta
527 2158 572 2215 sit.
606 2174 642 2214 er
662 2154 823 2215 Basileensi
847 2153 976 2213 editione
1000 2162 1121 2233 recepta
1144 2162 1214 2214 saint
1238 2163 1377 2233 excerpta
1395 2153 1473 2233 apud

166 2261 201 2322 G.
220 2261 387 2322 Fabricium
410 2279 532 2340 gramm.
552 2270 607 2320 ret.
631 2259 680 2320 lib.
705 2259 740 2320 de
764 2262 945 2339 proprietate
970 2268 1000 2320 et
1022 2260 1198 2321 differentiis
1222 2262 1367 2321 sermonis
1390 2259 1473 2321 latini

166 2388 192 2428 a.
215 2364 310 2448 1569,
332 2368 457 2444 repetita
482 2384 497 2425 a
516 2365 697 2425 Gotbolredo
721 2374 797 2425 auct.
821 2365 869 2425 lat.
893 2365 962 2444 liug.
984 2385 1013 2444 p.
1036 2363 1119 2426 1377
1145 2376 1174 2427 et
1197 2385 1212 2426 a
1237 2365 1379 2427 Vulcacio
1398 2366 1472 2428 thes.

167 2484 226 2534 utr.
250 2474 318 2551 ling.
338 2493 365 2552 p.
387 2467 500 2552 ῑ59.*)
537 2472 660 2532 eandem
684 2471 844 2531 editionem
867 2474 977 2552 paucis,
1002 2491 1076 2550 quae
1101 2474 1257 2533 manilesto
1281 2492 1383 2533 errore
1407 2493 1472 2533 cor·

167 2589 254 2658 rupta
284 2588 380 2659 ararit,
409 2581 553 2639 correctis
582 2579 728 2657 expressit
756 2577 968 2659 Putscbius,
1001 2581 1052 2656 qui
1083 2588 1112 2639 et
1140 2579 1284 2640 Beruensi
1312 2579 1413 2639 codice
1443 2589 1473 2640 et

166 2688 347 2747 coniecturis
362 2685 518 2746 doctorum
533 2688 664 2745 virorum
684 2703 715 2744 se
736 2704 823 2745 usum
842 2704 907 2745 esse
928 2685 1045 2768 indicat,
1065 2704 1132 2746 eum
1153 2682 1199 2746 ‘ex
1219 2685 1294 2747 libro
1308 2684 1472 2767 Bongarsii,

166 2795 246 2852 notis
273 2792 436 2852 llaucoueti
469 2800 499 2852 et
525 2792 608 2852 Petri
640 2791 779 2851 Scriverii
813 2788 1000 2853 restitutum'
1028 2811 1044 2851 a
1072 2811 1104 2852 se
1133 2792 1245 2853 editum
1272 2810 1338 2852 esse
1368 2793 1472 2852 Scauri

167 2899 277 2960 librum
291 2898 403 2959 scribit.
427 2916 530 2958 rerum
545 2907 642 2958 umen
661 2900 764 2977 paucis
782 2897 864 2978 locis,
884 2908 917 2958 ut
936 2898 1005 2980 dixi,
1023 2898 1134 2959 codicis
1153 2901 1331 2977 scripturam
1350 2900 1473 2979 recepit,

167 3007 307 3084 pauciora
331 3006 420 3065 etiam
443 3006 614 3064 coniectura
638 3004 811 3064 emendarit.

259 3110 292 3170 ln
311 3129 384 3171 nova
404 3111 532 3172 editione
552 3109 668 3170 duobus
688 3110 841 3171 codicibus
860 3130 935 3190 quos
955 3112 1122 3191 supradixi
1143 3131 1215 3173 usus
1234 3130 1308 3173 sum.
1333 3110 1473 3191 equibus

168 3218 350 3277 bernensem
365 3219 419 3290 (B)
434 3219 502 3296 ipse
517 3236 583 3276 cum
600 3215 733 3277 l'utscbii
752 3217 882 3276 editione
901 3215 1097 3276 contuleram:
1117 3234 1211 3277 uream
1231 3235 1352 3295 operam
1369 3225 1473 3296 postea

145 3325 307 3403 'iiagenus
336 3323 435 3384 denuo
459 3339 584 3381 excusso
608 3321 709 3381 codice
737 3324 777 3381 ita
801 3321 960 3400 supplevit,
991 3330 1024 3381 ut
1054 3320 1162 3380 nullam
1193 3321 1406 3383 dubitationem
1435 3323 1471 3385 de

168 3433 316 3511 scriptura
339 3430 450 3490 codicis
474 3427 606 3488 relictam
631 3445 696 3487 esse
720 3437 830 3506 putem.
867 3426 1032 3487 Palatinum
1053 3426 1185 3486 codicem
1204 3429 1258 3501 (P)
1279 3447 1325 3488 me
1349 3439 1471 3508 rogante

168 3537 332 3598 Stenderus
361 3554 429 3596 curn
457 3536 591 3614 principe
622 3533 750 3593 editione
774 3533 908 3593 contulit.
946 3535 1102 3611 utriusque
1126 3533 1194 3594 libri
1216 3533 1373 3597 lectionem
1396 3538 1471 3597 iute-

166 3662 249 3723 gram
280 3641 414 3721 exhibui,
445 3649 474 3700 et
504 3639 685 3700 Beruensom
716 3639 834 3717 quidem
866 3641 906 3698 ita
935 3641 1083 3721 expraessi,
1113 3648 1146 3700 ut
1176 3643 1263 3701 etiam
1292 3644 1323 3702 in
1352 3645 1467 3704 ratione

166 3749 330 3830 scribendi,
358 3756 500 3826 quantum
528 3748 592 3806 sieri
620 3752 733 3825 posset,
761 3745 839 3805 bunc
867 3763 1010 3822 sequerer
1038 3754 1067 3805 et
1095 3747 1124 3805 in
1154 3765 1188 3806 eo
1217 3766 1335 3827 quoque
1358 3768 1468 3828 genere

166 3873 285 3916 omnem
312 3856 478 3933 scripturae
506 3852 733 3930 discrepantiam
763 3852 894 3929 exceptis
925 3851 1045 3928 quidem
1074 3851 1164 3913 rebus
1192 3853 1362 3936 levissimis,
1395 3875 1470 3935 quae

166 3962 276 4023 nullam
301 3961 456 4022 utibtatem
476 3958 594 4039 babent,
617 3958 795 4018 adnotarem.
833 3958 980 4035 scriptura
1001 3957 1111 4018 codicis
1130 3961 1248 4038 saepius
1266 3960 1357 4022 altera
1381 3981 1469 4023 uranu

166 4072 229 4147 ipsa
261 4085 379 4145 quoque
413 4067 546 4144 antiqua,
577 4082 665 4143 quani
697 4062 829 4143 adposita
865 4065 882 4122 b
912 4062 1010 4123 littera
1043 4066 1216 4143 significavi,
1249 4077 1383 4129 correcta
1415 4080 1469 4131 est·

166 4173 281 4234 litteras
303 4176 333 4233 in
357 4190 459 4233 rasura
482 4170 720 4231 membranarum
740 4171 860 4251 positas,
882 4172 908 4230 si
932 4169 1018 4230 modo
1042 4170 1113 4231 illud
1138 4173 1215 4251 quod
1236 4173 1305 4234 olim
1325 4177 1468 4254 scriptum

255 4423 281 4492 ⁸)
309 4423 424 4478 Nullam
447 4424 531 4478 fidem
554 4425 659 4479 hahent
681 4440 752 4492 quae
775 4420 907 4476 Claudius
931 4417 1105 4488 Dausqueius
1129 4423 1158 4476 in
1182 4423 1383 4494 orthographia
1406 4442 1432 4479 v.
1457 4423 1469 4477 I

164 4525 193 4576 p.
207 4510 257 4558 162
272 4503 375 4557 Scauro
393 4505 504 4574 tribuit,
520 4505 657 4559 ‘Scaurus
677 4504 723 4557 lib.
738 4504 776 4557 IX
796 4504 831 4557 de
849 4499 1063 4568 orthographia:
1080 4503 1110 4553 et
1127 4517 1190 4556 raro
1205 4502 1289 4573 Capri
1306 4502 1468 4559 testimonio

164 4582 273 4653 capud
300 4583 430 4639 Etruscos
453 4584 618 4654 exprimitur
640 4584 724 4637 etex
747 4582 855 4637 Latinis
877 4580 1063 4635 locutionibus
1087 4597 1296 4652 nonnumquam
1319 4583 1468 4639 evanescit.

162 4663 286 4719 Ennius:
304 4662 415 4718 Interea
432 4663 507 4733 fugit
524 4664 599 4718 albu*
613 4663 694 4718 iubar
708 4662 866 4732 Hyperioni*
882 4661 1018 4717 cursum'.
1042 4677 1107 4715 uam
1120 4678 1211 4730 neque
1224 4680 1242 4717 a
1257 4663 1360 4719 Scauro
1377 4681 1469 4734 neque

165 4761 184 4798 a
203 4741 296 4815 Capro
314 4743 384 4797 haec
403 4742 493 4811 petita
511 4746 587 4811 sunt,
607 4742 655 4798 sed
674 4741 710 4796 ab
728 4741 865 4811 Agroecio
884 4760 911 4811 p.
931 4749 1009 4798 2269.
1036 4742 1118 4797 Ennii
1137 4745 1231 4797 autem
1251 4761 1360 4798 versum
1379 4744 1468 4817 Capro

162 4824 281 4877 auctore
299 4838 365 4876 uaus
383 4822 540 4877 Priscianus
559 4822 576 4876 l.
597 4821 621 4876 V
640 4840 667 4893 p.
688 4827 751 4892 1‘10,
771 4826 786 4877 9
805 4821 835 4875 in
853 4820 912 4875 alia
929 4825 1090 4895 quaestione
1109 4821 1263 4898 adscripsit
