3316 5474
240 367 305 431 112
661 367 768 423 CAPRI
786 368 835 422 DE
855 368 986 423 VERBIS
1006 369 1126 424 DVBIIS

237 479 259 516 p.
274 468 328 506 seso
342 467 366 506 Ρ.

326 551 408 612 'lelio
427 551 508 611 haec.
540 560 620 613 tenta
640 560 670 612 et
689 561 807 613 extenta
827 563 918 614 recte.
952 562 1075 634 tersum,
1095 572 1153 614 non
1174 562 1293 615 testum.
1328 553 1421 616 tundo
1437 555 1543 615 tutudi.

327 658 425 719 Vallus
439 658 521 740 haec,
541 678 599 738 qua
614 660 796 720 trumentum
817 662 976 721 excutitur.
1009 661 1138 722 vatillum
1158 661 1223 721 hoc.
1263 671 1342 724 vates
1362 662 1431 723 olim
1450 664 1544 723 vallos

237 766 383 828 dicebant.
420 785 484 849 voa,
511 766 560 826 alli
588 785 698 828 vasum.
740 786 846 847 vesper
874 767 971 849 stella,
1000 787 1123 848 vespera
1147 776 1272 849 tempus.
1309 779 1410 830 vectes
1433 768 1487 830 hae
1512 779 1543 830 et

237 873 281 954 lsi,
311 882 345 934 ut
373 880 498 932 veteres.
540 875 661 955 unguis,
695 892 753 934 nou
783 875 878 953 ungis.
920 872 1037 956 vulpeS‚
1067 877 1152 953 quasi
1182 876 1302 956 volipes.
1346 877 1484 938 utensilia
1515 883 1545 936 et

237 980 328 1041 utilia.
365 979 466 1061 upilio,
489 999 568 1041 nuno
591 981 689 1060 opillo.
726 982 863 1059 utrisque
887 978 1023 1040 monibus
1046 988 1076 1041 et
1100 989 1225 1060 utraque
1249 1000 1338 1043 mauu
1362 991 1453 1044 recte.
1571 1001 1585 1041 s

239 1102 452 1111 ————

331 1152 445 1206 1Tabo
463 1151 534 1206 haec
550 1157 676 1223 ecoerpta
693 1151 783 1208 Most.
849 1152 878 1206 et
896 1167 946 1205 om.
965 1150 1004 1204 Μ
1062 1153 1149 1207 tundo
1168 1155 1198 1208 et
1214 1153 1308 1208 tutudi
1326 1155 1353 1207 B
1417 1153 1544 1208 tuallus

237 1234 290 1288 hee
313 1250 369 1302 quo
389 1232 426 1285 Μ
444 1229 537 1285 uallus
560 1231 607 1286 hic
629 1250 686 1301 quo
704 1234 751 1288 Bc
774 1231 857 1287 uallis
880 1231 932 1286 hec
955 1247 1011 1300 quo
1032 1231 1060 1286 0.
1088 1233 1123 1298 cs.
1142 1235 1175 1287 de
1192 1235 1256 1288 dub.
1275 1251 1346 1288 nom.
1367 1253 1397 1304 p.
1418 1238 1484 1298 592,
1503 1238 1544 1288 22

237 1312 329 1366 vallus
346 1312 376 1366 in
395 1328 451 1380 qua
469 1310 639 1366 frumentum
658 1312 798 1367 excutitur
819 1309 930 1382 generis
949 1310 1088 1380 feminini,
1111 1315 1144 1366 ut
1161 1312 1296 1383 Virgilius
1321 1316 1419 1383 (georg.
1440 1313 1461 1366 I
1478 1315 1544 1382 166)

240 1393 325 1447 ‘nuuc
343 1390 463 1462 mystica
480 1392 594 1459 vallus',
612 1392 687 1448 Seru.
706 1394 739 1447 in
758 1392 835 1461 Vero.
851 1393 868 1445 l.
884 1408 905 1447 c.
925 1391 1044 1461 mystica
1063 1408 1170 1446 vannus
1189 1393 1296 1461 Iacchi,
1314 1393 1343 1448 id
1362 1396 1406 1448 est
1423 1395 1544 1450 cribrum

238 1473 342 1538 areale,
361 1472 481 1542 legimus
499 1475 595 1527 tamen
609 1475 639 1526 et
654 1473 768 1527 ‘vallus'
785 1471 936 1527 secuudum
950 1471 1104 1527 Varronem
1177 1473 1262 1528 Uates
1276 1472 1344 1527 olim
1358 1473 1453 1528 uacios
1467 1474 1541 1530 dice·

237 1552 308 1606 bant
323 1551 351 1604 B
370 1551 519 1606 soliuacios
537 1552 669 1607 dicebaut
688 1550 717 1606 0.
745 1568 784 1606 an
801 1554 881 1606 vates
899 1550 967 1606 olim
985 1555 1084 1620 poetas
1103 1551 1252 1607 dicebaut?
1324 1559 1340 1607 3
1359 1556 1455 1616 nectes
1473 1555 1544 1609 haec

238 1687 267 1739 et
285 1684 327 1738 hii
344 1684 372 1736 B
389 1686 485 1739 nectes
504 1644 605 1740 haeehi
625 1684 649 1737 Ο
736 1691 752 1738 4
776 1680 884 1753 ungues
902 1702 958 1741 nou
976 1686 1058 1755 ungis
1076 1686 1103 1738 B
1127 1645 1215 1755 unges
1232 1703 1290 1740 non
1307 1633 1380 1755 1111ngi
1400 1684 1546 1756 Gungues

238 1781 294 1819 uon
312 1782 368 1818 unx
387 1764 424 1818 Μ
510 1766 608 1835 uulpes
627 1767 680 1821 hae
699 1764 780 1836 qussi
797 1763 950 1833 uolupedes
968 1764 1094 1834 (uolupes
1112 1780 1181 1818 corr.
1201 1765 1352 1833 uolupedes
1371 1765 1486 1834 Β)Βο

237 1843 370 1898 utensilia
388 1846 417 1898 et
435 1844 517 1899 utilia
535 1862 585 1899 orn.
605 1845 632 1897 B
704 1851 720 1899 5
740 1843 828 1913 upilio
847 1861 921 1899 nunc
939 1844 1026 1915 opilio
1043 1849 1169 1914 excerpta
1183 1844 1438 1914 Montepsssslona,
1457 1845 1545 1915 upilio

238 1941 293 1979 non
317 1922 420 1992 eupilio
444 1924 481 1977 Μ
504 1924 591 1994 opilio
618 1925 776 1995 nonoupilio
800 1924 858 1978 Bc
882 1924 969 1994 opilio
992 1939 1047 1978 uon
1070 1922 1159 1993 upilio
1178 1940 1215 1992 p:
1246 1922 1322 1994 Vero.
1348 1925 1433 1980 bucol.
1458 1930 1485 1990 1,
1509 1932 1544 1980 19

238 2022 316 2077 venit
334 2023 363 2075 et
381 2021 469 2091 upilio
541 2041 626 2077 manu
644 2025 719 2078 recte
738 2022 833 2077 EXPL
854 2020 888 2089 0,
907 2039 992 2075 manu
1010 2022 1085 2076 recte
1103 2023 1194 2074 metor
1212 2021 1326 2075 metaris
1351 2020 1425 2091 eligo
1443 2021 1545 2076 metior

238 2101 346 2156 metiris
365 2117 494 2155 mensuro
512 2106 587 2157 meto
606 2102 688 2156 metis
710 2101 803 2156 incido
822 2101 915 2155 insece
935 2098 1083 2155 clientulus
1102 2099 1223 2154 nutritor
1240 2100 1370 2155 alumnus
1388 2100 1491 2155 dicitur
1508 2101 1545 2155 ab

239 2180 340 2236 alendo
355 2184 383 2235 et
403 2181 451 2251 qui
467 2181 557 2235 nutrit
575 2185 604 2236 et
621 2181 671 2249 qui
691 2181 813 2236 nutritur
834 2180 997 2251 pedagogus
1011 2183 1131 2236 nutritor
1149 2180 1349 2251 paruulorum}
1366 2179 1542 2252 EXPLICIT!

238 2263 327 2318 hecho
342 2261 463 2317 imitatio
476 2261 554 2316 uocis
568 2262 604 2316 B.
632 2263 724 2317 eodem
742 2278 811 2331 quos
825 2262 856 2315 in
869 2262 896 2314 B
916 2262 1014 2315 addito
1031 2265 1097 2315 cunt
1117 2260 1266 2315 Putaclu'us
1283 2261 1369 2315 edidit
1386 2261 1440 2326 sic,
1459 2275 1545 2313 manu

239 2345 323 2397 recte.
352 2342 443 2396 lictor
463 2373 495 2380 -
516 2342 703 2411 pomulorum.
736 2340 817 2395 Heho
834 2339 956 2394 imitatio
975 2340 1051 2396 vocis
