3316 5474
231 390 295 455 328
767 391 925 448 aroneis

230 503 252 538 p.
266 492 280 530 o
294 492 324 531 n.

233 573 350 637 modis?
396 580 534 657 Quinque
560 573 751 656 ‚ltiniltus‘l
797 579 855 639 rint
887 598 955 640 cum
989 598 1045 639 una
1080 579 1191 648 vocalis,
1218 579 1408 661 producitur,
1440 589 1474 640 ut
1507 574 1536 639 ‘o

231 678 306 765 dea',
329 692 381 744 not
404 687 563 763 geminata,
588 694 621 745 ut
645 684 804 766 Euryalus,
835 695 886 747 aut
908 689 1067 768 incipiens,
1095 696 1128 748 ut
1151 706 1203 766 en,
1230 696 1282 748 aut
1304 690 1475 768 terminata,
1502 696 1538 748 ut

231 808 281 872 ne,
309 799 361 850 aut
388 792 417 851 in
447 792 544 852 medio
573 793 681 871 posita,
714 800 747 852 ut
776 810 834 852 oon
864 840 870 854 .
899 793 1049 854 Positione
1076 780 1180 872 longai
1209 794 1287 872 quod
1315 794 1411 855 modis
1439 790 1537 854 liunt?

120 931 123 935 .
155 967 156 971 η
230 897 339 958 Decem
363 946 369 958 .
395 896 531 969 Quibus?
568 899 626 959 Αιιι
649 917 717 959 com
741 909 878 979 correpta
901 899 1009 960 vocalis
1033 900 1142 962 desinit
1170 903 1199 960 in
1228 901 1301 961 duas
1329 909 1537 980 consonantes,

229 1013 264 1066 ut
286 1023 348 1086 ars,
377 1015 428 1066 aut
452 1024 519 1066 curn
544 1005 653 1066 desinit
681 1007 711 1064 in
734 1023 824 1065 unam
848 1015 1061 1067 consonantem
1085 1016 1115 1068 et
1138 1009 1285 1086 excipitur
1308 1007 1345 1068 ab
1368 1006 1474 1088 altera,
1503 1016 1537 1067 ut
1564 1023 1577 1062 s

230 1129 324 1192 arma,
347 1121 399 1172 aut
421 1130 489 1172 cum
513 1113 660 1192 excipitur
678 1130 694 1171 a
713 1112 829 1173 duabus
848 1113 1094 1194 consonantibus,
1118 1123 1150 1175 ut
1169 1116 1245 1194 agri,
1269 1123 1320 1175 aut
1338 1133 1407 1176 cum
1426 1115 1537 1175 desinit

230 1220 259 1278 in
280 1238 296 1277 x
317 1218 444 1279 litteram
465 1218 626 1299 duplicem,
650 1229 683 1279 ut
705 1238 776 1300 nox,
800 1229 851 1280 aut
869 1239 938 1280 cum
957 1222 1104 1301 excipitur
1124 1239 1138 1280 a
1159 1219 1283 1301 duplici,
1307 1229 1340 1281 ut
1359 1221 1536 1300 blezentius3

230 1334 281 1387 aot
304 1344 371 1386 cum
396 1326 505 1386 desinit
528 1328 558 1387 in
583 1311 795 1387 consonantem
819 1337 849 1388 et
873 1329 1020 1407 excipitur
1043 1345 1058 1387 a
1083 1327 1232 1388 vocalibus
1256 1347 1275 1387 ιι
1296 1327 1340 1387 rel
1360 1331 1383 1408 i,
1406 1336 1439 1387 nt
1458 1345 1537 1407 arra,

166 1413 171 1425 ’
231 1429 281 1494 ‘ot
303 1428 421 1514 luno',
445 1443 496 1494 aut
519 1452 587 1494 cum
611 1443 749 1512 correpta
772 1434 880 1495 vocalis
899 1435 1008 1496 desinit
1026 1437 1057 1497 in
1076 1434 1207 1496 vocalem
1229 1435 1324 1496 iloco
1344 1437 1536 1495 consonantis

231 1543 357 1619 positam
382 1550 411 1601 et
435 1542 582 1619 excipitur
596 1559 689 1620 aeque
713 1560 729 1600 a
754 1541 845 1602 vocali
870 1545 882 1601 ι’
903 1541 968 1602 loco
992 1545 1182 1602 consonantis
1201 1544 1310 1623 posita,
1339 1551 1372 1602 ut
1391 1537 1536 1602 ‘maiior
1552 1556 1577 1594 ιι

229 1648 305 1726 agit
337 1642 440 1707 dens’
474 1656 503 1707 et
536 1643 749 1728 ‘Troiiaque
782 1667 875 1709 nunc
908 1644 1041 1710 stares'
1076 1643 1134 1731 (sic
1167 1651 1246 1709 enim
1276 1651 1332 1710 ista
1360 1647 1451 1710 scribi
1482 1667 1536 1728 per

229 1755 374 1833 geminam
403 1755 413 1812 i
441 1753 570 1814 litteram
599 1757 686 1815 metri
714 1757 789 1816 ratio
817 1748 980 1837 deposcit);
1013 1765 1064 1816 aut
1096 1774 1164 1816 cum
1197 1765 1333 1836 correpta
1367 1755 1475 1816 vocalis
1505 1758 1535 1816 in

230 1861 326 1921 medio
350 1878 437 1919 versu
461 1878 514 1920 seu
539 1860 600 1921 sola
624 1879 676 1921 seu
701 1863 876 1921 consonanti
899 1861 1036 1921 adiuncta
1059 1861 1199 1941 syllabam
1219 1863 1302 1942 lacit,
1325 1880 1400 1940 quae
1420 1873 1535 1942 partem

220 1970 371 2028 orationis
395 1966 527 2049 impleat,
553 1977 584 2028 ut
608 1963 637 2027 ‘o
661 1970 762 2046 virgo
787 1986 873 2027 nova
898 1970 942 2027 mi
967 1963 1095 2028 lacies’
1119 1977 1148 2029 et

390 2165 466 2242 ipse
491 2161 551 2223 ubi
576 2172 714 2243 tempus
738 2164 809 2223 erit
832 2180 954 2223 omues
977 2165 1011 2222 in
1036 2164 1135 2223 lonte
1160 2161 1284 2223 lavabo

230 2287 260 2339 ei

389 2402 422 2454 ct
445 2392 587 2473 direpta
612 2393 735 2454 domu's
760 2401 795 2453 et
817 2395 916 2472 parvi
941 2412 1048 2462 casus
1072 2393 1154 2475 lnli3

229 2581 279 2632 orit
304 2589 385 2646 cum,
395 2580 531 2652 correpta
557 2573 664 2632 vocalis
688 2574 869 2651 excipitnra
894 2570 991 2632 littera
1015 2591 1043 2652 q,
1067 2590 1155 2649 quam
1180 2590 1302 2632 necesse
1333 2582 1378 2633 est
1408 2581 1439 2633 ut
1463 2592 1532 2633 con-

301 2929 334 2977 18
353 2924 402 2977 out
421 2940 483 2977 cum
503 2925 630 2993 correpta
645 2954 676 2962 --
697 2928 775 2990 3292
796 2938 928 2992 vaporem
947 2921 1026 2976 Beda
1044 2923 1076 2977 dc
1095 2927 1154 2976 arte
1171 2924 1284 2978 metrico
1297 2941 1328 2992 p.
1347 2929 1465 2989 235,15

300 3269 313 3314 1
335 3261 441 3327 Quibus
469 3265 518 3316 eut
547 3280 610 3316 cum
633 3280 689 3317 uno
715 3262 821 3317 uocalis
849 3261 1010 3331 producitur
1033 3263 1066 3316 ut
1092 3261 1243 3317 obtin
1269 3262 1412 3334 geminato
1440 3264 1472 3316 ot
1499 3279 1533 3316 ae

229 3343 369 3398 neurielus
388 3346 437 3399 not
459 3343 595 3411 incipiens
613 3343 640 3396 Β
660 3343 766 3408 Quibus
785 3343 816 3396 o.
836 3359 898 3396 cum
920 3359 974 3397 uno
993 3341 1084 3397 uocnii
1102 3342 1266 3410 producitur
1284 3348 1316 3397 ut
1333 3361 1358 3398 o.
1377 3343 1418 3399 de.
1438 3360 1463 3399 n.
1483 3345 1533 3395 aut

227 3424 371 3493 geminato
393 3426 424 3478 ut
447 3439 481 3476 oc
505 3421 634 3476 Ruricius
658 3425 708 3476 aut
730 3421 866 3491 incipiens
887 3424 928 3477 M.
967 3422 1082 3492 Verqilii
1104 3423 1254 3491 exemplum
1274 3424 1302 3479 ‘o
1322 3423 1387 3478 deo'
1413 3424 1493 3491 (Aen.
1514 3423 1535 3475 Ι

228 3505 298 3572 372)
321 3505 468 3558 decadem
491 3519 520 3557 nr
538 3503 661 3571 potitum
684 3507 722 3554 cst
745 3503 777 3555 in
799 3502 924 3573 [Probi]
946 3503 1016 3557 libro
1039 3503 1072 3557 dc
1094 3504 1199 3558 ultimis
1216 3505 1331 3574 opilabis
1350 3521 1380 3573 p.
1400 3508 1465 3571 219,
1484 3508 1531 3559 23.

227 3584 320 3653 itaque
339 3583 501 3653 concinendo
518 3588 583 3636 ssent
601 3598 670 3650 qnae
688 3581 764 3648 opud
789 3582 959 3638 Victorinum
974 3600 1004 3652 p.
1019 3588 1081 3649 197,
1101 3588 1118 3637 7
1137 3583 1223 3651 edidi,
1244 3583 1363 3653 quibus?
1395 3585 1451 3637 Aut
1469 3599 1532 3636 cum

230 3681 285 3718 uua
302 3663 408 3719 voculis
427 3662 605 3733 producitur,
630 3678 662 3715 ex
686 3677 741 3728 qun
759 3660 846 3716 dictio
865 3665 987 3732 constet,
1009 3666 1043 3717 ut
1060 3679 1077 3717 o
1096 3666 1126 3719 et
1143 3681 1173 3731 a,
1196 3669 1246 3720 out
1269 3667 1425 3734 geminata,
1448 3667 1532 3718 ntae

227 3760 263 3796 au
283 3761 332 3809 eo,
352 3747 402 3798 aut
420 3743 556 3813 incipieus
628 3744 713 3794 taut
735 3757 799 3794 cum
822 3744 951 3812 correpto
971 3744 1008 3796 Μ
1017 3744 1044 3798 V
1064 3761 1126 3799 curn
1149 3748 1199 3800 out
1223 3748 1352 3814 correpta
1368 3745 1396 3797 Β
1469 3751 1484 3797 b
1504 3747 1533 3798 et

228 3823 365 3893 excipitur
384 3824 419 3878 ob
439 3823 529 3878 altere
549 3856 580 3863 -
600 3829 616 3876 8
635 3824 685 3877 out
703 3840 766 3876 cum
789 3820 893 3877 desinit
916 3823 946 3877 in
965 3825 1165 3880 consonantem
1183 3843 1234 3881 om.
1254 3827 1304 3892 M,
1323 3829 1389 3881 cdd.
1406 3826 1442 3881 B.
1517 3833 1530 3880 l

228 3905 278 3957 out
295 3921 358 3956 cum
378 3902 514 3971 excipitur
533 3920 550 3956 o
568 3901 689 3972 duplici,
713 3904 745 3956 ut
764 3900 834 3968 nxis,
858 3906 908 3956 aut
925 3903 954 3958 in
973 3923 999 3974 n,
1024 3922 1096 3973 qnae
1120 3906 1195 3975 opud
1214 3906 1334 3962 Graecos
1358 3906 1461 3976 duplex
1480 3908 1532 3968 est,

227 3986 260 4038 ut
277 3983 430 4037 Mezentius
455 3982 481 4035 V
497 4004 505 4035 :
524 3984 559 4049 cs.
581 3983 657 4037 Mor.
683 3983 783 4038 Victor.
805 4000 833 4051 p.
854 3987 933 4051 30,1
959 3984 1066 4042 Oltorio.
1087 4004 1118 4055 p.
1138 3992 1185 4052 12,
1204 3993 1244 4042 20
1279 3998 1283 4013 ‘
1316 3993 1369 4041 8u
1389 3987 1435 4041 uel
1458 3986 1466 4039 i
1491 3985 1533 4040 uit

228 4078 297 4116 aruo
320 4063 351 4117 at
373 4063 439 4117 iuno
462 4063 489 4117 Β
508 4081 527 4116 u
545 4063 670 4117 uelint
691 4080 760 4117 arua
788 4064 838 4116 aot
859 4061 889 4117 in
913 4082 968 4121 uno
988 4068 1026 4121 M
1042 4086 1060 4121 o
1079 4066 1125 4121 vel
1147 4065 1171 4132 i,
1194 4070 1227 4120 ut
1249 4067 1280 4121 at
1298 4065 1392 4120 Venus
1415 4067 1446 4119 nt
1464 4066 1532 4118 Iuno

227 4145 371 4199 Diomedes
380 4162 407 4213 p.
423 4149 521 4209 428,9
576 4143 699 4212 tipoet
717 4144 843 4199 rocelem
858 4162 907 4200 om.
923 4146 995 4200 ΒΜ
1049 4153 1081 4201 10
1096 4148 1125 4202 et
1139 4146 1276 4216 excipitur
1291 4163 1380 4214 aeque
1395 4143 1531 4214 avocoli]

228 4227 257 4279 et
284 4224 421 4294 excipitur
449 4241 537 4293 oeque
566 4224 658 4280 nocali
686 4224 769 4278 codcn
803 4225 939 4283 Victorini
969 4246 1000 4297 p.
1028 4233 1092 4294 197,
1111 4232 1156 4291 17,
1181 4225 1373 4296 excipiturque
1397 4242 1414 4278 a
1438 4226 1531 4280 uocali

227 4305 254 4357 Β
273 4304 411 4375 excipitur
429 4322 446 4359 ιι
465 4304 556 4358 uocnli
577 4305 614 4358 M
684 4303 774 4358 maior
801 4306 873 4360 ΒΜ
895 4331 902 4363 2
931 4310 1008 4378 Verp.
1032 4307 1102 4362 Aen.
1129 4306 1202 4359 XII
1221 4311 1277 4362 429
1353 4306 1532 4374 unctaque

228 4401 299 4438 nune
318 4387 407 4439 sterce
427 4385 464 4438 M
480 4385 553 4439 troia
571 4401 642 4453 quoe
662 4401 734 4439 nune
752 4383 808 4439 isin
826 4403 870 4442 res
888 4389 916 4441 B
935 4409 943 4440 :
968 4387 1045 4455 Vcrp.
1064 4387 1133 4442 Aen.
1154 4386 1196 4438 ΙΙ
1213 4392 1250 4440 56
1321 4403 1372 4456 per
1390 4385 1532 4454 geminem

227 4465 352 4520 litteram
365 4466 401 4519 M
451 4473 482 4520 12
498 4467 548 4520 ιιιιι
561 4482 624 4519 cum
639 4466 770 4533 correpta
788 4467 892 4522 voculis
911 4468 939 4522 in
958 4467 1051 4521 medio
1066 4483 1141 4534 -1n
1156 4470 1260 4531 329,10
1278 4465 1307 4520 in
1325 4465 1421 4521 metris
1440 4466 1532 4520 obser-

227 4545 320 4599 vando
338 4548 404 4600 sunt
421 4547 498 4614 apud
521 4544 693 4599 Victorinum
712 4546 812 4599 occisso
830 4551 855 4599 et
872 4547 925 4600 olii
942 4547 1113 4617 syllabarum
1131 4546 1276 4614 lonparom
1293 4547 1368 4600 modi
1390 4547 1533 4600 substituti

226 4630 291 4678 cunt
366 4632 397 4679 13
421 4642 469 4681 seu
493 4631 556 4680 onte
579 4624 639 4680 soie
662 4641 713 4681 om.
735 4625 772 4690 B,
794 4626 858 4680 odd.
884 4626 921 4678 M
993 4627 1179 4697 licurgo]
1209 4626 1289 4695 Vern.
1312 4627 1382 4681 Aen.
1415 4625 1461 4679 VI
1478 4631 1531 4680 104

228 4710 260 4758 15
280 4704 352 4777 ipse]
378 4705 454 4775 Verp.
475 4706 560 4760 bucol.
580 4711 606 4772 3,
625 4710 662 4759 97
733 4708 794 4771 offis
813 4705 903 4760 fontes
921 4704 950 4759 in
969 4704 1047 4760 fonte
1065 4705 1167 4761 inuobo
1192 4708 1220 4761 et
1244 4707 1354 4776 direpto
1376 4708 1404 4760 Β
1424 4713 1477 4763 oin.
1503 4707 1530 4759 in

226 4783 325 4838 intrude
343 4784 446 4840 boabo
461 4788 490 4840 et
504 4785 615 4854 direpto
629 4784 667 4838 M
739 4790 774 4838 lt·
791 4785 820 4838 et
839 4784 961 4855 direpto]
986 4784 1206 4852 Veronensi
1223 4791 1278 4840 563
1351 4787 1416 4857 iuli]
1436 4787 1531 4841 tuliB

161 4887 166 4899 ·
229 4868 260 4917 18
280 4864 493 4920 cumomBM
546 4862 677 4917 abtiera
695 4864 725 4933 q]
746 4880 763 4917 a.
781 4864 876 4918 littere
893 4881 911 4919 n
928 4864 1000 4919 ΒΜ
