3316 5474
608 368 656 422 88
676 367 961 422 8818888888
1283 348 1287 355 “
1368 367 1434 431 275

127 479 144 515 p
165 468 226 508 8787.
240 467 266 507 88
280 468 305 507 P.

220 551 399 631 Intempesta
423 570 479 612 nox
509 560 554 611 est
584 552 676 612 media
707 571 778 634 nox,
806 553 923 631 quando
952 554 1164 631 quiescendum
1194 562 1252 633 est,
1280 552 1349 613 binc
1378 555 1434 612 uti·

130 676 190 737 que
207 657 298 740 dieta,
318 660 386 738 quia
404 660 582 739 inoportuna
598 668 643 720 est
657 662 767 720 actioni
786 660 977 739 vigilantium.
1001 662 1208 740 tempestivum
1224 662 1302 720 enirn
1319 670 1435 720 veteres

131 765 475 846 dixeruntpportunum
500 776 530 826 81
552 767 792 846 intempestivum
817 768 1030 845 inoportunum
1053 764 1142 825 ducto
1162 784 1177 824 a
1197 775 1332 844 ternpore
1351 784 1436 826 roca-

131 870 218 954 bulo,
240 891 300 933 nou
322 891 339 933 a
362 870 587 953 perturbatione
611 875 702 955 aeris,
726 891 801 952 quae
820 881 963 934 consuete
987 880 1148 951 tempestas
1168 880 1297 933 vocatur.
1334 891 1435 951 quam·

102 991 222 1057 uquam
245 980 303 1039 isto
324 978 414 1039 verbo
438 978 563 1039 licenter
582 986 704 1040 utantur
726 979 875 1060 historici,
897 987 931 1040 ut
949 978 1049 1039 dicant
1072 974 1121 1039 ‘ea
1141 974 1333 1059 tempestate'
1357 979 1436 1058 quod

132 1083 236 1146 volunt
258 1104 294 1145 eo
312 1094 446 1165 tempore
471 1084 609 1165 intellegi.
647 1088 833 1147 inmaturitas
854 1094 1033 1145 nocturnum
1053 1094 1169 1166 tempus
1193 1092 1252 1165 est,
1275 1083 1353 1164 quud
1378 1103 1437 1144 non

134 1201 181 1253 est
207 1200 368 1273 maturum,
396 1191 425 1253 id
455 1202 500 1252 est
529 1201 710 1272 oportunum
735 1201 768 1254 ut
795 1199 899 1272 agatur
922 1192 1031 1271 aliquid
1063 1192 1222 1273 vigilando,
1245 1191 1323 1270 quod
1348 1193 1436 1251 etiam

133 1297 221 1378 vulgo
249 1298 308 1359 dici
335 1299 411 1360 solet
443 1299 514 1359 hora
548 1301 720 1380 inportuna,
753 1319 857 1379 graece
887 1289 1008 1380 ἄωρία,
1037 1294 1190 1378 ‘praeveni
1225 1292 1438 1359 inmaturitate'

135 1399 172 1464 ἐν
195 1394 311 1488 ἄωρίᾳ.
355 1406 427 1466 811111
455 1424 525 1467 vero
553 1408 678 1467 interest
706 1405 741 1466 ad
772 1407 962 1479 sententiam,
991 1412 1092 1465 utrum
1121 1407 1322 1466 inmaturitate
1346 1423 1383 1464 an
1407 1406 1437 1464 in

93 1524 121 1564 ιο
135 1512 337 1572 inmaturitate
365 1512 491 1592 dicatur,
519 1533 577 1592 quo
598 1512 694 1574 'modo
723 1511 795 1573 nibil
823 1511 924 1585 distat,
953 1519 1053 1572 utrum
1082 1514 1148 1590 quis
1176 1511 1255 1573 dicat
1282 1514 1377 1591 egisse
1407 1529 1439 1571 se

135 1614 244 1695 aliquid
268 1617 447 1696 gallicantu
471 1637 507 1679 an
532 1621 562 1679 in
585 1619 653 1699 galli
676 1628 773 1680 cantu.

224 1722 365 1787 Iuventus
380 1733 410 1785 81
428 1734 567 1786 88888188
585 1724 693 1804 plurali
711 1742 836 1786 numero
851 1743 910 1785 non
925 1725 1094 1785 llectuntur.
1125 1726 1240 1786 iuvenis
1255 1733 1285 1784 81
1304 1725 1439 1785 iuvenior

136 1848 196 1890 uon
211 1833 361 1911 recipiunt
375 1831 600 1911 superlativum,
615 1834 693 1892 sicut
711 1850 767 1892 nec
782 1850 871 1892 senex
888 1840 917 1891 et
936 1834 1044 1892 senior.
1068 1832 1162 1893 solent
1183 1840 1281 1892 autem
1298 1832 1397 1891 iunior
1410 1840 1441 1892 et

136 1938 238 1998 senior
256 1936 340 1998 adse
359 1939 484 1998 invicem
499 1937 557 1997 dici
577 1939 675 1998 minor
689 1947 719 1999 81
738 1941 840 2021 maior,
859 1940 914 1998 etsi
935 1947 1040 1998 neuter
1058 1939 1191 2018 ipsorum
1211 1937 1296 1999 senili
1315 1940 1441 1998 accessit

95 2054 122 2096 1⁵
138 2051 189 2104 aut
202 2046 411 2124 propinquavit
425 2048 527 2106 aetati:
541 2044 715 2107 Ambrosius
730 2040 868 2107 ‘iunior
883 2054 938 2106 est
952 2045 1076 2105 herbis
1091 2044 1160 2126 sol,
1175 2046 1296 2105 iunior
1311 2039 1440 2105 laeno’.

226 2148 354 2211 Interior
373 2159 403 2211 et
425 2153 549 2212 intimus
568 2170 626 2212 non
648 2151 760 2212 babent
783 2154 940 2233 positivum
964 2150 1101 2232 gradum,
1127 2152 1250 2211 inferior
1268 2159 1298 2210 81
1321 2151 1441 2211 infimus

138 2253 283 2316 similiter.
1237 2262 1247 2274 '

227 2360 327 2442 lpsum
348 2373 454 2425 neutro
473 2384 581 2444 genere
602 2365 773 2440 dicendum,
793 2385 852 2427 non
872 2366 973 2446 ipsud,
993 2374 1026 2426 ut
1048 2365 1118 2426 illud
1139 2374 1169 2426 81
1190 2365 1283 2445 istud,
1304 2367 1441 2444 quoniam

139 2475 256 2528 veteres
280 2471 491 2531 nominativum
516 2471 670 2532 masculini
694 2490 752 2533 non
776 2474 840 2552 ipse
864 2469 1016 2550 dicebant,
1040 2472 1091 2531 sed
1116 2473 1206 2552 ipsus.

97 2589 125 2628 88
229 2573 353 2654 lnpingo
377 2577 447 2637 lacit
469 2579 634 2657 perlectum
658 2580 772 2658 inpinxi
796 2588 826 2638 81
848 2579 957 2657 inpegi.

229 2679 370 2742 lnmunes
393 2684 518 2762 periculi
542 2693 572 2745 et
595 2685 732 2745 inmunes
755 2703 771 2744 a
794 2683 936 2764 periculo.

229 2785 349 2866 lndlgus
369 2797 399 2849 et
416 2790 559 2869 prodigus
577 2809 631 2870 per
649 2808 742 2851 unum
762 2810 782 2850 u
801 2789 971 2869 scribenda,
991 2784 995 2867 1
1016 2789 1114 2869 indiga
1133 2797 1164 2849 et
1186 2789 1307 2869 prodiga
1327 2793 1391 2851 sine
1410 2810 1444 2851 u:

141 2891 324 2970 Augustinus
355 2889 522 2956 ‘avaritia
552 2897 740 2976 pecuniam
770 2904 981 2976 congregat,
1011 2894 1153 2955 luxuria
1187 2897 1338 2976 spargit,
1374 2898 1444 2956 ista

141 2996 262 3077 indiga
286 3009 357 3081 est,
380 3001 443 3061 illa
466 2998 641 3082 prodiga’.

100 3120 128 3160 88
231 3104 407 3168 Incredibile
436 3108 513 3187 quod
541 3109 623 3170 credi
653 3129 711 3169 non
734 3118 845 3191 potest,
876 3108 1048 3169 incredulus
1072 3109 1122 3186 qui
1146 3109 1269 3168 credere
1293 3126 1352 3168 non
1375 3107 1445 3167 vult.

232 3211 264 3272 ln
293 3217 472 3293 praepositio
501 3218 646 3295 significat
674 3215 760 3275 modo
788 3216 816 3276 id
848 3215 925 3294 quod
960 3223 1006 3275 est
1034 3213 1115 3273 valde
1143 3222 1173 3274 et
1201 3216 1259 3273 vim
1289 3212 1370 3273 verbi
1397 3215 1446 3273 cui

142 3321 337 3398 praeponitur
361 3330 462 3403 auget,
490 3331 524 3383 ut
551 3324 700 3401 increpuit
727 3323 859 3381 insonuit
889 3321 1024 3401 inlrcgit;
1053 3319 1139 3379 modo
1168 3319 1246 3380 idem
1270 3321 1348 3399 quod
1378 3338 1446 3399 non,

146 3432 181 3484 ut
200 3423 344 3485 invalidus
364 3428 512 3509 infirmus3
536 3427 622 3487 modo
642 3428 762 3505 punitur
786 3445 839 3505 pro
859 3445 894 3486 eo
914 3425 992 3505 quod
1012 3435 1059 3487 est
1077 3428 1166 3505 iuter,
1186 3434 1220 3485 ut
1239 3420 1446 3487 ‘benedicta

146 3537 184 3591 tu
211 3532 246 3589 ln
274 3529 520 3615 mulieribus'3
549 3533 635 3593 modo
663 3551 725 3611 pro,
742 3530 897 3613 adversus,
926 3540 959 3592 ut
983 3527 1065 3592 ‘duo
1089 3533 1122 3592 in
1152 3540 1227 3592 tres
1250 3539 1285 3591 81
1314 3540 1388 3592 tres
1412 3535 1445 3592 in

105 3653 133 3692 8ο
147 3634 236 3695 (1888
259 3635 500 3720 dividentur'3
525 3640 610 3699 modu
633 3657 688 3718 pro
712 3627 998 3719 spaliu'ternporali,
1021 3658 1088 3699 cunr
1113 3638 1259 3718 significat
1281 3657 1391 3719 usque,
1415 3647 1449 3700 ut

147 3740 272 3803 dicimus
296 3737 323 3802 ‘a
348 3762 432 3805 mane
457 3748 486 3805 in
511 3740 641 3806 noctem'
665 3751 695 3804 81
719 3742 853 3803 volumus
876 3744 1006 3825 intellegi
1031 3740 1195 3823 ‘usquein
1220 3741 1359 3806 noctem'.

235 3847 364 3910 Interest
387 3860 417 3912 et
440 3854 532 3911 relect
555 3852 697 3931 producta
722 3869 754 3910 re
778 3869 870 3911 unum
895 3852 1031 3931 idemque
1056 3851 1213 3931 significat,
1242 3851 1320 3929 quod
1344 3870 1449 3930 graece

148 3952 257 4014 dicitur
275 3951 441 4038 διαφέρει,
464 3958 649 4036 dicimusque
670 3959 722 4037 ita,
745 3958 871 4016 interest
889 3976 953 4018 mea
972 3967 1003 4017 et
1021 3959 1114 4017 relert
1137 3975 1213 4036 mea,
1239 3959 1365 4018 interest
1385 3960 1450 4019 eius

148 4068 179 4121 81
201 4062 294 4122 relert
317 4061 409 4145 illius,
432 4067 557 4126 interest
580 4071 610 4123 81
633 4063 725 4123 relert
749 4071 863 4142 nostra,
886 4065 1012 4124 interest
1035 4072 1064 4124 et
1087 4064 1180 4123 reiert
1203 4062 1329 4125 illorum.

220 4259 330 4332 88818]
346 4280 418 4331 qnae
434 4264 471 4318 M
523 4262 720 4331 3inop0rtuno
734 4260 841 4315 dictum
856 4260 885 4313 P
937 4260 1022 4314 ducto
1038 4260 1074 4313 M
1090 4258 1166 4313 dicto
1179 4259 1205 4311 L
1260 4259 1410 4314 illibenter
1425 4258 1454 4312 P

184 4340 364 4412 tempestate]
384 4345 521 4412 tempesbe
541 4341 569 4395 P
620 4343 686 4395 781
704 4341 805 4411 agaim
819 4341 868 4393 881
886 4338 993 4406 aliquid
1013 4338 1042 4391 P
1094 4340 1185 4394 88181
1202 4339 1286 4410 88181]
1306 4337 1408 4392 dicitnr
1426 4337 1453 4391 L

186 4419 256 4475 hora
273 4421 472 4491 inoportunum
491 4422 519 4475 P
588 4428 603 4475 9
623 4438 689 4475 vero
708 4436 758 4475 om.
778 4419 805 4470 P
875 4423 907 4470 12
927 4419 1058 4472 luuentus
1077 4418 1196 4474 8188181
1214 4420 1340 4473 senectus
1360 4417 1397 4470 M

150 4499 374 4556 888888188188
393 4502 430 4554 M
451 4501 630 4556 inflectuntur
648 4501 697 4558 Le
719 4497 844 4552 181188181
863 4496 890 4548 P
960 4502 991 4550 13
1009 4513 1060 4550 888
1079 4513 1129 4551 om.
1150 4498 1188 4552 M
1259 4503 1292 4550 14
1315 4496 1452 4566 ipsorum]

150 4596 246 4636 eorum
260 4581 289 4634 P
339 4589 371 4636 19
390 4597 446 4635 888
460 4581 520 4651 ipse
534 4576 666 4635 (11888881
679 4579 728 4634 aed
741 4578 830 4648 ipsius
845 4577 873 4630 P
886 4592 939 4630 non
954 4574 1046 4645 ipsum
1060 4577 1192 4632 (11888881
1210 4575 1259 4630 aed
1276 4575 1359 4644 ipsud
1379 4575 1417 4629 M

151 4666 185 4715 80
203 4661 312 4733 inpegi]
331 4662 439 4732 inpiugi
458 4661 486 4714 P
540 4667 575 4714 83
594 4659 743 4730 augustum
763 4656 792 4710 P
850 4655 917 4724 1818]
937 4655 989 4709 1118
1007 4657 1034 4708 P
1088 4662 1122 4711 88
1142 4657 1171 4711 id
1190 4655 1265 4724 quod
1283 4655 1313 4708 81
1332 4655 1416 4710 nnlde
1430 4655 1456 4708 L

150 4741 180 4797 id
197 4742 272 4811 quod
292 4750 311 4797 ἡ
329 4747 373 4797 881
390 4742 472 4796 ualde
494 4743 521 4794 P
538 4744 567 4796 81
585 4740 667 4794 ualde
688 4736 725 4790 M
785 4739 819 4788 87
839 4733 914 4788 idem
932 4750 982 4789 om.
1001 4735 1027 4787 L
1088 4735 1171 4789 8918
1190 4734 1365 4806 mulieribus]
1384 4735 1457 4789 inter

151 4823 283 4878 mulieres
301 4822 330 4875 P
393 4825 425 4876 81
442 4822 498 4898 dqo
515 4821 590 4874 inter
607 4823 664 4875 tres
683 4818 713 4872 18
731 4819 785 4873 (188
806 4814 969 4871 diuiduntur
990 4814 1017 4868 P
1083 4820 1117 4868 88
1136 4814 1280 4885 idemque]
1300 4814 1375 4869 idem
1396 4815 1424 4867 P

1192 4903 1246 4958 18*
