<?xml version="1.0" encoding="UTF-8"?>
<!DOCTYPE html PUBLIC "-//W3C//DTD XHTML 1.0 Transitional//EN"
    "http://www.w3.org/TR/xhtml1/DTD/xhtml1-transitional.dtd">
<html xmlns="http://www.w3.org/1999/xhtml" xml:lang="en" lang="en">
 <head>
  <title>
</title>
<meta http-equiv="Content-Type" content="text/html;charset=utf-8" />
  <meta name='ocr-system' content='tesseract 3.04.00' />
  <meta name='ocr-capabilities' content='ocr_page ocr_carea ocr_par ocr_line ocrx_word'/>
</head>
<body>
  <div class='ocr_page' id='page_1' title='image "./grammaticilatin00keilgoog/grammaticilatin00keilgoog_0092.png"; bbox 0 0 3316 5474; ppageno 0'>
   <div class='ocr_carea' id='block_1_1' title="bbox 139 366 1442 532">
    <p class='ocr_par' dir='ltr' id='par_1_1' title="bbox 139 366 1442 532">
     <span class='ocr_line' id='line_1_1' title="bbox 615 366 1442 433; baseline 0.001 -1"><span class='ocrx_word' id='word_1_1' title='bbox 615 378 663 432; x_wconf 86' lang='lat' dir='ltr'>nn</span> <span class='ocrx_word' id='word_1_2' title='bbox 683 372 973 431; x_wconf 82' lang='lat' dir='ltr'>carnosusruu</span> <span class='ocrx_word' id='word_1_3' title='bbox 1402 366 1442 433; x_wconf 76' lang='lat' dir='ltr'>ts</span> 
     </span>
     <span class='ocr_line' id='line_1_2' title="bbox 139 484 267 532; baseline -0.008 -10"><span class='ocrx_word' id='word_1_4' title='bbox 139 494 161 532; x_wconf 73' lang='lat' dir='ltr'>p.</span> <span class='ocrx_word' id='word_1_5' title='bbox 176 484 230 524; x_wconf 81' lang='lat' dir='ltr'>raas</span> <span class='ocrx_word' id='word_1_6' title='bbox 244 484 267 522; x_wconf 84' lang='lat' dir='ltr'>r.</span> 
     </span>
    </p>
   </div>
   <div class='ocr_carea' id='block_1_2' title="bbox 102 570 1447 1700">
    <p class='ocr_par' dir='ltr' id='par_1_2' title="bbox 140 570 1445 973">
     <span class='ocr_line' id='line_1_3' title="bbox 141 570 1444 652; baseline 0.003 -22"><span class='ocrx_word' id='word_1_7' title='bbox 141 570 365 630; x_wconf 75' lang='lat' dir='ltr'>faeneratorem.</span> <span class='ocrx_word' id='word_1_8' title='bbox 403 572 475 630; x_wconf 88' lang='lat' dir='ltr'>item</span> <span class='ocrx_word' id='word_1_9' title='bbox 495 571 643 651; x_wconf 89' lang='lat' dir='ltr'>lacineris,</span> <span class='ocrx_word' id='word_1_10' title='bbox 662 590 720 632; x_wconf 91' lang='lat' dir='ltr'>non</span> <span class='ocrx_word' id='word_1_11' title='bbox 741 570 888 652; x_wconf 83' lang='lat' dir='ltr'>iecinoris,</span> <span class='ocrx_word' id='word_1_12' title='bbox 912 571 1050 650; x_wconf 87' lang='lat' dir='ltr'>quoniam</span> <span class='ocrx_word' id='word_1_13' title='bbox 1075 574 1272 634; x_wconf 82' lang='lat' dir='ltr'>facinerosum</span> <span class='ocrx_word' id='word_1_14' title='bbox 1297 592 1444 634; x_wconf 89' lang='lat' dir='ltr'>vocamus.</span> 
     </span>
     <span class='ocr_line' id='line_1_4' title="bbox 140 676 1444 761; baseline 0.003 -24"><span class='ocrx_word' id='word_1_15' title='bbox 140 681 184 737; x_wconf 92' lang='lat' dir='ltr'>sic</span> <span class='ocrx_word' id='word_1_16' title='bbox 203 680 291 737; x_wconf 87' lang='lat' dir='ltr'>etiarn</span> <span class='ocrx_word' id='word_1_17' title='bbox 311 676 424 737; x_wconf 91' lang='lat' dir='ltr'>delirus</span> <span class='ocrx_word' id='word_1_18' title='bbox 442 677 538 757; x_wconf 90' lang='lat' dir='ltr'>placet</span> <span class='ocrx_word' id='word_1_19' title='bbox 558 677 695 759; x_wconf 86' lang='lat' dir='ltr'>Varroni,</span> <span class='ocrx_word' id='word_1_20' title='bbox 715 698 773 739; x_wconf 91' lang='lat' dir='ltr'>non</span> <span class='ocrx_word' id='word_1_21' title='bbox 794 678 926 740; x_wconf 88' lang='lat' dir='ltr'>delerus:</span> <span class='ocrx_word' id='word_1_22' title='bbox 959 698 1017 739; x_wconf 91' lang='lat' dir='ltr'>non</span> <span class='ocrx_word' id='word_1_23' title='bbox 1038 683 1132 761; x_wconf 85' lang='lat' dir='ltr'>enim,</span> <span class='ocrx_word' id='word_1_24' title='bbox 1155 690 1188 741; x_wconf 92' lang='lat' dir='ltr'>ut</span> <span class='ocrx_word' id='word_1_25' title='bbox 1207 680 1325 759; x_wconf 90' lang='lat' dir='ltr'>quidam</span> <span class='ocrx_word' id='word_1_26' title='bbox 1345 684 1444 742; x_wconf 86' lang='lat' dir='ltr'>existi·</span> 
     </span>
     <span class='ocr_line' id='line_1_5' title="bbox 142 778 1445 867; baseline 0.005 -25"><span class='ocrx_word' id='word_1_27' title='bbox 142 793 230 863; x_wconf 82' lang='lat' dir='ltr'>mant,</span> <span class='ocrx_word' id='word_1_28' title='bbox 254 801 269 842; x_wconf 91' lang='lat' dir='ltr'>a</span> <span class='ocrx_word' id='word_1_29' title='bbox 293 801 399 862; x_wconf 85' lang='lat' dir='ltr'>graeco</span> <span class='ocrx_word' id='word_1_30' title='bbox 424 794 516 846; x_wconf 91' lang='lat' dir='ltr'>tracta</span> <span class='ocrx_word' id='word_1_31' title='bbox 539 804 593 845; x_wconf 83' lang='lat' dir='ltr'>vor</span> <span class='ocrx_word' id='word_1_32' title='bbox 618 795 678 865; x_wconf 89' lang='lat' dir='ltr'>est,</span> <span class='ocrx_word' id='word_1_33' title='bbox 702 778 790 866; x_wconf 79' lang='grc' dir='ltr'><strong><em>παρὰ</em></strong></span> <span class='ocrx_word' id='word_1_34' title='bbox 814 778 851 847; x_wconf 82' lang='grc' dir='ltr'>τὸ</span> <span class='ocrx_word' id='word_1_35' title='bbox 877 787 1003 866; x_wconf 81' lang='grc' dir='ltr'><em>ληρεῖν,</em></span> <span class='ocrx_word' id='word_1_36' title='bbox 1033 786 1084 846; x_wconf 88' lang='lat' dir='ltr'>sed</span> <span class='ocrx_word' id='word_1_37' title='bbox 1108 806 1123 847; x_wconf 95' lang='lat' dir='ltr'>a</span> <span class='ocrx_word' id='word_1_38' title='bbox 1148 788 1210 867; x_wconf 89' lang='lat' dir='ltr'>lira,</span> <span class='ocrx_word' id='word_1_39' title='bbox 1234 787 1261 846; x_wconf 93' lang='lat' dir='ltr'>id</span> <span class='ocrx_word' id='word_1_40' title='bbox 1286 797 1331 847; x_wconf 88' lang='lat' dir='ltr'>est</span> <span class='ocrx_word' id='word_1_41' title='bbox 1355 787 1445 848; x_wconf 81' lang='lat' dir='ltr'>sulcu</span> 
     </span>
     <span class='ocr_line' id='line_1_6' title="bbox 140 890 1444 973; baseline 0.002 -22"><span class='ocrx_word' id='word_1_42' title='bbox 140 893 180 951; x_wconf 82' lang='lat' dir='ltr'>ita</span> <span class='ocrx_word' id='word_1_43' title='bbox 204 893 292 952; x_wconf 89' lang='lat' dir='ltr'>sicuti</span> <span class='ocrx_word' id='word_1_44' title='bbox 316 890 415 973; x_wconf 76' lang='lat' dir='ltr'>beree,</span> <span class='ocrx_word' id='word_1_45' title='bbox 440 911 507 952; x_wconf 88' lang='lat' dir='ltr'>cum</span> <span class='ocrx_word' id='word_1_46' title='bbox 532 912 563 953; x_wconf 92' lang='lat' dir='ltr'>se</span> <span class='ocrx_word' id='word_1_47' title='bbox 588 912 604 952; x_wconf 90' lang='lat' dir='ltr'>a</span> <span class='ocrx_word' id='word_1_48' title='bbox 628 902 710 953; x_wconf 90' lang='lat' dir='ltr'>recto</span> <span class='ocrx_word' id='word_1_49' title='bbox 730 902 797 952; x_wconf 89' lang='lat' dir='ltr'>actu</span> <span class='ocrx_word' id='word_1_50' title='bbox 817 895 916 972; x_wconf 89' lang='lat' dir='ltr'>operis</span> <span class='ocrx_word' id='word_1_51' title='bbox 936 892 1125 973; x_wconf 75' lang='lat' dir='ltr'><strong>detorserim,</strong></span> <span class='ocrx_word' id='word_1_52' title='bbox 1149 892 1274 953; x_wconf 87' lang='lat' dir='ltr'>delirare</span> <span class='ocrx_word' id='word_1_53' title='bbox 1294 894 1444 968; x_wconf 88' lang='lat' dir='ltr'>dicuntur,</span> 
     </span>
    </p>

    <p class='ocr_par' dir='ltr' id='par_1_3' title="bbox 112 997 1447 1508">
     <span class='ocr_line' id='line_1_7' title="bbox 112 997 1444 1078; baseline -0.001 -16"><span class='ocrx_word' id='word_1_54' title='bbox 112 1000 183 1062; x_wconf 84' lang='lat' dir='ltr'>ssic</span> <span class='ocrx_word' id='word_1_55' title='bbox 212 1001 263 1076; x_wconf 94' lang='lat' dir='ltr'>qui</span> <span class='ocrx_word' id='word_1_56' title='bbox 291 1017 307 1056; x_wconf 93' lang='lat' dir='ltr'>a</span> <span class='ocrx_word' id='word_1_57' title='bbox 336 1008 416 1058; x_wconf 84' lang='lat' dir='ltr'>recta</span> <span class='ocrx_word' id='word_1_58' title='bbox 445 1001 489 1058; x_wconf 87' lang='lat' dir='ltr'>ria</span> <span class='ocrx_word' id='word_1_59' title='bbox 517 1001 592 1058; x_wconf 86' lang='lat' dir='ltr'>vitae</span> <span class='ocrx_word' id='word_1_60' title='bbox 622 998 657 1058; x_wconf 92' lang='lat' dir='ltr'>ad</span> <span class='ocrx_word' id='word_1_61' title='bbox 686 1017 803 1078; x_wconf 87' lang='lat' dir='ltr'>pravam</span> <span class='ocrx_word' id='word_1_62' title='bbox 833 997 994 1078; x_wconf 84' lang='lat' dir='ltr'>declinant,</span> <span class='ocrx_word' id='word_1_63' title='bbox 1021 1017 1075 1078; x_wconf 89' lang='lat' dir='ltr'>per</span> <span class='ocrx_word' id='word_1_64' title='bbox 1104 998 1327 1059; x_wconf 86' lang='lat' dir='ltr'>similitudinem</span> <span class='ocrx_word' id='word_1_65' title='bbox 1351 1010 1444 1061; x_wconf 88' lang='lat' dir='ltr'>trans-</span> 
     </span>
     <span class='ocr_line' id='line_1_8' title="bbox 140 1103 1442 1188; baseline 0.003 -25"><span class='ocrx_word' id='word_1_66' title='bbox 140 1104 258 1164; x_wconf 78' lang='lat' dir='ltr'><strong>lationis</strong></span> <span class='ocrx_word' id='word_1_67' title='bbox 293 1107 363 1164; x_wconf 92' lang='lat' dir='ltr'>item</span> <span class='ocrx_word' id='word_1_68' title='bbox 391 1103 516 1165; x_wconf 90' lang='lat' dir='ltr'>delirare</span> <span class='ocrx_word' id='word_1_69' title='bbox 552 1106 764 1165; x_wconf 78' lang='lat' dir='ltr'>existimantur.</span> <span class='ocrx_word' id='word_1_70' title='bbox 810 1105 905 1184; x_wconf 89' lang='lat' dir='ltr'>placet</span> <span class='ocrx_word' id='word_1_71' title='bbox 932 1107 1020 1165; x_wconf 91' lang='lat' dir='ltr'>etiam</span> <span class='ocrx_word' id='word_1_72' title='bbox 1049 1114 1082 1166; x_wconf 90' lang='lat' dir='ltr'>ut</span> <span class='ocrx_word' id='word_1_73' title='bbox 1112 1105 1283 1167; x_wconf 82' lang='lat' dir='ltr'><strong>Delmatiam</strong></span> <span class='ocrx_word' id='word_1_74' title='bbox 1314 1126 1442 1188; x_wconf 89' lang='lat' dir='ltr'>quoque,</span> 
     </span>
     <span class='ocr_line' id='line_1_9' title="bbox 140 1210 1446 1292; baseline 0.004 -22"><span class='ocrx_word' id='word_1_75' title='bbox 140 1229 200 1272; x_wconf 88' lang='lat' dir='ltr'>non</span> <span class='ocrx_word' id='word_1_76' title='bbox 224 1210 395 1271; x_wconf 75' lang='lat' dir='ltr'>Dalmatiam</span> <span class='ocrx_word' id='word_1_77' title='bbox 423 1213 663 1291; x_wconf 57' lang='lat' dir='ltr'>pronuntiemus</span> <span class='ocrx_word' id='word_1_78' title='bbox 692 1214 830 1289; x_wconf 89' lang='lat' dir='ltr'>quoniam</span> <span class='ocrx_word' id='word_1_79' title='bbox 853 1229 870 1269; x_wconf 92' lang='lat' dir='ltr'>a</span> <span class='ocrx_word' id='word_1_80' title='bbox 894 1210 1040 1292; x_wconf 75' lang='lat' dir='ltr'><strong>Delmino,</strong></span> <span class='ocrx_word' id='word_1_81' title='bbox 1069 1215 1193 1272; x_wconf 80' lang='lat' dir='ltr'>maxima</span> <span class='ocrx_word' id='word_1_82' title='bbox 1222 1217 1353 1274; x_wconf 82' lang='lat' dir='ltr'>eiusdem</span> <span class='ocrx_word' id='word_1_83' title='bbox 1374 1234 1446 1290; x_wconf 89' lang='lat' dir='ltr'>pro·</span> 
     </span>
     <span class='ocr_line' id='line_1_10' title="bbox 141 1312 1444 1402; baseline 0.005 -26"><span class='ocrx_word' id='word_1_84' title='bbox 141 1321 261 1378; x_wconf 80' lang='lat' dir='ltr'>vinciae</span> <span class='ocrx_word' id='word_1_85' title='bbox 284 1320 411 1396; x_wconf 85' lang='lat' dir='ltr'>civitate,</span> <span class='ocrx_word' id='word_1_86' title='bbox 433 1327 559 1378; x_wconf 89' lang='lat' dir='ltr'>tractum</span> <span class='ocrx_word' id='word_1_87' title='bbox 579 1337 688 1378; x_wconf 91' lang='lat' dir='ltr'>nomen</span> <span class='ocrx_word' id='word_1_88' title='bbox 709 1320 902 1378; x_wconf 77' lang='lat' dir='ltr'>existimetur.</span> <span class='ocrx_word' id='word_1_89' title='bbox 941 1320 1028 1379; x_wconf 84' lang='lat' dir='ltr'>terias</span> <span class='ocrx_word' id='word_1_90' title='bbox 1048 1322 1145 1399; x_wconf 89' lang='lat' dir='ltr'>etiam,</span> <span class='ocrx_word' id='word_1_91' title='bbox 1167 1312 1223 1378; x_wconf 86' lang='lat' dir='ltr'>nou</span> <span class='ocrx_word' id='word_1_92' title='bbox 1244 1321 1350 1402; x_wconf 82' lang='lat' dir='ltr'>foreas,</span> <span class='ocrx_word' id='word_1_93' title='bbox 1373 1341 1444 1400; x_wconf 87' lang='lat' dir='ltr'>quo·</span> 
     </span>
     <span class='ocr_line' id='line_1_11' title="bbox 141 1423 1447 1508; baseline 0.003 -25"><span class='ocrx_word' id='word_1_94' title='bbox 141 1426 219 1483; x_wconf 92' lang='lat' dir='ltr'>niam</span> <span class='ocrx_word' id='word_1_95' title='bbox 242 1423 319 1502; x_wconf 86' lang='lat' dir='ltr'>apud</span> <span class='ocrx_word' id='word_1_96' title='bbox 343 1427 481 1502; x_wconf 90' lang='lat' dir='ltr'>antiquos</span> <span class='ocrx_word' id='word_1_97' title='bbox 504 1426 603 1504; x_wconf 87' lang='lat' dir='ltr'>iesiae,</span> <span class='ocrx_word' id='word_1_98' title='bbox 626 1443 686 1484; x_wconf 93' lang='lat' dir='ltr'>non</span> <span class='ocrx_word' id='word_1_99' title='bbox 710 1425 806 1484; x_wconf 87' lang='lat' dir='ltr'>ieseae</span> <span class='ocrx_word' id='word_1_100' title='bbox 830 1423 925 1484; x_wconf 88' lang='lat' dir='ltr'>dietae</span> <span class='ocrx_word' id='word_1_101' title='bbox 950 1433 1027 1485; x_wconf 88' lang='lat' dir='ltr'>sunt.</span> <span class='ocrx_word' id='word_1_102' title='bbox 1064 1427 1136 1485; x_wconf 88' lang='lat' dir='ltr'>item</span> <span class='ocrx_word' id='word_1_103' title='bbox 1159 1429 1275 1505; x_wconf 82' lang='lat' dir='ltr'>arispex</span> <span class='ocrx_word' id='word_1_104' title='bbox 1299 1426 1335 1487; x_wconf 89' lang='lat' dir='ltr'>ab</span> <span class='ocrx_word' id='word_1_105' title='bbox 1359 1430 1447 1508; x_wconf 79' lang='lat' dir='ltr'>ariga,</span> 
     </span>
    </p>

    <p class='ocr_par' dir='ltr' id='par_1_4' title="bbox 102 1531 1446 1700">
     <span class='ocr_line' id='line_1_12' title="bbox 102 1531 1446 1616; baseline 0.004 -26"><span class='ocrx_word' id='word_1_106' title='bbox 102 1559 127 1597; x_wconf 83' lang='lat'>10</span> <span class='ocrx_word' id='word_1_107' title='bbox 141 1548 216 1608; x_wconf 91' lang='lat' dir='ltr'>quae</span> <span class='ocrx_word' id='word_1_108' title='bbox 247 1539 292 1590; x_wconf 86' lang='lat' dir='ltr'>est</span> <span class='ocrx_word' id='word_1_109' title='bbox 322 1531 432 1613; x_wconf 83' lang='lat' dir='ltr'>hostia,</span> <span class='ocrx_word' id='word_1_110' title='bbox 467 1551 525 1592; x_wconf 88' lang='lat' dir='ltr'>non</span> <span class='ocrx_word' id='word_1_111' title='bbox 560 1550 696 1611; x_wconf 83' lang='lat' dir='ltr'>aruspex.</span> <span class='ocrx_word' id='word_1_112' title='bbox 743 1539 772 1590; x_wconf 90' lang='lat' dir='ltr'>et</span> <span class='ocrx_word' id='word_1_113' title='bbox 806 1533 938 1609; x_wconf 78' lang='lat' dir='ltr'>quamvis</span> <span class='ocrx_word' id='word_1_114' title='bbox 970 1533 1143 1592; x_wconf 90' lang='lat' dir='ltr'>commendo</span> <span class='ocrx_word' id='word_1_115' title='bbox 1174 1532 1319 1616; x_wconf 81' lang='lat' dir='ltr'>dicamne,</span> <span class='ocrx_word' id='word_1_116' title='bbox 1349 1543 1446 1596; x_wconf 90' lang='lat' dir='ltr'>tamen</span> 
     </span>
     <span class='ocr_line' id='line_1_13' title="bbox 141 1637 687 1700; baseline 0.007 -5"><span class='ocrx_word' id='word_1_117' title='bbox 141 1637 316 1697; x_wconf 87' lang='lat' dir='ltr'>commando</span> <span class='ocrx_word' id='word_1_118' title='bbox 339 1641 370 1698; x_wconf 95' lang='lat' dir='ltr'>in</span> <span class='ocrx_word' id='word_1_119' title='bbox 394 1640 608 1700; x_wconf 86' lang='lat' dir='ltr'>consuetudine</span> <span class='ocrx_word' id='word_1_120' title='bbox 633 1647 687 1699; x_wconf 89' lang='lat' dir='ltr'>est.</span> 
     </span>
    </p>
   </div>
   <div class='ocr_carea' id='block_1_3' title="bbox 102 1744 1448 2469">
    <p class='ocr_par' dir='ltr' id='par_1_5' title="bbox 102 1744 1448 2469">
     <span class='ocr_line' id='line_1_14' title="bbox 230 1744 1447 1826; baseline 0.007 -23"><span class='ocrx_word' id='word_1_121' title='bbox 230 1744 305 1804; x_wconf 85' lang='lat' dir='ltr'>ilinc</span> <span class='ocrx_word' id='word_1_122' title='bbox 326 1755 489 1805; x_wconf 86' lang='lat' dir='ltr'>nascuntur</span> <span class='ocrx_word' id='word_1_123' title='bbox 504 1750 593 1807; x_wconf 92' lang='lat' dir='ltr'>etiam</span> <span class='ocrx_word' id='word_1_124' title='bbox 608 1748 797 1826; x_wconf 79' lang='lat' dir='ltr'>quaestiones</span> <span class='ocrx_word' id='word_1_125' title='bbox 810 1746 969 1821; x_wconf 88' lang='lat' dir='ltr'>interdum,</span> <span class='ocrx_word' id='word_1_126' title='bbox 990 1765 1064 1825; x_wconf 88' lang='lat' dir='ltr'>quae</span> <span class='ocrx_word' id='word_1_127' title='bbox 1080 1748 1326 1808; x_wconf 73' lang='lat' dir='ltr'>consuetudinem</span> <span class='ocrx_word' id='word_1_128' title='bbox 1342 1769 1447 1812; x_wconf 90' lang='lat' dir='ltr'>novam</span> 
     </span>
     <span class='ocr_line' id='line_1_15' title="bbox 141 1850 1445 1934; baseline 0.005 -23"><span class='ocrx_word' id='word_1_129' title='bbox 141 1860 280 1911; x_wconf 85' lang='lat' dir='ltr'>avetere</span> <span class='ocrx_word' id='word_1_130' title='bbox 304 1850 491 1934; x_wconf 87' lang='lat' dir='ltr'>discernunt,</span> <span class='ocrx_word' id='word_1_131' title='bbox 519 1862 619 1914; x_wconf 92' lang='lat' dir='ltr'>utrum</span> <span class='ocrx_word' id='word_1_132' title='bbox 648 1852 788 1913; x_wconf 83' lang='lat' dir='ltr'>absorbui</span> <span class='ocrx_word' id='word_1_133' title='bbox 816 1871 851 1913; x_wconf 91' lang='lat' dir='ltr'>an</span> <span class='ocrx_word' id='word_1_134' title='bbox 880 1851 1014 1932; x_wconf 90' lang='lat' dir='ltr'>absorpsi</span> <span class='ocrx_word' id='word_1_135' title='bbox 1038 1857 1189 1928; x_wconf 83' lang='lat' dir='ltr'>dicamus,</span> <span class='ocrx_word' id='word_1_136' title='bbox 1219 1874 1286 1915; x_wconf 91' lang='lat' dir='ltr'>cum</span> <span class='ocrx_word' id='word_1_137' title='bbox 1311 1858 1345 1917; x_wconf 89' lang='lat' dir='ltr'>ad</span> <span class='ocrx_word' id='word_1_138' title='bbox 1370 1858 1445 1919; x_wconf 91' lang='lat' dir='ltr'>banc</span> 
     </span>
     <span class='ocr_line' id='line_1_16' title="bbox 142 1953 1447 2045; baseline 0.006 -29"><span class='ocrx_word' id='word_1_139' title='bbox 142 1957 372 2036; x_wconf 88' lang='lat' dir='ltr'>disputationem</span> <span class='ocrx_word' id='word_1_140' title='bbox 396 1963 545 2039; x_wconf 85' lang='lat' dir='ltr'>pertinere</span> <span class='ocrx_word' id='word_1_141' title='bbox 570 1979 629 2020; x_wconf 87' lang='lat' dir='ltr'>non</span> <span class='ocrx_word' id='word_1_142' title='bbox 654 1959 768 2034; x_wconf 88' lang='lat' dir='ltr'>debeat,</span> <span class='ocrx_word' id='word_1_143' title='bbox 791 1962 849 2020; x_wconf 91' lang='lat' dir='ltr'>nisi</span> <span class='ocrx_word' id='word_1_144' title='bbox 868 1953 946 2038; x_wconf 87' lang='lat' dir='ltr'>quod</span> <span class='ocrx_word' id='word_1_145' title='bbox 966 1963 1118 2040; x_wconf 90' lang='lat' dir='ltr'>proprium</span> <span class='ocrx_word' id='word_1_146' title='bbox 1138 1971 1184 2023; x_wconf 89' lang='lat' dir='ltr'>est</span> <span class='ocrx_word' id='word_1_147' title='bbox 1203 1955 1447 2045; x_wconf 69' lang='grc' dir='ltr'>ὀρθογραφίας,</span> 
     </span>
     <span class='ocr_line' id='line_1_17' title="bbox 102 2066 1448 2150; baseline 0.007 -27"><span class='ocrx_word' id='word_1_148' title='bbox 102 2093 128 2131; x_wconf 67' lang='lat'>15</span> <span class='ocrx_word' id='word_1_149' title='bbox 142 2072 244 2125; x_wconf 90' lang='lat' dir='ltr'>utrum</span> <span class='ocrx_word' id='word_1_150' title='bbox 272 2085 328 2145; x_wconf 90' lang='lat' dir='ltr'>per</span> <span class='ocrx_word' id='word_1_151' title='bbox 355 2066 374 2125; x_wconf 97' lang='lat' dir='ltr'>b</span> <span class='ocrx_word' id='word_1_152' title='bbox 402 2069 542 2127; x_wconf 82' lang='lat' dir='ltr'>absorbsi</span> <span class='ocrx_word' id='word_1_153' title='bbox 570 2087 606 2127; x_wconf 92' lang='lat' dir='ltr'>an</span> <span class='ocrx_word' id='word_1_154' title='bbox 634 2086 688 2148; x_wconf 90' lang='lat' dir='ltr'>per</span> <span class='ocrx_word' id='word_1_155' title='bbox 716 2087 735 2147; x_wconf 91' lang='lat' dir='ltr'>p</span> <span class='ocrx_word' id='word_1_156' title='bbox 765 2066 900 2146; x_wconf 89' lang='lat' dir='ltr'>absorpsi</span> <span class='ocrx_word' id='word_1_157' title='bbox 928 2066 1019 2127; x_wconf 82' lang='lat' dir='ltr'>scribi</span> <span class='ocrx_word' id='word_1_158' title='bbox 1047 2067 1160 2129; x_wconf 89' lang='lat' dir='ltr'>debeat.</span> <span class='ocrx_word' id='word_1_159' title='bbox 1203 2079 1233 2131; x_wconf 89' lang='lat' dir='ltr'>et</span> <span class='ocrx_word' id='word_1_160' title='bbox 1260 2071 1357 2150; x_wconf 91' lang='lat' dir='ltr'>placet</span> <span class='ocrx_word' id='word_1_161' title='bbox 1384 2072 1448 2132; x_wconf 91' lang='lat' dir='ltr'>aliis</span> 
     </span>
     <span class='ocr_line' id='line_1_18' title="bbox 143 2171 1448 2256; baseline 0.007 -26"><span class='ocrx_word' id='word_1_162' title='bbox 143 2171 330 2231; x_wconf 81' lang='lat' dir='ltr'>scribendam</span> <span class='ocrx_word' id='word_1_163' title='bbox 354 2172 372 2231; x_wconf 96' lang='lat' dir='ltr'>b</span> <span class='ocrx_word' id='word_1_164' title='bbox 396 2173 538 2254; x_wconf 82' lang='lat' dir='ltr'>litteram,</span> <span class='ocrx_word' id='word_1_165' title='bbox 566 2177 705 2253; x_wconf 89' lang='lat' dir='ltr'>quoniam</span> <span class='ocrx_word' id='word_1_166' title='bbox 729 2173 851 2233; x_wconf 89' lang='lat' dir='ltr'>sorbere</span> <span class='ocrx_word' id='word_1_167' title='bbox 875 2173 1028 2254; x_wconf 76' lang='lat' dir='ltr'>dicamuS,¹</span> <span class='ocrx_word' id='word_1_168' title='bbox 1050 2174 1114 2234; x_wconf 89' lang='lat' dir='ltr'>aliis</span> <span class='ocrx_word' id='word_1_169' title='bbox 1138 2195 1170 2256; x_wconf 94' lang='lat' dir='ltr'>p,</span> <span class='ocrx_word' id='word_1_170' title='bbox 1198 2179 1337 2256; x_wconf 88' lang='lat' dir='ltr'>quoniam</span> <span class='ocrx_word' id='word_1_171' title='bbox 1361 2197 1448 2256; x_wconf 92' lang='lat' dir='ltr'>quae·</span> 
     </span>
     <span class='ocr_line' id='line_1_19' title="bbox 142 2278 1448 2360; baseline 0.006 -21"><span class='ocrx_word' id='word_1_172' title='bbox 142 2297 270 2357; x_wconf 89' lang='lat' dir='ltr'>cumque</span> <span class='ocrx_word' id='word_1_173' title='bbox 300 2279 376 2359; x_wconf 90' lang='lat' dir='ltr'>apud</span> <span class='ocrx_word' id='word_1_174' title='bbox 401 2280 529 2341; x_wconf 87' lang='lat' dir='ltr'>Graecos</span> <span class='ocrx_word' id='word_1_175' title='bbox 556 2300 610 2360; x_wconf 93' lang='lat' dir='ltr'>per</span> <span class='ocrx_word' id='word_1_176' title='bbox 638 2280 668 2342; x_wconf 86' lang='grc' dir='ltr'><strong><em>Ψ</em></strong></span> <span class='ocrx_word' id='word_1_177' title='bbox 700 2278 873 2340; x_wconf 88' lang='lat' dir='ltr'>scribuntur</span> <span class='ocrx_word' id='word_1_178' title='bbox 902 2280 946 2357; x_wconf 90' lang='lat' dir='ltr'>[et</span> <span class='ocrx_word' id='word_1_179' title='bbox 973 2290 1089 2342; x_wconf 90' lang='lat' dir='ltr'>constat</span> <span class='ocrx_word' id='word_1_180' title='bbox 1111 2281 1184 2342; x_wconf 91' lang='lat' dir='ltr'>baec</span> <span class='ocrx_word' id='word_1_181' title='bbox 1208 2284 1304 2345; x_wconf 86' lang='lat' dir='ltr'>littera</span> <span class='ocrx_word' id='word_1_182' title='bbox 1329 2282 1364 2346; x_wconf 82' lang='grc' dir='ltr'>ἐκ</span> <span class='ocrx_word' id='word_1_183' title='bbox 1386 2285 1448 2347; x_wconf 85' lang='grc' dir='ltr'>τοῦ</span> 
     </span>
     <span class='ocr_line' id='line_1_20' title="bbox 141 2380 1446 2469; baseline 0.006 -24"><span class='ocrx_word' id='word_1_184' title='bbox 141 2393 181 2446; x_wconf 75' lang='grc' dir='ltr'>πῖ</span> <span class='ocrx_word' id='word_1_185' title='bbox 201 2380 257 2446; x_wconf 79' lang='grc' dir='ltr'>καὶ</span> <span class='ocrx_word' id='word_1_186' title='bbox 281 2386 406 2467; x_wconf 83' lang='grc' dir='ltr'><strong>σίγμα],</strong></span> <span class='ocrx_word' id='word_1_187' title='bbox 430 2387 505 2466; x_wconf 92' lang='lat' dir='ltr'>apud</span> <span class='ocrx_word' id='word_1_188' title='bbox 527 2405 581 2449; x_wconf 88' lang='lat' dir='ltr'>nos</span> <span class='ocrx_word' id='word_1_189' title='bbox 599 2405 690 2466; x_wconf 87' lang='lat' dir='ltr'>perp</span> <span class='ocrx_word' id='word_1_190' title='bbox 715 2395 776 2447; x_wconf 86' lang='lat' dir='ltr'>ets</span> <span class='ocrx_word' id='word_1_191' title='bbox 799 2385 954 2447; x_wconf 90' lang='lat' dir='ltr'>scribenda</span> <span class='ocrx_word' id='word_1_192' title='bbox 979 2389 1051 2468; x_wconf 80' lang='lat' dir='ltr'>sint3</span> <span class='ocrx_word' id='word_1_193' title='bbox 1080 2389 1218 2469; x_wconf 89' lang='lat' dir='ltr'>idemque</span> <span class='ocrx_word' id='word_1_194' title='bbox 1246 2394 1275 2452; x_wconf 92' lang='lat' dir='ltr'>in</span> <span class='ocrx_word' id='word_1_195' title='bbox 1301 2393 1446 2453; x_wconf 89' lang='lat' dir='ltr'>similibus</span> 
     </span>
    </p>
   </div>
   <div class='ocr_carea' id='block_1_4' title="bbox 141 2511 1449 3022">
    <p class='ocr_par' dir='ltr' id='par_1_6' title="bbox 1059 2511 1098 2539">
     <span class='ocr_line' id='line_1_21' title="bbox 1059 2511 1098 2539; baseline 0.026 -1"><span class='ocrx_word' id='word_1_196' title='bbox 1059 2511 1098 2539; x_wconf 75' lang='lat' dir='ltr'>ru!</span> 
     </span>
    </p>

    <p class='ocr_par' dir='ltr' id='par_1_7' title="bbox 141 2549 1449 3022">
     <span class='ocr_line' id='line_1_22' title="bbox 232 2549 1385 2622; baseline 0.004 -18"><span class='ocrx_word' id='word_1_197' title='bbox 232 2550 323 2605; x_wconf 78' lang='lat' dir='ltr'>Codex</span> <span class='ocrx_word' id='word_1_198' title='bbox 342 2551 491 2607; x_wconf 77' lang='lat' dir='ltr'>Parrhasii</span> <span class='ocrx_word' id='word_1_199' title='bbox 528 2551 765 2606; x_wconf 84' lang='lat' dir='ltr'>lioeneretorem</span> <span class='ocrx_word' id='word_1_200' title='bbox 837 2549 990 2622; x_wconf 76' lang='grc'><strong>2111111111]</strong></span> <span class='ocrx_word' id='word_1_201' title='bbox 1010 2552 1080 2606; x_wconf 88' lang='lat' dir='ltr'>detis</span> <span class='ocrx_word' id='word_1_202' title='bbox 1099 2551 1133 2605; x_wconf 81' lang='lat' dir='ltr'>O:</span> <span class='ocrx_word' id='word_1_203' title='bbox 1152 2571 1200 2608; x_wconf 88' lang='lat' dir='ltr'>rus</span> <span class='ocrx_word' id='word_1_204' title='bbox 1217 2570 1385 2622; x_wconf 68' lang='lat' dir='ltr'>supermae</span> 
     </span>
     <span class='ocr_line' id='line_1_23' title="bbox 142 2625 1385 2705; baseline 0.006 -23"><span class='ocrx_word' id='word_1_205' title='bbox 142 2629 264 2700; x_wconf 81' lang='lat' dir='ltr'>deleres]</span> <span class='ocrx_word' id='word_1_206' title='bbox 284 2629 409 2685; x_wconf 87' lang='lat' dir='ltr'>delerum</span> <span class='ocrx_word' id='word_1_207' title='bbox 500 2638 515 2686; x_wconf 84' lang='lat'><strong>3</strong></span> <span class='ocrx_word' id='word_1_208' title='bbox 535 2627 612 2699; x_wconf 79' lang='grc' dir='ltr'><strong><em>παρὰ</em></strong></span> <span class='ocrx_word' id='word_1_209' title='bbox 632 2626 663 2683; x_wconf 77' lang='grc' dir='ltr'>τὸ</span> <span class='ocrx_word' id='word_1_210' title='bbox 682 2625 761 2698; x_wconf 69' lang='lat' dir='ltr'>inser</span> <span class='ocrx_word' id='word_1_211' title='bbox 781 2631 830 2685; x_wconf 89' lang='lat' dir='ltr'>sed</span> <span class='ocrx_word' id='word_1_212' title='bbox 848 2634 891 2685; x_wconf 88' lang='lat' dir='ltr'>est</span> <span class='ocrx_word' id='word_1_213' title='bbox 909 2630 998 2685; x_wconf 90' lang='lat' dir='ltr'>latine</span> <span class='ocrx_word' id='word_1_214' title='bbox 1016 2632 1094 2686; x_wconf 88' lang='lat' dir='ltr'>sulco</span> <span class='ocrx_word' id='word_1_215' title='bbox 1184 2641 1200 2687; x_wconf 86' lang='lat'>4</span> <span class='ocrx_word' id='word_1_216' title='bbox 1225 2633 1302 2705; x_wconf 87' lang='lat' dir='ltr'>actu]</span> <span class='ocrx_word' id='word_1_217' title='bbox 1321 2636 1385 2689; x_wconf 86' lang='grc'><strong>1111</strong></span> 
     </span>
     <span class='ocr_line' id='line_1_24' title="bbox 142 2709 1443 2780; baseline 0.004 -16"><span class='ocrx_word' id='word_1_218' title='bbox 142 2709 300 2765; x_wconf 84' lang='lat' dir='ltr'>‘lmaximo</span> <span class='ocrx_word' id='word_1_219' title='bbox 314 2711 428 2766; x_wconf 80' lang='grc'><strong>11111111</strong></span> <span class='ocrx_word' id='word_1_220' title='bbox 501 2711 707 2766; x_wconf 81' lang='lat' dir='ltr'>8existimetur</span> <span class='ocrx_word' id='word_1_221' title='bbox 778 2712 850 2765; x_wconf 83' lang='lat' dir='ltr'>9ab</span> <span class='ocrx_word' id='word_1_222' title='bbox 864 2711 963 2780; x_wconf 78' lang='lat' dir='ltr'>ariuga</span> <span class='ocrx_word' id='word_1_223' title='bbox 979 2728 1050 2780; x_wconf 89' lang='lat' dir='ltr'>quae</span> <span class='ocrx_word' id='word_1_224' title='bbox 1064 2714 1139 2766; x_wconf 91' lang='lat' dir='ltr'>esset</span> <span class='ocrx_word' id='word_1_225' title='bbox 1155 2713 1249 2767; x_wconf 83' lang='lat' dir='ltr'>hostia</span> <span class='ocrx_word' id='word_1_226' title='bbox 1321 2720 1443 2769; x_wconf 79' lang='grc'><strong>111111-</strong></span> 
     </span>
     <span class='ocr_line' id='line_1_25' title="bbox 142 2790 1385 2859; baseline 0.003 -16"><span class='ocrx_word' id='word_1_227' title='bbox 142 2791 257 2859; x_wconf 86' lang='lat' dir='ltr'>mando]</span> <span class='ocrx_word' id='word_1_228' title='bbox 282 2790 421 2845; x_wconf 86' lang='lat' dir='ltr'>domando</span> <span class='ocrx_word' id='word_1_229' title='bbox 514 2797 546 2844; x_wconf 80' lang='lat'>12</span> <span class='ocrx_word' id='word_1_230' title='bbox 571 2807 644 2859; x_wconf 83' lang='lat' dir='ltr'>quse</span> <span class='ocrx_word' id='word_1_231' title='bbox 668 2790 882 2844; x_wconf 88' lang='lat' dir='ltr'>consuetudines</span> <span class='ocrx_word' id='word_1_232' title='bbox 906 2806 1009 2844; x_wconf 88' lang='lat' dir='ltr'>nouem</span> <span class='ocrx_word' id='word_1_233' title='bbox 1032 2808 1050 2845; x_wconf 89' lang='lat' dir='ltr'>a</span> <span class='ocrx_word' id='word_1_234' title='bbox 1073 2793 1168 2847; x_wconf 85' lang='lat' dir='ltr'>uetere</span> <span class='ocrx_word' id='word_1_235' title='bbox 1193 2793 1385 2848; x_wconf 85' lang='lat' dir='ltr'>discernantur</span> 
     </span>
     <span class='ocr_line' id='line_1_26' title="bbox 143 2866 1448 2946; baseline 0.004 -22"><span class='ocrx_word' id='word_1_236' title='bbox 143 2877 176 2924; x_wconf 82' lang='lat'>1³</span> <span class='ocrx_word' id='word_1_237' title='bbox 199 2871 325 2925; x_wconf 87' lang='lat' dir='ltr'>dicamus</span> <span class='ocrx_word' id='word_1_238' title='bbox 351 2888 400 2925; x_wconf 84' lang='lat' dir='ltr'>om.</span> <span class='ocrx_word' id='word_1_239' title='bbox 493 2877 526 2925; x_wconf 90' lang='grc'>14</span> <span class='ocrx_word' id='word_1_240' title='bbox 552 2866 762 2939; x_wconf 74' lang='grc' dir='ltr'><strong><em>ὀρθογραφειαι</em></strong></span> <span class='ocrx_word' id='word_1_241' title='bbox 853 2875 886 2924; x_wconf 80' lang='lat' dir='ltr'>tt</span> <span class='ocrx_word' id='word_1_242' title='bbox 910 2869 1036 2924; x_wconf 90' lang='lat' dir='ltr'>absorbsi</span> <span class='ocrx_word' id='word_1_243' title='bbox 1060 2888 1109 2925; x_wconf 88' lang='lat' dir='ltr'>om.</span> <span class='ocrx_word' id='word_1_244' title='bbox 1201 2878 1233 2926; x_wconf 88' lang='grc'>16</span> <span class='ocrx_word' id='word_1_245' title='bbox 1261 2873 1448 2946; x_wconf 88' lang='lat' dir='ltr'>scribendam]</span> 
     </span>
     <span class='ocr_line' id='line_1_27' title="bbox 141 2948 1449 3022; baseline 0.006 -18"><span class='ocrx_word' id='word_1_246' title='bbox 141 2951 312 3020; x_wconf 88' lang='lat' dir='ltr'>sequendam</span> <span class='ocrx_word' id='word_1_247' title='bbox 376 2958 410 3006; x_wconf 82' lang='grc'>17</span> <span class='ocrx_word' id='word_1_248' title='bbox 427 2948 458 3006; x_wconf 75' lang='grc' dir='ltr'>ἐκ</span> <span class='ocrx_word' id='word_1_249' title='bbox 473 2952 523 3006; x_wconf 81' lang='grc' dir='ltr'>τοῦ</span> <span class='ocrx_word' id='word_1_250' title='bbox 538 2971 559 3004; x_wconf 83' lang='grc' dir='ltr'><strong><em>π</em></strong></span> <span class='ocrx_word' id='word_1_251' title='bbox 573 2949 621 3004; x_wconf 78' lang='grc' dir='ltr'>καὶ</span> <span class='ocrx_word' id='word_1_252' title='bbox 636 2968 675 3003; x_wconf 81' lang='lat' dir='ltr'>er:</span> <span class='ocrx_word' id='word_1_253' title='bbox 691 2949 765 3020; x_wconf 90' lang='lat' dir='ltr'>apud</span> <span class='ocrx_word' id='word_1_254' title='bbox 780 2967 829 3003; x_wconf 88' lang='lat' dir='ltr'>nos</span> <span class='ocrx_word' id='word_1_255' title='bbox 844 2967 894 3019; x_wconf 90' lang='lat' dir='ltr'>per</span> <span class='ocrx_word' id='word_1_256' title='bbox 907 2969 926 3022; x_wconf 91' lang='lat' dir='ltr'>p</span> <span class='ocrx_word' id='word_1_257' title='bbox 941 2950 1118 3006; x_wconf 88' lang='lat' dir='ltr'>scribendum</span> <span class='ocrx_word' id='word_1_258' title='bbox 1132 2953 1251 3022; x_wconf 89' lang='lat' dir='ltr'>ideoque</span> <span class='ocrx_word' id='word_1_259' title='bbox 1265 2955 1294 3009; x_wconf 91' lang='lat' dir='ltr'>iu</span> <span class='ocrx_word' id='word_1_260' title='bbox 1309 2955 1449 3012; x_wconf 86' lang='lat' dir='ltr'>similibus</span> 
     </span>
    </p>
   </div>
   <div class='ocr_carea' id='block_1_5' title="bbox 138 3086 1451 4913">
    <p class='ocr_par' dir='ltr' id='par_1_8' title="bbox 138 3086 1451 4913">
     <span class='ocr_line' id='line_1_28' title="bbox 235 3086 1450 3153; baseline 0.004 -6"><span class='ocrx_word' id='word_1_261' title='bbox 235 3101 249 3147; x_wconf 92' lang='lat'>1</span> <span class='ocrx_word' id='word_1_262' title='bbox 269 3095 474 3149; x_wconf 82' lang='lat' dir='ltr'>foeneratorem</span> <span class='ocrx_word' id='word_1_263' title='bbox 493 3096 521 3148; x_wconf 81' lang='lat' dir='ltr'><em>R</em></span> <span class='ocrx_word' id='word_1_264' title='bbox 593 3086 661 3147; x_wconf 88' lang='lat' dir='ltr'>item</span> <span class='ocrx_word' id='word_1_265' title='bbox 680 3091 811 3146; x_wconf 82' lang='lat' dir='ltr'>facineris</span> <span class='ocrx_word' id='word_1_266' title='bbox 830 3109 866 3146; x_wconf 89' lang='lat' dir='ltr'>au</span> <span class='ocrx_word' id='word_1_267' title='bbox 885 3093 1017 3148; x_wconf 87' lang='lat' dir='ltr'>facinoris</span> <span class='ocrx_word' id='word_1_268' title='bbox 1031 3096 1145 3149; x_wconf 72' lang='grc'><strong>11111111</strong></span> <span class='ocrx_word' id='word_1_269' title='bbox 1159 3094 1294 3152; x_wconf 67' lang='lat' dir='ltr'>Samiam</span> <span class='ocrx_word' id='word_1_270' title='bbox 1365 3105 1381 3152; x_wconf 87' lang='lat'><strong>3</strong></span> <span class='ocrx_word' id='word_1_271' title='bbox 1400 3099 1450 3153; x_wconf 91' lang='lat' dir='ltr'>sed</span> 
     </span>
     <span class='ocr_line' id='line_1_29' title="bbox 142 3172 1449 3245; baseline 0.003 -18"><span class='ocrx_word' id='word_1_272' title='bbox 142 3175 186 3227; x_wconf 90' lang='lat' dir='ltr'>est</span> <span class='ocrx_word' id='word_1_273' title='bbox 203 3173 291 3228; x_wconf 85' lang='lat' dir='ltr'>latine</span> <span class='ocrx_word' id='word_1_274' title='bbox 311 3175 387 3229; x_wconf 89' lang='lat' dir='ltr'>sulco</span> <span class='ocrx_word' id='word_1_275' title='bbox 406 3176 446 3241; x_wconf 84' lang='lat' dir='ltr'>R,</span> <span class='ocrx_word' id='word_1_276' title='bbox 466 3177 515 3230; x_wconf 91' lang='lat' dir='ltr'>sed</span> <span class='ocrx_word' id='word_1_277' title='bbox 534 3177 578 3229; x_wconf 89' lang='lat' dir='ltr'>est</span> <span class='ocrx_word' id='word_1_278' title='bbox 595 3176 684 3229; x_wconf 86' lang='lat' dir='ltr'>letius</span> <span class='ocrx_word' id='word_1_279' title='bbox 703 3191 720 3228; x_wconf 88' lang='lat' dir='ltr'>a</span> <span class='ocrx_word' id='word_1_280' title='bbox 738 3173 804 3242; x_wconf 88' lang='lat' dir='ltr'>lira,</span> <span class='ocrx_word' id='word_1_281' title='bbox 823 3172 852 3227; x_wconf 94' lang='lat' dir='ltr'>id</span> <span class='ocrx_word' id='word_1_282' title='bbox 872 3176 916 3227; x_wconf 89' lang='lat' dir='ltr'>est</span> <span class='ocrx_word' id='word_1_283' title='bbox 934 3175 1011 3229; x_wconf 86' lang='lat' dir='ltr'>sulco</span> <span class='ocrx_word' id='word_1_284' title='bbox 1028 3175 1195 3229; x_wconf 85' lang='lat' dir='ltr'>Ritsetelius</span> <span class='ocrx_word' id='word_1_285' title='bbox 1213 3183 1314 3245; x_wconf 83' lang='lat' dir='ltr'>quaest.</span> <span class='ocrx_word' id='word_1_286' title='bbox 1332 3178 1449 3231; x_wconf 83' lang='lat' dir='ltr'>Varrou.</span> 
     </span>
     <span class='ocr_line' id='line_1_30' title="bbox 138 3253 1449 3328; baseline 0.005 -20"><span class='ocrx_word' id='word_1_287' title='bbox 138 3270 169 3321; x_wconf 92' lang='lat' dir='ltr'>p.</span> <span class='ocrx_word' id='word_1_288' title='bbox 188 3259 235 3308; x_wconf 84' lang='lat'>29.</span> <span class='ocrx_word' id='word_1_289' title='bbox 264 3254 367 3309; x_wconf 88' lang='lat' dir='ltr'>delirus</span> <span class='ocrx_word' id='word_1_290' title='bbox 387 3255 488 3323; x_wconf 88' lang='grc'><strong>11111,</strong></span> <span class='ocrx_word' id='word_1_291' title='bbox 508 3255 594 3309; x_wconf 82' lang='lat' dir='ltr'>aratri</span> <span class='ocrx_word' id='word_1_292' title='bbox 612 3255 712 3321; x_wconf 84' lang='lat' dir='ltr'>ducta,</span> <span class='ocrx_word' id='word_1_293' title='bbox 737 3253 896 3323; x_wconf 87' lang='lat' dir='ltr'>appellatur</span> <span class='ocrx_word' id='word_1_294' title='bbox 916 3254 1061 3309; x_wconf 75' lang='grc'><strong>0111111111</strong></span> <span class='ocrx_word' id='word_1_295' title='bbox 1076 3273 1105 3324; x_wconf 89' lang='lat' dir='ltr'>p.</span> <span class='ocrx_word' id='word_1_296' title='bbox 1127 3262 1171 3322; x_wconf 73' lang='lat'>76,</span> <span class='ocrx_word' id='word_1_297' title='bbox 1189 3261 1225 3310; x_wconf 81' lang='grc'>19</span> <span class='ocrx_word' id='word_1_298' title='bbox 1315 3265 1331 3311; x_wconf 89' lang='grc'>4</span> <span class='ocrx_word' id='word_1_299' title='bbox 1351 3260 1449 3328; x_wconf 88' lang='lat' dir='ltr'>ltaque</span> 
     </span>
     <span class='ocr_line' id='line_1_31' title="bbox 142 3333 1449 3408; baseline 0.005 -22"><span class='ocrx_word' id='word_1_300' title='bbox 142 3333 227 3389; x_wconf 86' lang='lat' dir='ltr'>sicuti</span> <span class='ocrx_word' id='word_1_301' title='bbox 245 3334 273 3388; x_wconf 84' lang='lat' dir='ltr'><em>R</em></span> <span class='ocrx_word' id='word_1_302' title='bbox 345 3343 361 3389; x_wconf 85' lang='grc'><strong>6</strong></span> <span class='ocrx_word' id='word_1_303' title='bbox 380 3335 474 3405; x_wconf 83' lang='lat' dir='ltr'>placet</span> <span class='ocrx_word' id='word_1_304' title='bbox 492 3335 578 3390; x_wconf 84' lang='lat' dir='ltr'>etiam</span> <span class='ocrx_word' id='word_1_305' title='bbox 596 3338 629 3388; x_wconf 87' lang='lat' dir='ltr'>ut</span> <span class='ocrx_word' id='word_1_306' title='bbox 648 3334 818 3389; x_wconf 86' lang='lat' dir='ltr'>Delmatiam</span> <span class='ocrx_word' id='word_1_307' title='bbox 840 3367 870 3372; x_wconf 99' lang='lat'><strong>—</strong></span> <span class='ocrx_word' id='word_1_308' title='bbox 889 3340 905 3387; x_wconf 82' lang='lat'>9</span> <span class='ocrx_word' id='word_1_309' title='bbox 924 3335 1017 3389; x_wconf 82' lang='lat' dir='ltr'>fessae</span> <span class='ocrx_word' id='word_1_310' title='bbox 1036 3336 1128 3392; x_wconf 85' lang='lat' dir='ltr'>dietae</span> <span class='ocrx_word' id='word_1_311' title='bbox 1148 3340 1213 3392; x_wconf 90' lang='lat' dir='ltr'>sunt</span> <span class='ocrx_word' id='word_1_312' title='bbox 1231 3337 1322 3391; x_wconf 86' lang='lat' dir='ltr'>Velius</span> <span class='ocrx_word' id='word_1_313' title='bbox 1335 3338 1449 3408; x_wconf 78' lang='lat' dir='ltr'>Loupus</span> 
     </span>
     <span class='ocr_line' id='line_1_32' title="bbox 142 3413 1448 3484; baseline 0.005 -17"><span class='ocrx_word' id='word_1_314' title='bbox 142 3415 219 3482; x_wconf 84' lang='lat' dir='ltr'>opud</span> <span class='ocrx_word' id='word_1_315' title='bbox 234 3414 355 3470; x_wconf 81' lang='lat' dir='ltr'>Cassiod.</span> <span class='ocrx_word' id='word_1_316' title='bbox 366 3434 397 3484; x_wconf 90' lang='lat' dir='ltr'>p.</span> <span class='ocrx_word' id='word_1_317' title='bbox 408 3420 488 3471; x_wconf 73' lang='lat'><em>2287</em></span> <span class='ocrx_word' id='word_1_318' title='bbox 560 3421 575 3469; x_wconf 85' lang='lat' dir='ltr'>&#39;l</span> <span class='ocrx_word' id='word_1_319' title='bbox 595 3413 728 3483; x_wconf 87' lang='lat' dir='ltr'>quoniam</span> <span class='ocrx_word' id='word_1_320' title='bbox 743 3430 761 3467; x_wconf 90' lang='grc'>1</span> <span class='ocrx_word' id='word_1_321' title='bbox 775 3413 914 3469; x_wconf 85' lang='lat' dir='ltr'>Delminio</span> <span class='ocrx_word' id='word_1_322' title='bbox 930 3415 1052 3469; x_wconf 85' lang='grc'><strong>11111111</strong></span> <span class='ocrx_word' id='word_1_323' title='bbox 1071 3416 1187 3471; x_wconf 87' lang='lat' dir='ltr'>ciuitate</span> <span class='ocrx_word' id='word_1_324' title='bbox 1205 3420 1327 3472; x_wconf 83' lang='lat' dir='ltr'>tractum</span> <span class='ocrx_word' id='word_1_325' title='bbox 1346 3436 1448 3473; x_wconf 91' lang='lat' dir='ltr'>nomen</span> 
     </span>
     <span class='ocr_line' id='line_1_33' title="bbox 142 3492 1449 3566; baseline 0.005 -18"><span class='ocrx_word' id='word_1_326' title='bbox 142 3494 318 3549; x_wconf 78' lang='lat' dir='ltr'>existimetur</span> <span class='ocrx_word' id='word_1_327' title='bbox 330 3495 371 3563; x_wconf 86' lang='lat' dir='ltr'>R,</span> <span class='ocrx_word' id='word_1_328' title='bbox 390 3495 522 3566; x_wconf 88' lang='lat' dir='ltr'>quoniam</span> <span class='ocrx_word' id='word_1_329' title='bbox 538 3511 555 3548; x_wconf 86' lang='lat' dir='ltr'>a</span> <span class='ocrx_word' id='word_1_330' title='bbox 569 3492 711 3560; x_wconf 87' lang='lat' dir='ltr'>Delmino,</span> <span class='ocrx_word' id='word_1_331' title='bbox 731 3493 853 3548; x_wconf 81' lang='lat' dir='ltr'>maxims</span> <span class='ocrx_word' id='word_1_332' title='bbox 867 3493 989 3548; x_wconf 88' lang='lat' dir='ltr'>eiusdem</span> <span class='ocrx_word' id='word_1_333' title='bbox 1004 3495 1164 3564; x_wconf 83' lang='lat' dir='ltr'>provinciae</span> <span class='ocrx_word' id='word_1_334' title='bbox 1180 3496 1308 3566; x_wconf 82' lang='lat' dir='ltr'>civitate,</span> <span class='ocrx_word' id='word_1_335' title='bbox 1326 3502 1449 3554; x_wconf 82' lang='lat' dir='ltr'>tractum</span> 
     </span>
     <span class='ocr_line' id='line_1_34' title="bbox 142 3572 1448 3650; baseline 0.004 -23"><span class='ocrx_word' id='word_1_336' title='bbox 142 3590 243 3627; x_wconf 88' lang='lat' dir='ltr'>nomeu</span> <span class='ocrx_word' id='word_1_337' title='bbox 258 3573 434 3629; x_wconf 86' lang='lat' dir='ltr'>existimatur</span> <span class='ocrx_word' id='word_1_338' title='bbox 448 3578 574 3642; x_wconf 82' lang='lat' dir='ltr'>excerpto</span> <span class='ocrx_word' id='word_1_339' title='bbox 589 3572 759 3628; x_wconf 82' lang='lat' dir='ltr'>Cassiodorii</span> <span class='ocrx_word' id='word_1_340' title='bbox 830 3573 963 3645; x_wconf 82' lang='grc'><strong>8111111]</strong></span> <span class='ocrx_word' id='word_1_341' title='bbox 983 3591 1095 3645; x_wconf 89' lang='lat' dir='ltr'>quoque</span> <span class='ocrx_word' id='word_1_342' title='bbox 1114 3575 1142 3628; x_wconf 84' lang='lat' dir='ltr'><em>R</em></span> <span class='ocrx_word' id='word_1_343' title='bbox 1214 3583 1230 3631; x_wconf 82' lang='grc'><strong>9</strong></span> <span class='ocrx_word' id='word_1_344' title='bbox 1250 3576 1320 3632; x_wconf 91' lang='lat' dir='ltr'>Item</span> <span class='ocrx_word' id='word_1_345' title='bbox 1339 3579 1448 3650; x_wconf 87' lang='lat' dir='ltr'>arispex</span> 
     </span>
     <span class='ocr_line' id='line_1_35' title="bbox 142 3648 1450 3726; baseline 0.005 -19"><span class='ocrx_word' id='word_1_346' title='bbox 142 3653 308 3724; x_wconf 79' lang='lat' dir='ltr'>ebariuga,</span> <span class='ocrx_word' id='word_1_347' title='bbox 327 3671 400 3723; x_wconf 85' lang='lat' dir='ltr'>quse</span> <span class='ocrx_word' id='word_1_348' title='bbox 419 3658 492 3709; x_wconf 87' lang='lat' dir='ltr'>esset</span> <span class='ocrx_word' id='word_1_349' title='bbox 514 3654 660 3709; x_wconf 79' lang='lat' dir='ltr'>bestiali.</span> <span class='ocrx_word' id='word_1_350' title='bbox 692 3655 784 3726; x_wconf 83' lang='lat' dir='ltr'>‘ariga</span> <span class='ocrx_word' id='word_1_351' title='bbox 806 3658 837 3708; x_wconf 83' lang='lat' dir='ltr'>u&#39;t</span> <span class='ocrx_word' id='word_1_352' title='bbox 859 3672 928 3723; x_wconf 83' lang='lat' dir='ltr'>quae</span> <span class='ocrx_word' id='word_1_353' title='bbox 951 3656 988 3708; x_wconf 83' lang='lat' dir='ltr'>ud</span> <span class='ocrx_word' id='word_1_354' title='bbox 1011 3672 1090 3710; x_wconf 87' lang='lat' dir='ltr'>arem</span> <span class='ocrx_word' id='word_1_355' title='bbox 1113 3648 1252 3725; x_wconf 61' lang='lat' dir='ltr'>ubemur:</span> <span class='ocrx_word' id='word_1_356' title='bbox 1278 3660 1325 3713; x_wconf 83' lang='lat' dir='ltr'>sed</span> <span class='ocrx_word' id='word_1_357' title='bbox 1348 3665 1373 3712; x_wconf 86' lang='lat' dir='ltr'>et</span> <span class='ocrx_word' id='word_1_358' title='bbox 1398 3662 1450 3714; x_wconf 86' lang='lat' dir='ltr'>alii</span> 
     </span>
     <span class='ocr_line' id='line_1_36' title="bbox 141 3733 1448 3809; baseline 0.007 -23"><span class='ocrx_word' id='word_1_359' title='bbox 141 3735 308 3802; x_wconf 79' lang='lat' dir='ltr'>seripserrmt</span> <span class='ocrx_word' id='word_1_360' title='bbox 325 3737 454 3806; x_wconf 81' lang='lat' dir='ltr'>arugam&#39;</span> <span class='ocrx_word' id='word_1_361' title='bbox 471 3737 582 3790; x_wconf 79' lang='lat' dir='ltr'>lunius.</span> <span class='ocrx_word' id='word_1_362' title='bbox 608 3735 644 3789; x_wconf 86' lang='lat' dir='ltr'>ab</span> <span class='ocrx_word' id='word_1_363' title='bbox 661 3734 741 3805; x_wconf 81' lang='lat' dir='ltr'>ariga</span> <span class='ocrx_word' id='word_1_364' title='bbox 753 3736 895 3804; x_wconf 79' lang='lat' dir='ltr'>scripsisse</span> <span class='ocrx_word' id='word_1_365' title='bbox 908 3740 1023 3802; x_wconf 85' lang='lat' dir='ltr'>apparet</span> <span class='ocrx_word' id='word_1_366' title='bbox 1032 3735 1167 3805; x_wconf 70' lang='lat' dir='ltr'>Loupum</span> <span class='ocrx_word' id='word_1_367' title='bbox 1185 3740 1234 3806; x_wconf 83' lang='lat' dir='ltr'>qui</span> <span class='ocrx_word' id='word_1_368' title='bbox 1252 3739 1287 3792; x_wconf 87' lang='lat' dir='ltr'>ub</span> <span class='ocrx_word' id='word_1_369' title='bbox 1306 3755 1335 3794; x_wconf 89' lang='lat' dir='ltr'>eo</span> <span class='ocrx_word' id='word_1_370' title='bbox 1350 3733 1448 3809; x_wconf 78' lang='grc' dir='ltr'><strong>1111ρὶ-</strong></span> 
     </span>
     <span class='ocr_line' id='line_1_37' title="bbox 143 3814 1451 3888; baseline 0.005 -20"><span class='ocrx_word' id='word_1_371' title='bbox 143 3831 202 3869; x_wconf 86' lang='grc'><strong>1111</strong></span> <span class='ocrx_word' id='word_1_372' title='bbox 221 3817 323 3869; x_wconf 88' lang='lat' dir='ltr'>dictum</span> <span class='ocrx_word' id='word_1_373' title='bbox 342 3833 395 3871; x_wconf 85' lang='lat' dir='ltr'>esse</span> <span class='ocrx_word' id='word_1_374' title='bbox 409 3818 503 3871; x_wconf 83' lang='lat' dir='ltr'>soluit.</span> <span class='ocrx_word' id='word_1_375' title='bbox 532 3816 631 3885; x_wconf 80' lang='lat' dir='ltr'>ariuga</span> <span class='ocrx_word' id='word_1_376' title='bbox 644 3816 727 3870; x_wconf 79' lang='lat' dir='ltr'>codes</span> <span class='ocrx_word' id='word_1_377' title='bbox 742 3814 877 3870; x_wconf 78' lang='lat' dir='ltr'>Varronis</span> <span class='ocrx_word' id='word_1_378' title='bbox 895 3818 928 3871; x_wconf 84' lang='lat' dir='ltr'>de</span> <span class='ocrx_word' id='word_1_379' title='bbox 946 3815 1012 3886; x_wconf 76' lang='lat' dir='ltr'>liuq.</span> <span class='ocrx_word' id='word_1_380' title='bbox 1028 3817 1075 3872; x_wconf 85' lang='lat' dir='ltr'>lat.</span> <span class='ocrx_word' id='word_1_381' title='bbox 1090 3816 1174 3883; x_wconf 81' lang='lat' dir='ltr'>Vos,</span> <span class='ocrx_word' id='word_1_382' title='bbox 1192 3818 1301 3888; x_wconf 79' lang='lat' dir='ltr'>haruga</span> <span class='ocrx_word' id='word_1_383' title='bbox 1321 3819 1451 3874; x_wconf 79' lang='lat' dir='ltr'>Donatus</span> 
     </span>
     <span class='ocr_line' id='line_1_38' title="bbox 141 3894 1449 3968; baseline 0.005 -21"><span class='ocrx_word' id='word_1_384' title='bbox 141 3896 174 3948; x_wconf 85' lang='lat' dir='ltr'>iu</span> <span class='ocrx_word' id='word_1_385' title='bbox 200 3895 260 3949; x_wconf 83' lang='lat' dir='ltr'>Ter.</span> <span class='ocrx_word' id='word_1_386' title='bbox 285 3896 395 3951; x_wconf 84' lang='lat' dir='ltr'>Pborm.</span> <span class='ocrx_word' id='word_1_387' title='bbox 420 3898 504 3951; x_wconf 85' lang='lat' dir='ltr'><em>IIII</em></span> <span class='ocrx_word' id='word_1_388' title='bbox 527 3902 557 3962; x_wconf 83' lang='grc'>4,</span> <span class='ocrx_word' id='word_1_389' title='bbox 582 3902 634 3963; x_wconf 82' lang='lat'>29,</span> <span class='ocrx_word' id='word_1_390' title='bbox 660 3894 778 3964; x_wconf 82' lang='lat' dir='ltr'>barviga</span> <span class='ocrx_word' id='word_1_391' title='bbox 803 3894 883 3950; x_wconf 85' lang='lat' dir='ltr'>Paul.</span> <span class='ocrx_word' id='word_1_392' title='bbox 907 3915 963 3953; x_wconf 77' lang='lat' dir='ltr'>exe.</span> <span class='ocrx_word' id='word_1_393' title='bbox 986 3899 1061 3953; x_wconf 87' lang='lat' dir='ltr'>Fest.</span> <span class='ocrx_word' id='word_1_394' title='bbox 1084 3916 1113 3966; x_wconf 92' lang='lat' dir='ltr'>p.</span> <span class='ocrx_word' id='word_1_395' title='bbox 1139 3903 1207 3963; x_wconf 87' lang='lat'>100,</span> <span class='ocrx_word' id='word_1_396' title='bbox 1232 3901 1304 3968; x_wconf 84' lang='lat' dir='ltr'>quod</span> <span class='ocrx_word' id='word_1_397' title='bbox 1328 3901 1449 3966; x_wconf 77' lang='lat' dir='ltr'>defendit</span> 
     </span>
     <span class='ocr_line' id='line_1_39' title="bbox 144 3974 1451 4048; baseline 0.006 -19"><span class='ocrx_word' id='word_1_398' title='bbox 144 3974 291 4031; x_wconf 68' lang='lat' dir='ltr'>Gorsseum</span> <span class='ocrx_word' id='word_1_399' title='bbox 313 3979 346 4032; x_wconf 80' lang='lat' dir='ltr'>de</span> <span class='ocrx_word' id='word_1_400' title='bbox 368 3980 502 4032; x_wconf 81' lang='lat' dir='ltr'>enuntiat.</span> <span class='ocrx_word' id='word_1_401' title='bbox 526 3978 606 4032; x_wconf 83' lang='lat' dir='ltr'>istiu.</span> <span class='ocrx_word' id='word_1_402' title='bbox 625 3993 649 4032; x_wconf 85' lang='lat' dir='ltr'>a.</span> <span class='ocrx_word' id='word_1_403' title='bbox 670 3976 691 4027; x_wconf 90' lang='grc' dir='ltr'><em>Ι</em></span> <span class='ocrx_word' id='word_1_404' title='bbox 709 3992 738 4043; x_wconf 91' lang='lat' dir='ltr'>p.</span> <span class='ocrx_word' id='word_1_405' title='bbox 759 3980 821 4030; x_wconf 82' lang='lat'>509.</span> <span class='ocrx_word' id='word_1_406' title='bbox 850 3977 949 4048; x_wconf 83' lang='lat' dir='ltr'>arings</span> <span class='ocrx_word' id='word_1_407' title='bbox 971 3981 1121 4034; x_wconf 76' lang='grc'><strong>1111111111</strong></span> <span class='ocrx_word' id='word_1_408' title='bbox 1145 3977 1267 4048; x_wconf 81' lang='lat' dir='ltr'>Sculiper</span> <span class='ocrx_word' id='word_1_409' title='bbox 1290 3983 1399 4036; x_wconf 85' lang='lat' dir='ltr'>eouieet.</span> <span class='ocrx_word' id='word_1_410' title='bbox 1419 3985 1451 4037; x_wconf 81' lang='lat' dir='ltr'>iu</span> 
     </span>
     <span class='ocr_line' id='line_1_40' title="bbox 148 4051 1450 4128; baseline 0.008 -22"><span class='ocrx_word' id='word_1_411' title='bbox 148 4051 229 4109; x_wconf 83' lang='lat' dir='ltr'>Varr.</span> <span class='ocrx_word' id='word_1_412' title='bbox 248 4057 281 4110; x_wconf 85' lang='lat' dir='ltr'>de</span> <span class='ocrx_word' id='word_1_413' title='bbox 299 4057 366 4128; x_wconf 81' lang='lat' dir='ltr'>liup.</span> <span class='ocrx_word' id='word_1_414' title='bbox 385 4059 433 4113; x_wconf 80' lang='lat' dir='ltr'>lat.</span> <span class='ocrx_word' id='word_1_415' title='bbox 451 4076 479 4127; x_wconf 79' lang='lat' dir='ltr'>p,</span> <span class='ocrx_word' id='word_1_416' title='bbox 498 4061 536 4112; x_wconf 79' lang='grc'>42</span> <span class='ocrx_word' id='word_1_417' title='bbox 628 4062 661 4110; x_wconf 90' lang='grc'>10</span> <span class='ocrx_word' id='word_1_418' title='bbox 684 4059 779 4111; x_wconf 85' lang='lat' dir='ltr'>tamen</span> <span class='ocrx_word' id='word_1_419' title='bbox 807 4058 909 4113; x_wconf 90' lang='lat' dir='ltr'>mando</span> <span class='ocrx_word' id='word_1_420' title='bbox 928 4060 956 4112; x_wconf 86' lang='lat' dir='ltr'>Il</span> <span class='ocrx_word' id='word_1_421' title='bbox 1046 4065 1079 4113; x_wconf 83' lang='lat'>12</span> <span class='ocrx_word' id='word_1_422' title='bbox 1104 4058 1176 4112; x_wconf 89' lang='lat' dir='ltr'>Hine</span> <span class='ocrx_word' id='word_1_423' title='bbox 1194 4063 1344 4114; x_wconf 87' lang='lat' dir='ltr'>noscuntur</span> <span class='ocrx_word' id='word_1_424' title='bbox 1363 4061 1450 4116; x_wconf 84' lang='lat' dir='ltr'>etiam</span> 
     </span>
     <span class='ocr_line' id='line_1_41' title="bbox 143 4136 1449 4207; baseline 0.003 -17"><span class='ocrx_word' id='word_1_425' title='bbox 143 4136 320 4204; x_wconf 72' lang='lat' dir='ltr'>quaestiones</span> <span class='ocrx_word' id='word_1_426' title='bbox 343 4137 496 4204; x_wconf 81' lang='lat' dir='ltr'>interdurn,</span> <span class='ocrx_word' id='word_1_427' title='bbox 522 4136 623 4205; x_wconf 89' lang='lat' dir='ltr'>quibus</span> <span class='ocrx_word' id='word_1_428' title='bbox 646 4154 719 4192; x_wconf 89' lang='lat' dir='ltr'>noua</span> <span class='ocrx_word' id='word_1_429' title='bbox 743 4155 760 4192; x_wconf 96' lang='grc'>1</span> <span class='ocrx_word' id='word_1_430' title='bbox 782 4139 925 4193; x_wconf 88' lang='lat' dir='ltr'>veteribus</span> <span class='ocrx_word' id='word_1_431' title='bbox 950 4138 1150 4193; x_wconf 84' lang='lat' dir='ltr'>discernuntur.</span> <span class='ocrx_word' id='word_1_432' title='bbox 1183 4136 1283 4192; x_wconf 86' lang='lat' dir='ltr'>Vtrum</span> <span class='ocrx_word' id='word_1_433' title='bbox 1309 4140 1449 4207; x_wconf 85' lang='lat' dir='ltr'>absorbui,</span> 
     </span>
     <span class='ocr_line' id='line_1_42' title="bbox 143 4214 1448 4288; baseline 0.004 -19"><span class='ocrx_word' id='word_1_434' title='bbox 143 4232 176 4269; x_wconf 90' lang='grc'>11</span> <span class='ocrx_word' id='word_1_435' title='bbox 201 4216 340 4286; x_wconf 83' lang='lat' dir='ltr'>absorpsi,</span> <span class='ocrx_word' id='word_1_436' title='bbox 366 4216 483 4272; x_wconf 87' lang='lat' dir='ltr'>eumad</span> <span class='ocrx_word' id='word_1_437' title='bbox 505 4216 578 4270; x_wconf 85' lang='lat' dir='ltr'>hanc</span> <span class='ocrx_word' id='word_1_438' title='bbox 602 4214 822 4285; x_wconf 84' lang='lat' dir='ltr'>disputationem</span> <span class='ocrx_word' id='word_1_439' title='bbox 845 4217 984 4287; x_wconf 87' lang='lat' dir='ltr'>pertinere</span> <span class='ocrx_word' id='word_1_440' title='bbox 1002 4235 1058 4272; x_wconf 91' lang='lat' dir='ltr'>nou</span> <span class='ocrx_word' id='word_1_441' title='bbox 1077 4216 1191 4285; x_wconf 84' lang='lat' dir='ltr'>debeat,</span> <span class='ocrx_word' id='word_1_442' title='bbox 1218 4218 1272 4272; x_wconf 88' lang='lat' dir='ltr'>nisi</span> <span class='ocrx_word' id='word_1_443' title='bbox 1291 4220 1367 4288; x_wconf 89' lang='lat' dir='ltr'>quod</span> <span class='ocrx_word' id='word_1_444' title='bbox 1385 4237 1448 4288; x_wconf 91' lang='lat' dir='ltr'>pro·</span> 
     </span>
     <span class='ocr_line' id='line_1_43' title="bbox 143 4292 1448 4368; baseline 0.003 -19"><span class='ocrx_word' id='word_1_445' title='bbox 143 4295 234 4365; x_wconf 87' lang='lat' dir='ltr'>prium</span> <span class='ocrx_word' id='word_1_446' title='bbox 258 4299 302 4352; x_wconf 92' lang='lat' dir='ltr'>est</span> <span class='ocrx_word' id='word_1_447' title='bbox 325 4292 532 4366; x_wconf 70' lang='lat' dir='ltr'>delinqueretur,</span> <span class='ocrx_word' id='word_1_448' title='bbox 556 4299 651 4352; x_wconf 85' lang='lat' dir='ltr'>utrum</span> <span class='ocrx_word' id='word_1_449' title='bbox 675 4314 724 4366; x_wconf 92' lang='lat' dir='ltr'>per</span> <span class='ocrx_word' id='word_1_450' title='bbox 744 4298 762 4352; x_wconf 92' lang='lat' dir='ltr'>b</span> <span class='ocrx_word' id='word_1_451' title='bbox 781 4314 817 4351; x_wconf 90' lang='lat' dir='ltr'>an</span> <span class='ocrx_word' id='word_1_452' title='bbox 835 4315 886 4368; x_wconf 88' lang='lat' dir='ltr'>per</span> <span class='ocrx_word' id='word_1_453' title='bbox 903 4316 923 4366; x_wconf 90' lang='lat' dir='ltr'>p</span> <span class='ocrx_word' id='word_1_454' title='bbox 941 4298 1068 4367; x_wconf 87' lang='lat' dir='ltr'>absorpsi</span> <span class='ocrx_word' id='word_1_455' title='bbox 1092 4297 1174 4352; x_wconf 84' lang='lat' dir='ltr'>scribi</span> <span class='ocrx_word' id='word_1_456' title='bbox 1194 4298 1309 4352; x_wconf 85' lang='lat' dir='ltr'>debeat:</span> <span class='ocrx_word' id='word_1_457' title='bbox 1334 4300 1363 4352; x_wconf 88' lang='lat' dir='ltr'>et</span> <span class='ocrx_word' id='word_1_458' title='bbox 1385 4298 1448 4353; x_wconf 83' lang='lat' dir='ltr'>eliis</span> 
     </span>
     <span class='ocr_line' id='line_1_44' title="bbox 143 4375 1449 4447; baseline 0.003 -18"><span class='ocrx_word' id='word_1_459' title='bbox 143 4375 313 4445; x_wconf 89' lang='lat' dir='ltr'>sequendam</span> <span class='ocrx_word' id='word_1_460' title='bbox 336 4377 354 4431; x_wconf 93' lang='lat' dir='ltr'>b</span> <span class='ocrx_word' id='word_1_461' title='bbox 378 4378 504 4431; x_wconf 81' lang='lat' dir='ltr'>litteram</span> <span class='ocrx_word' id='word_1_462' title='bbox 527 4377 568 4445; x_wconf 82' lang='lat' dir='ltr'>R,</span> <span class='ocrx_word' id='word_1_463' title='bbox 590 4377 640 4432; x_wconf 84' lang='lat' dir='ltr'>ubi</span> <span class='ocrx_word' id='word_1_464' title='bbox 662 4395 697 4433; x_wconf 90' lang='lat' dir='ltr'>au</span> <span class='ocrx_word' id='word_1_465' title='bbox 722 4377 849 4447; x_wconf 85' lang='lat' dir='ltr'>absorpsi</span> <span class='ocrx_word' id='word_1_466' title='bbox 872 4378 916 4432; x_wconf 84' lang='lat' dir='ltr'>rel</span> <span class='ocrx_word' id='word_1_467' title='bbox 941 4395 1004 4432; x_wconf 91' lang='lat' dir='ltr'>cum</span> <span class='ocrx_word' id='word_1_468' title='bbox 1022 4383 1069 4434; x_wconf 86' lang='lat' dir='ltr'>ete.</span> <span class='ocrx_word' id='word_1_469' title='bbox 1098 4383 1123 4433; x_wconf 83' lang='lat' dir='ltr'>et</span> <span class='ocrx_word' id='word_1_470' title='bbox 1145 4379 1241 4432; x_wconf 75' lang='grc'><strong>(11111111</strong></span> <span class='ocrx_word' id='word_1_471' title='bbox 1260 4380 1289 4432; x_wconf 90' lang='grc'>11</span> <span class='ocrx_word' id='word_1_472' title='bbox 1312 4377 1375 4431; x_wconf 87' lang='lat' dir='ltr'>aliis</span> <span class='ocrx_word' id='word_1_473' title='bbox 1393 4395 1449 4433; x_wconf 85' lang='lat' dir='ltr'>ser-</span> 
     </span>
     <span class='ocr_line' id='line_1_45' title="bbox 142 4455 1378 4528; baseline 0.003 -20"><span class='ocrx_word' id='word_1_474' title='bbox 142 4455 271 4509; x_wconf 85' lang='lat' dir='ltr'>vandsb</span> <span class='ocrx_word' id='word_1_475' title='bbox 295 4455 391 4511; x_wconf 86' lang='lat' dir='ltr'>littera</span> <span class='ocrx_word' id='word_1_476' title='bbox 414 4457 525 4512; x_wconf 89' lang='lat' dir='ltr'>videtur</span> <span class='ocrx_word' id='word_1_477' title='bbox 547 4460 659 4528; x_wconf 73' lang='lat' dir='ltr'>scripsit</span> <span class='ocrx_word' id='word_1_478' title='bbox 682 4459 883 4512; x_wconf 83' lang='lat' dir='ltr'>Wilmaunsius</span> <span class='ocrx_word' id='word_1_479' title='bbox 906 4459 939 4511; x_wconf 86' lang='lat' dir='ltr'>de</span> <span class='ocrx_word' id='word_1_480' title='bbox 962 4457 1043 4512; x_wconf 86' lang='lat' dir='ltr'>Vurr.</span> <span class='ocrx_word' id='word_1_481' title='bbox 1064 4459 1125 4512; x_wconf 87' lang='lat' dir='ltr'>libr.</span> <span class='ocrx_word' id='word_1_482' title='bbox 1144 4474 1257 4528; x_wconf 72' lang='lat' dir='ltr'>prorum.</span> <span class='ocrx_word' id='word_1_483' title='bbox 1275 4475 1303 4526; x_wconf 89' lang='lat' dir='ltr'>p.</span> <span class='ocrx_word' id='word_1_484' title='bbox 1323 4462 1378 4512; x_wconf 87' lang='lat'>177</span> 
     </span>
     <span class='ocr_line' id='line_1_46' title="bbox 146 4537 1448 4610; baseline 0.002 -21"><span class='ocrx_word' id='word_1_485' title='bbox 146 4541 176 4589; x_wconf 83' lang='grc'>17</span> <span class='ocrx_word' id='word_1_486' title='bbox 194 4539 224 4590; x_wconf 88' lang='lat' dir='ltr'>et</span> <span class='ocrx_word' id='word_1_487' title='bbox 242 4537 374 4591; x_wconf 81' lang='grc'><strong>11111111</strong></span> <span class='ocrx_word' id='word_1_488' title='bbox 392 4537 446 4592; x_wconf 89' lang='lat' dir='ltr'>bae</span> <span class='ocrx_word' id='word_1_489' title='bbox 463 4537 561 4592; x_wconf 84' lang='lat' dir='ltr'>littera</span> <span class='ocrx_word' id='word_1_490' title='bbox 578 4558 599 4591; x_wconf 84' lang='lat' dir='ltr'>rc</span> <span class='ocrx_word' id='word_1_491' title='bbox 613 4558 628 4606; x_wconf 81' lang='lat' dir='ltr'>p</span> <span class='ocrx_word' id='word_1_492' title='bbox 644 4557 673 4604; x_wconf 87' lang='grc' dir='ltr'>σ,</span> <span class='ocrx_word' id='word_1_493' title='bbox 693 4540 769 4610; x_wconf 88' lang='lat' dir='ltr'>apud</span> <span class='ocrx_word' id='word_1_494' title='bbox 786 4556 837 4593; x_wconf 89' lang='lat' dir='ltr'>nos</span> <span class='ocrx_word' id='word_1_495' title='bbox 855 4554 906 4608; x_wconf 85' lang='lat' dir='ltr'>per</span> <span class='ocrx_word' id='word_1_496' title='bbox 919 4556 938 4607; x_wconf 93' lang='lat' dir='ltr'>p</span> <span class='ocrx_word' id='word_1_497' title='bbox 952 4537 1136 4593; x_wconf 90' lang='lat' dir='ltr'>scribendum.</span> <span class='ocrx_word' id='word_1_498' title='bbox 1165 4537 1288 4607; x_wconf 85' lang='lat' dir='ltr'>ideoque</span> <span class='ocrx_word' id='word_1_499' title='bbox 1306 4537 1336 4592; x_wconf 91' lang='grc'>11</span> <span class='ocrx_word' id='word_1_500' title='bbox 1350 4537 1448 4593; x_wconf 90' lang='lat' dir='ltr'>simili-</span> 
     </span>
     <span class='ocr_line' id='line_1_47' title="bbox 143 4613 1448 4688; baseline 0.005 -20"><span class='ocrx_word' id='word_1_501' title='bbox 143 4613 192 4669; x_wconf 86' lang='lat' dir='ltr'>bus</span> <span class='ocrx_word' id='word_1_502' title='bbox 210 4615 392 4687; x_wconf 85' lang='lat' dir='ltr'>seruandum,</span> <span class='ocrx_word' id='word_1_503' title='bbox 410 4619 443 4671; x_wconf 86' lang='lat' dir='ltr'>ut</span> <span class='ocrx_word' id='word_1_504' title='bbox 461 4617 490 4671; x_wconf 91' lang='lat' dir='ltr'>in</span> <span class='ocrx_word' id='word_1_505' title='bbox 509 4635 541 4673; x_wconf 91' lang='lat' dir='ltr'>eo</span> <span class='ocrx_word' id='word_1_506' title='bbox 562 4620 636 4687; x_wconf 89' lang='lat' dir='ltr'>quod</span> <span class='ocrx_word' id='word_1_507' title='bbox 656 4623 699 4674; x_wconf 87' lang='lat' dir='ltr'>est</span> <span class='ocrx_word' id='word_1_508' title='bbox 716 4621 797 4686; x_wconf 90' lang='lat' dir='ltr'>urbs,</span> <span class='ocrx_word' id='word_1_509' title='bbox 817 4621 846 4673; x_wconf 88' lang='lat' dir='ltr'>et</span> <span class='ocrx_word' id='word_1_510' title='bbox 864 4617 959 4688; x_wconf 82' lang='lat' dir='ltr'>nupsi,</span> <span class='ocrx_word' id='word_1_511' title='bbox 979 4619 1008 4672; x_wconf 88' lang='grc'>11</span> <span class='ocrx_word' id='word_1_512' title='bbox 1025 4618 1106 4686; x_wconf 89' lang='lat' dir='ltr'>plebs</span> <span class='ocrx_word' id='word_1_513' title='bbox 1124 4618 1160 4674; x_wconf 74' lang='lat' dir='ltr'>tt.</span> <span class='ocrx_word' id='word_1_514' title='bbox 1189 4621 1219 4672; x_wconf 90' lang='lat' dir='ltr'>et</span> <span class='ocrx_word' id='word_1_515' title='bbox 1245 4619 1356 4673; x_wconf 86' lang='lat' dir='ltr'>constat</span> <span class='ocrx_word' id='word_1_516' title='bbox 1378 4619 1448 4674; x_wconf 89' lang='lat' dir='ltr'>haec</span> 
     </span>
     <span class='ocr_line' id='line_1_48' title="bbox 144 4689 1447 4769; baseline 0.005 -23"><span class='ocrx_word' id='word_1_517' title='bbox 144 4693 239 4747; x_wconf 89' lang='grc'><strong>1111111</strong></span> <span class='ocrx_word' id='word_1_518' title='bbox 258 4689 290 4747; x_wconf 74' lang='lat' dir='ltr'>lu</span> <span class='ocrx_word' id='word_1_519' title='bbox 308 4695 360 4749; x_wconf 77' lang='lat' dir='ltr'>rori</span> <span class='ocrx_word' id='word_1_520' title='bbox 379 4703 415 4749; x_wconf 79' lang='lat' dir='ltr'>ui</span> <span class='ocrx_word' id='word_1_521' title='bbox 430 4697 479 4750; x_wconf 80' lang='lat' dir='ltr'>sul</span> <span class='ocrx_word' id='word_1_522' title='bbox 498 4697 582 4767; x_wconf 79' lang='grc' dir='ltr'>σίγμα</span> <span class='ocrx_word' id='word_1_523' title='bbox 602 4715 634 4752; x_wconf 83' lang='lat' dir='ltr'>ec</span> <span class='ocrx_word' id='word_1_524' title='bbox 652 4701 792 4768; x_wconf 78' lang='lat' dir='ltr'>superiore</span> <span class='ocrx_word' id='word_1_525' title='bbox 809 4701 997 4769; x_wconf 77' lang='lat' dir='ltr'>disputatione</span> <span class='ocrx_word' id='word_1_526' title='bbox 1010 4718 1041 4768; x_wconf 92' lang='lat' dir='ltr'>p.</span> <span class='ocrx_word' id='word_1_527' title='bbox 1061 4705 1106 4766; x_wconf 87' lang='grc'>61,</span> <span class='ocrx_word' id='word_1_528' title='bbox 1125 4706 1157 4767; x_wconf 86' lang='grc'>8,</span> <span class='ocrx_word' id='word_1_529' title='bbox 1185 4704 1216 4753; x_wconf 87' lang='lat' dir='ltr'>ut</span> <span class='ocrx_word' id='word_1_530' title='bbox 1234 4700 1357 4767; x_wconf 83' lang='lat' dir='ltr'>uidetur,</span> <span class='ocrx_word' id='word_1_531' title='bbox 1375 4716 1447 4769; x_wconf 87' lang='lat' dir='ltr'>repe·</span> 
     </span>
     <span class='ocr_line' id='line_1_49' title="bbox 145 4773 1449 4850; baseline 0.008 -25"><span class='ocrx_word' id='word_1_532' title='bbox 145 4773 196 4827; x_wconf 78' lang='lat' dir='ltr'>tite</span> <span class='ocrx_word' id='word_1_533' title='bbox 212 4774 318 4828; x_wconf 81' lang='lat' dir='ltr'>seclusi.</span> <span class='ocrx_word' id='word_1_534' title='bbox 342 4776 435 4831; x_wconf 82' lang='lat' dir='ltr'>aliena</span> <span class='ocrx_word' id='word_1_535' title='bbox 453 4778 488 4831; x_wconf 87' lang='lat' dir='ltr'>ab</span> <span class='ocrx_word' id='word_1_536' title='bbox 506 4778 555 4830; x_wconf 82' lang='lat' dir='ltr'>boc</span> <span class='ocrx_word' id='word_1_537' title='bbox 573 4778 630 4832; x_wconf 88' lang='lat' dir='ltr'>loeo</span> <span class='ocrx_word' id='word_1_538' title='bbox 648 4795 702 4834; x_wconf 87' lang='lat' dir='ltr'>esse</span> <span class='ocrx_word' id='word_1_539' title='bbox 718 4782 801 4836; x_wconf 76' lang='lat' dir='ltr'>ruba</span> <span class='ocrx_word' id='word_1_540' title='bbox 816 4781 997 4836; x_wconf 68' lang='lat' dir='ltr'>oduowumot</span> <span class='ocrx_word' id='word_1_541' title='bbox 1014 4779 1150 4836; x_wconf 71' lang='lat' dir='ltr'>semlerus</span> <span class='ocrx_word' id='word_1_542' title='bbox 1218 4784 1251 4837; x_wconf 84' lang='grc'>18</span> <span class='ocrx_word' id='word_1_543' title='bbox 1269 4779 1401 4850; x_wconf 88' lang='lat' dir='ltr'>idemque</span> <span class='ocrx_word' id='word_1_544' title='bbox 1419 4781 1449 4841; x_wconf 91' lang='lat' dir='ltr'>in</span> 
     </span>
     <span class='ocr_line' id='line_1_50' title="bbox 144 4854 705 4913; baseline 0.007 -4"><span class='ocrx_word' id='word_1_545' title='bbox 144 4854 281 4912; x_wconf 88' lang='lat' dir='ltr'>similibus</span> <span class='ocrx_word' id='word_1_546' title='bbox 299 4862 432 4912; x_wconf 84' lang='lat' dir='ltr'>corrector</span> <span class='ocrx_word' id='word_1_547' title='bbox 450 4859 551 4913; x_wconf 80' lang='grc'><strong>11111111</strong></span> <span class='ocrx_word' id='word_1_548' title='bbox 573 4857 705 4913; x_wconf 81' lang='lat' dir='ltr'>Vaticani</span> 
     </span>
    </p>
   </div>
   <div class='ocr_carea' id='block_1_6' title="bbox 0 0 1666 5474">
    <p class='ocr_par' dir='ltr' id='par_1_9' title="bbox 0 0 1666 5474">
     <span class='ocr_line' id='line_1_51' title="bbox 0 0 1666 5474; baseline 0 0"><span class='ocrx_word' id='word_1_549' title='bbox 0 0 1666 5474; x_wconf 95' lang='lat' dir='ltr'> </span> 
     </span>
    </p>
   </div>
  </div>
 </body>
</html>
