3316 5474
643 377 690 431 DE
711 377 1000 433 ORTHOGRAPHIA
1408 380 1470 442 135

169 567 198 622 in
227 581 255 622 ru
278 564 471 637 seprteatibus
495 565 512 621 b
541 567 589 623 rel
610 581 638 622 ni
667 568 753 639 reip
782 571 910 624 erectore
934 565 1032 623 Plinio
1061 571 1090 623 et
1114 565 1282 640 Papiriano
1313 572 1342 624 et
1367 566 1475 637 Probo,

170 677 201 727 ut
225 671 333 729 irubiho
357 671 481 730 iratrellis
505 679 574 748 etc.;
598 669 615 728 l.
634 668 660 728 X
683 689 710 749 p.
735 667 809 743 503,
836 667 875 731 16
899 689 1001 746 irriguo
1026 673 1116 732 n‘tms
1138 673 1258 745 quidem
1282 679 1311 731 et
1332 671 1474 746 Papiria·

168 794 225 835 nats
247 782 275 835 et
300 777 417 836 Prolem
440 784 501 835 torri
525 780 733 852 tartessiorum
757 780 835 836 turiei
862 780 967 837 dicuat
991 776 1100 851 fucere
1125 781 1340 853 praeteritum,
1367 778 1473 838 Chori-

166 885 230 943 sius
253 900 324 944 nero
348 886 427 942 tritri
448 891 583 951 teintona·
606 882 623 942 l.
648 881 700 942 Xll
725 901 752 961 p.
776 879 856 963 593,
883 880 922 943 13
948 887 1063 944 illiusee
1087 886 1209 944 istiusce
1228 886 1337 945 illucce
1360 888 1475 946 istucee

167 996 282 1050 ueteres
301 991 444 1048 dicebant
462 998 535 1049 teste
554 992 732 1064 Papiriano,
752 992 805 1064 oui
823 992 861 1050 de
878 992 1100 1066 ortliopraptiin
1124 992 1181 1051 hoe
1204 994 1341 1052 ostendit.
1379 993 1473 1069 etpri-

168 1094 224 1156 bus
248 1114 380 1175 eaquae
405 1095 536 1156 secundo
560 1096 624 1156 loco
648 1098 735 1174 posui
753 1095 789 1156 de
814 1115 834 1156 n
856 1096 955 1157 littera
979 1098 1008 1156 in
1033 1099 1181 1175 excerptis
1210 1117 1236 1176 p.
1261 1093 1347 1158 2293
1371 1097 1472 1175 legun·

166 1211 227 1282 tur;
256 1202 293 1262 de
322 1201 411 1262 verbo
440 1221 542 1278 streguo
571 1201 625 1263 alia
654 1205 877 1282 praecipiuntur
905 1223 933 1282 p.
962 1200 1063 1284 22953
1098 1203 1210 1282 reliqua
1241 1222 1257 1261 a
1286 1202 1472 1264 Cassiodorio

165 1310 273 1369 omissa
301 1318 378 1369 sunt.
416 1317 534 1387 praeter
557 1307 741 1368 Priscianum
765 1317 864 1368 autem
892 1316 922 1368 et
945 1307 1165 1369 Cassiodorium
1194 1291 1276 1368 certa
1306 1308 1342 1369 de
1372 1308 1472 1370 ortho-

164 1415 284 1494 graphia
303 1415 451 1494 Papiriani
473 1417 639 1475 testimonia
660 1433 718 1475 non
738 1408 857 1496 sunt*).
897 1432 992 1493 neque
1013 1415 1050 1475 de
1069 1400 1367 1493 aetate'grammatici
1386 1417 1470 1494 qnid-

164 1540 253 1601 quam
277 1531 404 1602 constat,
429 1523 485 1581 nisi
509 1521 587 1600 qnod
611 1528 679 1600 post
705 1520 850 1582 Donatum
875 1523 955 1583 vixit.

254 1628 312 1688 Sed
340 1628 374 1700 Ο,
398 1629 534 1707 Papirii
562 1629 680 1687 nornine
709 1629 870 1706 inscriptus
895 1629 991 1689 fertur
1020 1628 1118 1689 brevis
1143 1629 1373 1688 commentarius
1396 1629 1432 1689 de
1458 1638 1470 1690 t

164 1737 261 1797 littera
289 1753 357 1796 cnm
386 1733 471 1795 sibilo
500 1734 702 1814 pronuntiata,
730 1735 781 1812 qui
811 1735 842 1793 in
871 1743 969 1794 vetere
998 1734 1100 1795 codiee
1132 1733 1263 1794 Palatino
1291 1742 1359 1814 post
1387 1735 1469 1796 hlarii

165 1842 306 1903 Victorini
335 1840 426 1901 libros
454 1850 484 1901 et
515 1838 647 1900 libellum
674 1840 711 1899 de
739 1839 875 1900 finalibus
905 1839 1023 1920 syllabis
1051 1840 1176 1902 Maximo
1201 1839 1351 1901 Victorino
1381 1829 1467 1922 irrigo
1549 1919 1556 1929 1

163 1948 307 2011 tributum
326 1949 435 2026 legitur
453 1947 509 2007 hoc
529 1946 613 2006 titulo
633 1948 830 2026 praescripto,
854 1950 936 2024 incip
955 1956 977 2025 p
996 1952 1096 2023 perlati
1109 1936 1228 2025 porpirii
1245 1951 1466 2026 ortoopraptte

159 2057 294 2132 feliciter
312 2059 420 2117 lectori
438 2063 466 2115 et
484 2057 636 2130 scriptori.
666 2053 721 2114 hoc
740 2053 850 2133 Papirii
870 2055 1066 2133 fragmentum
1086 2057 1184 2135 igitur,
1205 2054 1283 2133 quod
1304 2055 1466 2117 Siehardus

161 2166 192 2224 in
216 2162 344 2223 editione
367 2160 528 2221 Basileensi
552 2180 576 2222 a.
603 2158 686 2221 1527
711 2180 746 2220 ex
771 2160 871 2222 codice
896 2161 1027 2223 Palatino
1052 2163 1157 2243 edidit,
1183 2181 1238 2241 ego
1261 2172 1329 2242 post
1353 2163 1466 2224 Cassio·

162 2271 238 2331 dorii
264 2278 404 2349 excerpta
431 2271 530 2348 posui,
564 2267 724 2328 Siehardus
756 2267 792 2328 ad
826 2268 1064 2349 orthographiam
1095 2269 1242 2349 Papiriam
1277 2270 1468 2331 referendum

162 2396 227 2438 esse
255 2379 396 2457 coniecit,
424 2394 548 2454 eamque
576 2376 745 2454 opinionem
774 2373 869 2454 nuper
896 2374 1108 2436 Brambachius
1136 2375 1172 2436 de
1201 2375 1390 2456 orthograph.
1418 2377 1467 2438 lat.

160 2503 188 2562 p.
212 2479 255 2545 55
278 2482 425 2563 probavit,
449 2484 586 2561 qnoniam
612 2499 660 2541 res
683 2479 719 2540 de
743 2498 801 2559 qua
825 2482 935 2562 agitur,
966 2484 1052 2542 cuius
1075 2483 1216 2543 memoria
1239 2492 1306 2544 ante
1330 2485 1466 2562 quintum

160 2589 312 2650 saeculum
330 2590 407 2669 apud
431 2590 638 2668 grammaticos
658 2605 717 2647 non
736 2595 830 2669 extat,
850 2587 886 2648 ab
906 2596 1001 2648 aetate
1021 2588 1168 2668 Papiriani
1186 2607 1246 2649 non
1266 2589 1360 2651 aliena
1378 2601 1465 2654 esset.

159 2698 301 2757 maiorem
321 2696 431 2775 Papirii
454 2694 561 2755 librum
580 2694 694 2754 decimo
715 2693 832 2754 saeculo
852 2696 882 2753 in
900 2694 1040 2755 Bobiensi
1064 2694 1242 2757 bibliotheca
1266 2698 1357 2758 luisse
1376 2706 1464 2760 testa·

160 2811 210 2863 tur
238 2802 325 2863 index
349 2801 483 2862 codicum
506 2800 697 2861 Bobiensium
720 2801 835 2861 decimo
863 2801 981 2863 saeculo
1010 2804 1140 2882 scriptus
1168 2803 1245 2882 apud
1268 2802 1463 2868 Muratorium

159 2911 249 2988 antiq.
272 2908 333 2969 Ital.
354 2928 378 2969 v.
393 2908 432 2969 lll
456 2929 483 2988 p.
499 2906 578 2989 820,
600 2911 710 2969 librum
733 2909 886 2969 Consentis·
909 2909 929 2967 I
947 2910 1056 2968 librum
1078 2910 1199 2984 Papirii
1221 2912 1259 2970 de
1282 2915 1427 2986 orrotooia
1448 2917 1467 2975 I

158 3017 269 3077 librum
294 3017 313 3075 I
340 3016 481 3076 Flauiani
507 3018 544 3076 de
568 3034 714 3076 consensu
738 3018 890 3075 nominum
913 3024 942 3075 et
966 3017 1133 3076 oerhorenr.
1175 3015 1303 3095 ‹lerrique
1326 3017 1463 3097 Peperini

159 3125 210 3201 qui
237 3120 347 3183 dicitur
375 3124 485 3182 mentio
509 3123 627 3200 saepius
657 3121 731 3181 laeta
755 3129 801 3181 est
827 3122 857 3180 in
889 3119 972 3180 libris
996 3120 1032 3181 de
1056 3130 1119 3181 arte
1142 3125 1330 3199 grammatica
1355 3123 1462 3185 indea
1508 3173 1512 3176 .

160 3247 238 3289 nono
267 3228 385 3290 saeculo
410 3230 545 3308 scriptis,
573 3247 590 3288 e
618 3226 727 3306 quibus
755 3227 897 3306 quaedam
926 3237 1078 3307 excerpta,
1110 3245 1185 3305 quae
1214 3227 1255 3288 illi
1288 3229 1462 3293 tribuuntur

159 3338 246 3415 posui
269 3336 305 3395 de
325 3353 445 3413 gramm.
466 3333 603 3414 quibusd.
623 3333 670 3394 lat
690 3334 740 3393 inl.
760 3340 845 3392 aetat.
865 3353 892 3412 p.
911 3330 960 3406 15,
980 3351 1054 3411 quae
1073 3333 1213 3413 Hagenns
1231 3335 1332 3395 anecd.
1348 3335 1461 3399 llelvet.
1505 3401 1508 3407 ,

159 3460 187 3519 p.
211 3439 309 3501 ectu
332 3443 421 3503 aurit.
458 3441 530 3501 hacc
558 3443 654 3500 omnia
685 3441 775 3518 igitur
803 3457 879 3517 quae
903 3438 1020 3518 Papirio
1044 3439 1087 3500 vel
1112 3440 1257 3520 Paperino
1288 3440 1462 3503 tribuuntur

161 3541 242 3628 (nam
268 3548 407 3627 frequens
431 3547 502 3608 haec
526 3550 678 3608 nominum
703 3533 825 3607 mutatio
849 3546 925 3625 apud
954 3550 1161 3626 grammaticos
1184 3527 1337 3609 inferioris
1357 3553 1461 3612 aetatis

246 3801 273 3869 *)
304 3800 447 3855 Permulta
474 3800 587 3868 quidem
613 3818 646 3855 ex
672 3799 824 3870 Papyriani
849 3800 928 3856 libris
953 3802 988 3855 de
1014 3801 1216 3871 orthographia
1240 3802 1329 3856 relata
1354 3805 1419 3856 sunt
1444 3820 1462 3858 a

158 3879 280 3935 Iohanne
300 3880 434 3935 Tortellio
453 3882 583 3936 Arretino
606 3881 635 3935 in
654 3881 860 3936 commentariis
878 3881 1070 3951 grammaticis
1088 3882 1123 3936 do
1142 3882 1344 3952 orthographia
1361 3881 1460 3937 dictio·

158 3977 225 4015 num
239 3978 255 4015 e
268 3960 376 4030 graccis
393 3962 545 4014 traciarum
559 3977 583 4015 a.
600 3967 667 4014 1471
688 3961 809 4030 primum
824 3960 914 4016 editis.
941 3978 1024 4030 quem
1043 3961 1147 4014 librum
1161 3961 1288 4016 Osannus
1306 3963 1335 4015 in
1349 3961 1460 4031 Apulei.

158 4039 193 4095 da
218 4040 342 4110 orthogr.
365 4039 452 4110 praei.
476 4057 502 4108 p.
526 4040 577 4094 XV
601 4043 631 4094 et
652 4058 679 4109 p.
699 4046 733 4093 30
756 4043 871 4109 propter
893 4041 962 4096 haec
984 4041 1046 4108 ipsa
1068 4040 1228 4110 fragmenta
1250 4057 1353 4110 magno
1376 4058 1460 4111 opere

157 4119 292 4175 laudavit.
329 4121 378 4174 sed
402 4137 487 4188 quam
510 4120 592 4173 fidem
611 4118 681 4172 haee
703 4119 862 4188 fragmenta
884 4119 1019 4188 habeant,
1044 4121 1112 4174 satis
1136 4120 1290 4175 existimari
1313 4124 1459 4190 potestur

159 4199 202 4255 his
220 4217 292 4270 qnae
311 4199 371 4270 ipse
390 4200 542 4255 Tortellius
566 4201 594 4255 in
613 4200 735 4270 epistula
752 4200 788 4254 ad
808 4200 955 4254 Nicolaum
974 4200 1108 4266 Quintum
1126 4201 1288 4270 pontificem
1307 4200 1412 4270 scripta
1431 4204 1460 4255 et

157 4279 337 4350 praelationis
355 4280 417 4335 loco
436 4281 462 4335 ei
485 4280 558 4336 libro
584 4281 738 4350 praemissa
756 4280 791 4334 de
814 4278 849 4331 iis
867 4277 976 4347 scribit,
998 4279 1232 4348 ‘Accepimusque
1251 4281 1320 4333 haec
1339 4279 1459 4348 primum

158 4376 191 4414 ex
217 4360 382 4430 fragmentis
408 4363 505 4417 decem
532 4360 666 4415 librorum
694 4359 857 4428 Papyriani:
886 4376 954 4427 quos
981 4360 1017 4413 de
1044 4357 1246 4428 orthographia
1273 4357 1396 4428 scripsit:
1426 4376 1459 4414 ex

158 4444 290 4511 quattuor
308 4441 387 4496 libris
406 4441 490 4496 Plinii
508 4441 543 4496 de
562 4443 623 4495 arte
642 4436 840 4510 grammatica:
860 4455 894 4491 ex
909 4437 991 4491 unico
1011 4438 1083 4493 libro
1098 4438 1210 4493 Rhemii
1228 4437 1404 4508 grammatici
1423 4438 1460 4494 do

157 4524 298 4591 potestate
320 4522 491 4577 litterarum:
516 4521 556 4575 nx
582 4521 663 4574 unico
683 4517 774 4588 Grylli
796 4515 868 4572 libro
891 4517 927 4571 de
950 4517 1110 4572 accentibus
1133 4518 1169 4572 ad
1194 4517 1356 4588 Virgilium:
1380 4517 1460 4572 cuius

156 4617 245 4670 parua
263 4600 421 4671 fragmenta
435 4601 634 4671 comperimus:
653 4600 694 4653 Ex
709 4599 812 4669 Capro:
832 4614 865 4652 ex
879 4597 1013 4652 Diomede
1030 4598 1065 4652 de
1084 4600 1147 4652 octo
1166 4597 1292 4667 partibus
1311 4596 1458 4653 orationis'

158 4683 210 4735 etc.
224 4679 355 4735 nimirum
370 4699 425 4737 non
440 4683 530 4737 minus
544 4682 611 4736 ficta
628 4681 698 4735 haee
713 4677 856 4748 Papiriani
872 4677 1116 4748 fragmentorum,
1137 4695 1221 4748 quam
1240 4694 1311 4747 quae
1325 4694 1360 4732 ex
1374 4677 1461 4732 Plinii

158 4759 203 4814 vel
216 4759 336 4814 Remmii
348 4762 524 4817 Palaemonis
538 4761 583 4816 vel
593 4759 686 4816 Grillii
700 4759 778 4814 libris
792 4775 821 4813 se
835 4758 975 4827 accepisse
989 4759 1141 4814 Torlellius
1155 4759 1308 4816 simulavit.
1329 4760 1460 4815 notitiam

157 4839 252 4892 autem
271 4855 364 4893 eorum
383 4841 517 4896 librorum
538 4839 662 4894 omnium
680 4837 716 4894 ab
735 4855 790 4894 uno
809 4837 950 4894 Prisciano
969 4842 1124 4910 acceperat.
