3316 5474
748 382 940 438 EXCERPTA
1432 377 1497 445 333

194 485 347 534 amum

196 568 366 631 trochaeum
391 617 398 630 .
422 572 465 631 sic
492 579 522 632 et
546 574 590 632 ud
615 569 669 630 alia
697 577 863 630 metrorum
891 588 1000 648 genera
1027 570 1164 648 proprios
1192 570 1342 648 pertinere
1371 567 1498 627 dicimus

194 677 312 758 pedes.
332 677 410 748 Quid
429 674 593 738 mensura?
629 676 703 736 Cum
726 684 797 756 puta
821 674 931 736 dicitur
955 693 1059 736 versus
1077 674 1217 736 heroicus
1236 677 1338 755 viginti
1357 680 1498 753 quattuor

195 784 305 846 babere
328 794 461 865 tempora
486 783 590 855 ,Quid
614 778 759 843 caesura?
791 782 951 864 caesurae,
975 781 1085 863 quibus
1107 800 1162 862 per
1185 784 1369 843 scansionem
1393 799 1498 842 versus

194 892 326 973 praecidi
345 901 520 974 noscuntur,
544 898 684 971 quattuor
703 899 782 972 suut,
801 889 831 950 id
850 897 896 951 est
914 889 1178 970 penthemimeres,
1195 881 1496 971 hephthemimeresl

160 1008 259 1076 pcata
288 1001 380 1060 triton
409 998 583 1078 trocbaeou,
609 995 744 1058 bucolice
761 1005 852 1057 vtome
881 1044 887 1056 .
917 996 998 1068 Quae
1026 1014 1063 1056 ex
1091 995 1138 1056 bis
1166 1013 1224 1074 quo
1252 993 1317 1056 loco
1344 1003 1498 1076 ponuntur

149 1150 152 1155 ι
195 1107 303 1169 edicito
332 1104 622 1166 ,Penthemimeres
654 1106 687 1166 lit
720 1121 858 1186 caesura,
890 1103 1028 1182 quotiens
1059 1111 1127 1182 post
1158 1102 1233 1163 druos
1265 1103 1357 1183 pedes
1388 1100 1498 1183 syllaba

196 1231 351 1274 remanens
374 1221 489 1292 partem
513 1215 653 1274 terminat
675 1212 832 1290 orationis,
856 1211 942 1271 utin
965 1208 1022 1270 hoc
1046 1227 1133 1270 versu
1158 1217 1217 1291 est,

352 1318 524 1397 panditur
547 1321 689 1381 interea
712 1319 838 1380 domus
861 1318 1123 1397 omnipotentis
1146 1315 1293 1397 Olympi.

194 1424 467 1506 hephthemimeres
489 1427 535 1509 iit,
558 1429 584 1488 si
607 1435 675 1508 post
697 1428 820 1487 tertium
843 1425 949 1505 pedem
973 1423 1109 1485 similiter
1132 1425 1182 1485 liat
1204 1426 1258 1505 ita,

154 1545 179 1584 1⁰
353 1531 436 1592 iude
460 1540 542 1593 toro
565 1542 667 1614 pater
690 1534 827 1594 Aeneas
851 1534 903 1593 sic
926 1550 1032 1593 orsus
1055 1530 1096 1591 ab
1119 1535 1204 1592 olto.

193 1646 257 1699 cata
281 1641 374 1700 triton
399 1640 558 1701 trochaeou
582 1641 629 1720 fit,
651 1641 790 1719 quotiens
813 1639 844 1699 in
869 1639 955 1698 tertia
978 1638 1100 1717 regione
1123 1636 1190 1698 talis
1209 1637 1343 1717 dactylus
1365 1640 1496 1720 ponitur,

193 1748 241 1807 cui
270 1749 295 1807 si
324 1746 457 1808 ultimam
488 1747 628 1828 syllabam
659 1746 838 1827 dempseris,
870 1742 1041 1827 trochaeus,
1074 1746 1124 1824 qul
1157 1763 1193 1805 ex
1227 1744 1342 1806 duabus
1374 1744 1497 1824 reliquis

193 1862 318 1936 constat,
342 1857 486 1917 oradouis
509 1855 685 1935 particulam
707 1854 772 1914 linit
794 1855 849 1933 ita,
1094 1831 1098 1846 ⁵

353 1978 433 2021 mors
457 1979 527 2022 ecce
551 1980 610 2023 nou
634 1960 730 2022 tardat
753 1970 783 2021 ct
806 1962 886 2021 omni
909 1958 1055 2020 adlabitur
1078 1958 1150 2021 bora
1173 2009 1180 2020 .

153 2080 178 2119 1⁵
193 2074 301 2128 tetarte
324 2065 458 2128 bucolice
482 2068 528 2148 lut,
551 2087 620 2130 cum
642 2070 673 2128 iu
697 2075 804 2147 quarto
827 2066 941 2147 dactylo
961 2065 1097 2127 similiter
1116 2066 1244 2129 accidit:
1259 2067 1348 2128 buius
1363 2067 1496 2147 exempla

353 2191 427 2253 quae
451 2193 507 2255 pax
530 2172 617 2255 longa
640 2176 796 2236 remiserat
818 2192 899 2235 arma
921 2192 1030 2234 novare
1053 2172 1209 2255 parabant,

353 2283 470 2342 sinum
494 2280 601 2344 lactis
625 2290 660 2343 et
681 2281 769 2343 haec
792 2290 826 2344 te
848 2280 920 2342 liba
942 2281 1072 2361 Priape
1096 2281 1293 2359 quotannis
1316 2327 1323 2339 .

193 2388 344 2468 Depositio
368 2388 438 2468 quid
462 2385 529 2450 est?
566 2388 641 2450 Cum
672 2389 740 2450 lluis
772 2406 877 2450 versus
904 2387 1110 2449 consideratur
1134 2435 1140 2448 .
1164 2387 1254 2448 buius
1282 2390 1398 2467 specics
1427 2397 1497 2450 suut

193 2503 347 2577 quattuor,
384 2495 413 2556 id
450 2503 497 2556 est
533 2496 685 2577 catalonis,
722 2496 893 2579 accideris,
926 2494 1190 2575 brachycatalexis,
1227 2482 1461 2575 bypercatalexis
1488 2542 1496 2556 .

152 2615 179 2654 ²0
193 2602 300 2664 barum
326 2603 402 2663 ratio
430 2601 496 2663 talis
520 2611 579 2664 est:
604 2596 609 2686 l
634 2606 806 2665 acatalexis
828 2611 883 2685 est,
907 2620 974 2664 curu
1003 2620 1109 2663 versus
1135 2601 1266 2681 legitimo
1294 2602 1366 2683 linc,
1393 2601 1422 2663 id
1451 2611 1495 2663 est

193 2708 281 2789 pleno
305 2717 473 2789 temporum
497 2728 635 2792 numero,
663 2712 853 2772 terminatur:
880 2709 1020 2771 catalexis
1047 2717 1106 2789 est,
1134 2727 1204 2770 cum
1230 2726 1290 2769 una
1312 2706 1421 2788 syllaba
1445 2711 1495 2770 uui

193 2817 301 2895 cuique
325 2823 420 2877 metro
440 2815 544 2877 deesse
564 2816 693 2878 videtur:
717 2815 969 2896 brachycatalexis
986 2824 1046 2897 est,
1068 2835 1137 2877 cum
1156 2814 1261 2895 pedem
1280 2817 1380 2877 miuus
1394 2814 1495 2878 babet:

193 2921 427 3002 hypercatalexis
451 2931 510 3004 est,
533 2941 602 2984 cum
624 2923 730 3003 pedem
754 2922 821 3004 plus
844 2931 895 2985 aut
918 2921 1057 3002 syllabam
1078 2921 1176 2983 habet.

705 3097 766 3163 Du
789 3095 978 3163 PEDIBVS

152 3247 180 3287 25
283 3224 340 3285 Pes
370 3225 440 3306 quid
469 3222 538 3287 est?
580 3226 760 3306 Compositio
792 3226 918 3288 duarum
951 3225 996 3287 vel
1028 3227 1120 3287 trium
1152 3235 1204 3286 aut
1236 3227 1324 3286 etiam
1357 3234 1494 3305 quattuor

193 3331 369 3412 syllabaurm
393 3334 557 3394 secundum
581 3335 725 3394 rationem
748 3334 795 3394 sol
819 3334 963 3412 cuiusque
992 3334 1088 3394 metri.
1133 3331 1247 3393 Pedum
1283 3350 1392 3412 genera
1424 3341 1496 3413 quot

193 3436 285 3501 sunt?
322 3438 387 3500 Duo
411 3488 417 3500 .
442 3440 524 3512 Quae
548 3435 640 3502 sunt?
674 3441 733 3501 tut
757 3441 836 3500 euim
865 3438 1014 3520 simplices
1041 3447 1112 3501 suut
1137 3439 1229 3520 pedes
1257 3447 1309 3500 aut
1331 3439 1494 3521 duplices.

237 3635 316 3766 3234
334 3630 383 3685 DE
406 3629 561 3685 PEDIBVS
585 3631 720 3685 Iulianus
741 3631 775 3686 de
794 3629 910 3700 pedibus
928 3646 960 3700 p.
978 3634 1018 3685 20
1035 3630 1076 3684 ed.
1095 3628 1185 3696 Rom„
1209 3645 1323 3699 monn.
1347 3631 1395 3684 lat.
1413 3646 1438 3686 o.
1472 3629 1494 3683 V

188 3725 218 3778 p.

283 3891 359 3946 laic
386 3893 416 3946 ct
441 3890 499 3946 alia
526 3892 554 3946 B
626 3889 732 3959 aquid
758 3905 884 3945 cessurae
913 3890 944 3944 R.
973 3904 1101 3944 cassurae
1123 3888 1151 3942 Β
1224 3895 1240 3942 4
1267 3886 1493 3958 pentimemerem

193 3970 403 4040 epbimemerem
433 3974 497 4026 cata
523 3972 607 4028 tritos
634 3971 763 4026 trocheus
788 3968 899 4024 buccoll
925 3970 1073 4037 ceptomen
1100 3967 1128 4021 Β
1201 3974 1217 4022 6
1240 3967 1450 4038 pentimemaris
1469 3967 1496 4022 Β

228 4058 245 4107 8
265 4051 410 4122 panditur]
434 4050 672 4121 Ver9.Acn.X1
728 4048 840 4118 olimpis
858 4048 886 4102 Β
940 4054 956 4102 9
976 4048 1196 4118 eptimerimares
1214 4064 1282 4103 corr.
1302 4047 1496 4118 epiemimcres

193 4130 221 4184 Β
295 4138 328 4187 10
346 4131 422 4202 inda]
447 4131 525 4202 Verp.
544 4131 613 4186 Aen.
633 4132 712 4187 112
767 4129 825 4184 alto
844 4146 893 4185 om.
912 4129 940 4183 Β
995 4136 1027 4184 11
1048 4129 1119 4185 Cato
1137 4129 1191 4184 uto
1209 4130 1319 4183 croceus
1337 4127 1365 4181 Β
1420 4133 1453 4182 12
1472 4127 1496 4181 si

194 4209 295 4264 ultim
320 4212 429 4280 syllaba
451 4212 514 4268 dem
538 4212 605 4268 seris
623 4211 651 4264 Β
725 4216 759 4264 14
781 4210 923 4265 adlabitur
946 4211 1008 4266 crab
1030 4213 1061 4265 et
1083 4213 1144 4265 arta
1167 4209 1260 4264 bucoli
1285 4224 1337 4262 con
1359 4207 1392 4260 fit
1414 4222 1448 4260 cn
1466 4206 1496 4260 in

195 4292 296 4357 quarto
318 4290 354 4346 Β.
379 4292 516 4347 bucolicen
539 4297 639 4358 unm,
666 4305 736 4360 quoe
762 4305 848 4357 cupra
870 4291 945 4347 dicta
960 4294 1018 4359 αι,
1046 4306 1107 4344 cum
1130 4305 1245 4344 cauum
1267 4281 1339 4341 κατὰ
1363 4284 1496 4355 τέταρτον

194 4374 325 4438 τροχαῖον
353 4372 395 4425 itu
422 4373 548 4437 confudit
573 4371 784 4441 prommaticus,
815 4375 847 4424 uc
877 4371 949 4426 bunc
975 4375 1090 4427 marten
1119 4369 1258 4425 bucolicen
1284 4368 1384 4422 diceret
1463 4371 1495 4421 15

194 4447 322 4517 exemplo
337 4448 365 4502 Β
421 4456 453 4504 16
472 4466 544 4519 quae
561 4449 631 4521 pax]
653 4449 759 4505 Terent.
775 4451 872 4506 Maur.
887 4455 957 4507 1701
974 4493 980 4504 .
995 4450 1084 4505 codem
1102 4449 1222 4519 exemplo
1240 4449 1286 4503 usi
1302 4451 1368 4502 aunt
1381 4447 1496 4502 Marius

200 4529 358 4584 Victorinus
376 4547 407 4598 p.
428 4533 473 4594 65,
491 4533 530 4583 25
548 4534 572 4584 et
590 4529 736 4585 Dionnedcs
758 4547 787 4598 p.
807 4535 901 4598 498,6
973 4547 1052 4585 mma
1073 4529 1150 4585 bona
1173 4528 1344 4597 reparabunt
1360 4527 1389 4581 B
1462 4533 1494 4582 1'1

194 4607 297 4679 sinum]
327 4608 404 4679 Verp.
430 4610 515 4664 bucol.
543 4616 569 4680 7,
588 4615 624 4666 33
695 4611 724 4663 be
750 4624 800 4663 osa.
824 4608 852 4662 Β
923 4610 1086 4681 quotannis]
1110 4608 1225 4666 coannis
1248 4609 1277 4663 B
1349 4614 1383 4663 19
1401 4607 1431 4663 id
1453 4612 1497 4664 est

194 4688 325 4745 catelexis
352 4689 573 4760 peracautalexis
599 4687 813 4746 bracicaialexis
840 4688 1023 4759 percaialexis
1050 4690 1150 4744 horum
1178 4689 1250 4746 ratio
1276 4687 1343 4744 talis
1367 4691 1410 4746 asi
1432 4707 1495 4745 cum

193 4786 289 4825 uersus
311 4770 439 4841 legitimo
463 4771 546 4826 finem
564 4771 592 4825 Β
663 4769 882 4826 attaminatur
905 4768 943 4824 ad
965 4768 1101 4824 catalexis
1124 4771 1167 4824 est
1183 4770 1211 4824 Β
1284 4777 1318 4826 22
1337 4788 1401 4827 cum
1423 4771 1494 4844 pede

193 4850 328 4905 terminus
346 4849 434 4906 habet
450 4851 478 4905 Β
549 4857 584 4906 27
604 4852 668 4907 sunt
680 4854 746 4922 posi
763 4865 836 4921 quae
853 4864 904 4906 om.
921 4848 959 4917 Β,
977 4849 1040 4905 odd»
1062 4848 1101 4904 Μ
