3316 5474
222 366 285 430 186
761 363 991 420 CASSIODORII

220 478 241 514 p.
256 467 310 506 asor
325 467 349 504 Ρ.

219 570 274 630 per
296 551 315 611 b
340 559 450 611 mutam
474 550 635 631 scribetur,
659 551 848 612 discretionis
871 553 976 630 gratia,
1001 550 1123 610 ideone
1148 569 1206 610 non
1231 551 1323 631 lorea,
1347 548 1398 609 sed
1422 551 1523 610 inelle-

219 657 293 718 biles
308 677 395 718 roces
409 659 573 718 denuntiet.
593 676 660 717 nam
676 660 768 737 siper
783 658 801 717 b
817 666 927 718 mutam
943 659 1122 737 enuntiatur,
1136 651 1246 739 θύρας
1265 650 1371 738 ἤγουν
1385 655 1525 719 πυλῶνα

218 758 383 847 λαμπρόν,
406 785 497 846 perv
520 765 687 844 digammon
706 765 807 826 ultima
832 765 945 826 scilicet
963 764 1085 844 syllaba,
1108 764 1144 824 de
1164 783 1220 843 qua
1240 767 1410 826 etiamnunc
1428 766 1524 844 loqui·

219 890 299 954 mur,
322 865 381 946 τὰς
403 864 527 946 ψελλοῖς
549 874 706 951 significat:
734 872 856 933 Persius
880 867 996 932 ‘balva
1025 872 1066 932 dc
1090 890 1172 932 uare
1200 866 1368 932 locutus'.
1405 873 1524 932 sivero

217 977 302 1059 liaeo,
325 978 355 1038 id
379 987 426 1040 est
449 979 471 1059 l,
495 998 552 1040 uon
577 979 760 1059 praefulgeat
782 979 880 1040 littera
904 979 949 1040 vel
973 999 1008 1040 ex
1030 997 1088 1040 una
1107 979 1199 1040 vocali
1223 986 1329 1040 natura
1352 979 1437 1058 longa
1461 995 1550 1040 nona

217 1087 275 1145 erit
298 1086 491 1167 paenultima,
515 1086 533 1146 b
557 1094 668 1147 mutam
692 1085 834 1146 decenter
856 1088 888 1146 in
912 1076 1060 1166 scriptura
1083 1084 1208 1167 tenebit,
1230 1087 1271 1146 ita
1294 1093 1392 1146 tamen
1415 1087 1441 1146 si
1464 1104 1525 1146 uon

218 1211 234 1250 a
254 1192 416 1253 masculino
435 1212 544 1272 genere
564 1195 682 1253 nomina
702 1194 813 1254 luerint
832 1194 969 1273 figurata,
992 1201 1025 1254 ut
1048 1191 1139 1252 lrerba
1159 1192 1228 1253 tuba
1248 1192 1336 1253 turba
1354 1192 1424 1252 iuba
1442 1192 1524 1253 larba

219 1298 324 1374 barba,
344 1300 419 1360 obba
438 1293 609 1382 ποτήριον,
628 1301 742 1386 glaeba,
763 1300 911 1380 pronuba,
930 1300 1009 1360 orba.
1043 1302 1231 1378 excipiuntur
1250 1308 1367 1360 caterva
1385 1299 1525 1381 llllnerva,

217 1424 292 1484 qrrae
317 1406 526 1487 disyllaborum
551 1407 639 1469 huius
664 1407 782 1486 regulae
804 1408 974 1485 superantia
994 1424 1151 1467 numerum
1174 1406 1282 1467 habeut
1306 1405 1423 1485 longam
1446 1408 1523 1486 prosi·

221 1516 300 1574 tione
325 1514 542 1594 paenultimam.
1541 1531 1566 1569 ιο

310 1695 322 1739 1
343 1686 498 1742 ineffabiles
513 1704 595 1743 uoces
613 1690 640 1742 A
660 1687 802 1742 ineffabile
817 1704 899 1742 noces
914 1686 938 1739 G
954 1685 1093 1742 ineffabile
1108 1687 1185 1742 noeis
1201 1687 1229 1741 Β
1286 1693 1386 1740 anam
1402 1684 1425 1740 ai
1443 1686 1526 1754 perb

216 1769 325 1822 mutam
344 1767 474 1822 enuntiat
491 1763 1013 1827 erraturorunrnountmnrou
1034 1784 1116 1836 pern
1130 1767 1293 1838 digammon
1308 1765 1437 1819 ultimam
1452 1765 1525 1818 scili-

216 1850 261 1901 cet
278 1847 417 1916 syllabam
431 1848 466 1903 de
480 1866 536 1917 qua
551 1851 581 1903 et
597 1867 671 1903 nunc
690 1849 831 1917 loquimur
844 1842 1004 1905 TdUellas
1023 1846 1164 1916 significat
1182 1846 1292 1901 Persius
1310 1846 1396 1900 ualba
1413 1844 1524 1900 locutus

215 1928 250 1981 da
261 1926 360 1981 naresi
371 1930 474 1983 ueroB
489 1947 554 1983 nam
568 1931 645 1999 perb
660 1931 768 1983 mutam
782 1927 943 1982 enuntiatur
957 1922 1179 1985 ΕΥΡὰΕΝΤΟΥΝ
1196 1922 1523 1985 ΡΥΛΕΟΝΛΛὸΜΠΡΟΝ

216 2023 266 2074 per
284 2024 302 2058 n
325 2007 452 2062 uoculem
476 2009 538 2063 loco
562 2009 741 2064 consonantis
765 2008 864 2063 ultima
888 2008 997 2077 syllaba
1020 2008 1055 2062 de
1078 2010 1181 2077 quaet
1204 2025 1277 2062 nune
1299 2008 1441 2077 loquimur
1458 2008 1523 2062 ΤΛ(

215 2086 312 2140 Vellas
336 2086 477 2156 significat
493 2087 605 2142 Persius
628 2088 714 2143 aalba
737 2090 771 2143 de
795 2103 861 2142 nare
884 2087 1017 2156 loquutus
1037 2087 1061 2141 si
1079 2103 1145 2142 nero
1164 2088 1191 2140 A
1214 2087 1287 2141 Nam
1310 2105 1361 2158 per
1378 2089 1397 2143 b
1416 2085 1523 2142 mutam

216 2167 352 2221 enuntiat.
386 2168 415 2222 Si
434 2185 500 2224 uero
521 2169 554 2237 0,
573 2187 638 2224 nam
657 2170 680 2224 si
698 2163 793 2237 θύρας
811 2161 829 2238 ἢ
848 2162 898 2223 τὸν
917 2168 1025 2222 maldra
1044 2163 1212 2238 ἀμφίθυρον
1231 2168 1411 2239 significabit,
1438 2185 1487 2237 per
1506 2185 1523 2221 v

216 2247 378 2316 digammon
397 2247 527 2302 ultimam
545 2249 654 2304 scilicet
678 2249 828 2318 syllabam,
852 2249 886 2303 de
906 2264 961 2316 qua
980 2251 1008 2302 et
1026 2265 1099 2301 nunc
1123 2248 1264 2317 loquimur
1282 2248 1425 2304 scribetur.
1458 2248 1522 2301 Per·

216 2325 274 2380 sius
292 2326 377 2380 balva
395 2327 430 2381 de
449 2344 515 2383 nare
534 2328 651 2385 loeutus.
681 2329 789 2384 sivero
809 2328 907 2382 Correo
997 2333 1013 2381 5
1036 2326 1119 2398 haee]
1144 2329 1180 2384 .h.
1199 2330 1226 2383 Β
1317 2327 1413 2383 littera
1438 2327 1525 2397 perh

219 2408 327 2462 mutam
352 2406 508 2460 scribentur
531 2409 576 2462 uel
600 2426 634 2462 ex
658 2427 713 2464 una
731 2410 758 2461 Β
841 2406 983 2468 dtenebit
1000 2407 1093 2461 locum
1107 2425 1125 2460 u
1144 2409 1186 2462 ita
1203 2411 1297 2463 tamen
1315 2408 1342 2461 Β
1425 2407 1527 2462 'liuba

216 2489 308 2559 larba]
333 2488 411 2543 iubal
435 2487 504 2541 arba
522 2488 580 2542 Bc
600 2489 667 2543 iuba
685 2491 754 2544 arba
772 2489 812 2556 A,
831 2488 912 2542 larba
929 2481 1079 2556 δαιμόνιον
1099 2489 1213 2542 editores
1302 2495 1318 2542 8
1342 2487 1430 2541 barba
1452 2487 1526 2540 obba

215 2570 393 2623 ῘΙΟΤΗΡΙΟΝ
419 2568 503 2636 gleba
520 2569 547 2622 Β
571 2569 659 2623 barba
682 2569 755 2623 abba
777 2569 938 2622 ΠΟΙΝΡΙΟΝ
963 2567 1047 2637 gelba
1070 2569 1096 2620 A
1122 2567 1210 2622 barba
1233 2566 1307 2621 abba
1330 2566 1456 2637 gelbaO
1541 2587 1552 2605 ·

217 2647 335 2716 dquae]
355 2646 474 2715 quodG
544 2652 678 2716 superant
696 2667 841 2703 numerum
860 2647 952 2701 ABG
1021 2647 1181 2716 habentque
1200 2649 1227 2700 A

224 2796 312 2804 ...υ-
643 2798 937 2803 -----—---——-.——-
968 2798 1038 2803 .—--

670 2897 854 2952 MARTYRII
872 2896 920 2951 DE
940 2897 962 2950 B
981 2897 1028 2951 ΕΤ
1048 2897 1073 2950 V

217 3074 320 3124 natura
355 3064 448 3143 longa.
468 3065 497 3124 in
531 3063 709 3142 paenultima
743 3066 848 3145 brorit,
879 3084 934 3144 per
962 3084 978 3121 v
1006 3064 1173 3143 digammon
1203 3063 1364 3143 scribetur,
1391 3070 1426 3122 ut
1453 3062 1524 3122 silva

216 3171 308 3231 malva
328 3169 406 3230 calva
426 3189 480 3229 nra
500 3170 588 3251 oliva,
612 3178 729 3249 praeter
752 3171 853 3231 balbas
860 3219 869 3252 ,
893 3173 917 3230 si
941 3178 1038 3230 tamen
1063 3173 1145 3249 prior
1164 3170 1273 3249 syllaba
1296 3188 1350 3248 per
1370 3169 1388 3228 b
1413 3175 1523 3228 inritam

216 3276 378 3357 scribetur,
401 3277 590 3337 discretionis
613 3281 719 3357 gratia,
744 3278 810 3338 ideo
829 3297 866 3337 ne
885 3297 945 3338 nou
964 3286 1023 3338 tam
1043 3278 1123 3337 sores
1142 3295 1230 3355 quam
1254 3274 1417 3337 incllabiles
1437 3294 1524 3335 voces

216 3385 400 3444 denuntient.
433 3402 500 3443 nam
519 3403 573 3463 per
592 3383 610 3444 b
631 3395 741 3445 mutam
761 3387 930 3445 errrintiatae
949 3376 1059 3466 θύρας
1077 3376 1184 3463 ἤγουν
1203 3381 1341 3445 πυλῶνα
1360 3374 1524 3463 λαμπρόν,
1563 3391 1567 3394 ’

216 3509 270 3570 per
294 3510 310 3548 ι
334 3489 500 3568 digammon
524 3490 626 3552 ultima
650 3492 763 3552 scilicet
788 3491 909 3571 syllaba,
933 3491 968 3551 de
993 3509 1050 3569 qua
1069 3492 1157 3551 etiam
1181 3509 1260 3551 mum
1283 3489 1442 3568 loquimur,
1465 3481 1551 3559 triga

216 3589 341 3671 ψιλλάς
364 3597 543 3675 significant:
568 3597 688 3657 Persius
713 3593 830 3657 ‘balva
854 3596 895 3657 de
919 3615 1004 3657 nare
1028 3592 1196 3658 locutus'.
1233 3598 1259 3656 si
1282 3615 1351 3656 rero
1379 3595 1465 3676 haec,
1494 3595 1523 3654 id

217 3712 263 3763 cst
285 3703 308 3782 l,
331 3721 391 3762 non
414 3701 598 3781 praefulgeat
620 3703 717 3763 littera
739 3703 781 3763 vol
801 3723 836 3763 er
857 3723 913 3764 ιιιιιι
933 3704 1024 3764 vocali
1045 3713 1149 3765 natura
1172 3703 1258 3783 longa
1277 3722 1336 3763 non
1356 3705 1414 3763 erit
1436 3720 1524 3783 paen

217 3808 334 3889 ultima,
357 3808 376 3868 b
402 3818 511 3869 mutam
531 3809 672 3870 decentor
690 3812 721 3870 in
741 3811 888 3889 scriptura
912 3810 1040 3884 tenebit,
1063 3813 1102 3871 ita
1123 3813 1263 3870 tamensi
1287 3829 1345 3870 non
1370 3828 1386 3868 a
1411 3827 1523 3869 mascu-

216 3914 276 3976 lino
300 3934 409 3994 genere
431 3919 548 3976 nomina
573 3917 684 3977 luerint
707 3917 844 3997 figurata,
867 3927 901 3978 ut
922 3917 1014 3978 herba
1039 3917 1109 3978 tuba
1132 3914 1218 3977 turba
1242 3915 1324 3997 iuba,
1346 3915 1428 3975 larba
1453 3913 1523 3975 dur-

216 4014 346 4102 μόνιον,
361 4021 460 4103 barba,
474 4021 548 4082 obba
564 4016 734 4106 corripior,
750 4023 860 4105 glaeba,
879 4024 1021 4104 pronuba.
1050 4026 1240 4104 excipiuntur
1254 4032 1369 4083 caterva
1385 4022 1524 4100 Minerva,
1541 4040 1564 4076 m

217 4130 285 4208 quia
309 4127 518 4207 disyllaborum
542 4129 630 4190 liuius
650 4130 769 4210 regulae
789 4133 957 4210 superantia
977 4149 1134 4191 numerum
1159 4130 1289 4191 habuere
1308 4129 1425 4207 longam
1444 4130 1521 4209 posi-

217 4237 295 4296 tione
319 4234 537 4315 paenultimam.

306 4341 346 4402 Ve
371 4340 480 4420 syllaba
503 4350 640 4422 correpta
663 4363 718 4423 per
741 4363 758 4401 v
781 4343 948 4422 digammon
972 4345 1036 4404 siue
1059 4344 1150 4405 dubio
1174 4343 1336 4423 scribetur,
1365 4343 1426 4401 sire
1450 4360 1466 4400 a
1491 4362 1522 4401 so

289 4520 302 4565 1
330 4516 360 4567 ut
383 4516 448 4568 sunt
472 4513 544 4567 silva
566 4513 661 4568 malva
682 4513 766 4568 valva
789 4514 870 4568 calva
893 4531 949 4568 uva
972 4514 1045 4569 stiva
1067 4515 1142 4570 oliva
1165 4515 1254 4570 saliva
1274 4515 1302 4569 P
1388 4520 1404 4568 2
1429 4514 1522 4585 calva]

218 4593 299 4648 clava
317 4593 350 4645 N
419 4601 434 4647 3
459 4611 494 4648 ne
517 4610 571 4647 non
593 4593 668 4648 sores
691 4609 776 4662 quam
798 4594 950 4649 ineffabilis
972 4594 1049 4648 vocis
1072 4596 1237 4650 denuntient
1259 4597 1346 4650 Nae
1370 4611 1426 4648 non
1452 4594 1524 4648 lores

216 4692 300 4745 quam
319 4675 460 4730 ineffavile
478 4674 555 4730 vocis
574 4673 720 4729 denuntiet
738 4673 766 4727 P
823 4674 987 4728 bultimam
1006 4675 1114 4730 scilicet
1130 4675 1267 4744 syllabam
1286 4676 1351 4729 NP
1403 4682 1419 4730 6
1438 4676 1545 4746 signi·-

216 4757 283 4810 ficat
302 4755 330 4807 P
397 4754 492 4823 balva]
518 4754 594 4807 Pera.
613 4759 664 4808 sat.
683 4760 709 4819 1,
728 4758 764 4808 33
844 4755 924 4809 ”ivel
942 4773 976 4810 ex
994 4773 1050 4810 una
1069 4756 1097 4809 P
1114 4772 1150 4810 an
1169 4773 1202 4810 ex
1221 4773 1277 4810 uua
1295 4755 1328 4810 N
1403 4761 1435 4810 12
1455 4773 1524 4826 pen·

216 4834 333 4891 ultimae
351 4833 383 4887 N
454 4841 486 4887 13
505 4833 659 4889 scribentur
677 4835 740 4888 NP
