3316 5474
166 370 232 433 440
657 371 833 426 ARVSIANI
852 371 973 427 MESSII

164 554 270 634 libros,
294 554 330 616 de
354 554 463 635 qrrihus
486 573 576 635 supra
599 575 627 635 p.
647 552 689 617 39
713 566 743 618 et
765 575 793 636 p.
816 554 878 619 136
902 557 1014 617 dictum
1039 563 1097 636 cst,
1120 554 1334 618 hichrusiani
1355 557 1490 619 liberio

166 661 297 722 codicem
330 661 605 742 Neapolitanum
629 661 666 722 lV
689 665 712 723 Α
737 662 787 744 11,
820 665 870 743 qui
894 663 963 724 olim
991 662 1140 725 Parrhasii
1169 663 1237 744 tuit,
1272 667 1489 746 transcriptus

165 778 211 830 est
234 817 241 830 .
264 771 290 830 is
312 778 410 830 autem
434 778 502 848 post
524 768 616 849 Longi
641 777 671 830 31
689 768 821 849 Martyrii
845 769 936 831 libros
960 779 990 831 31
1012 769 1154 831 catholica
1173 770 1264 831 Probi
1290 770 1411 851 legitur
1436 774 1487 853 ito,

275 878 408 937 Cornelii
430 878 591 936 Frontonis

167 967 279 1043 Incipit
301 967 450 1027 drusiani
480 969 569 1026 messi
590 964 638 1026 a'e.
662 963 699 1028 or
722 969 837 1028 comitis
857 969 952 1043 primi
973 969 1091 1028 ordinis
1114 970 1252 1045 exempla
1276 962 1483 1053 elocutioni!

166 1074 216 1134 Ex
245 1073 376 1149 l'erpilio
400 1074 532 1134 Salustio
560 1072 699 1134 Terentio
730 1073 875 1134 Cicerone
903 1076 1020 1149 dipesta
1047 1093 1105 1151 per
1137 1076 1255 1135 litteras
1275 1075 1281 1148 1
1302 1076 1482 1138 Abundans

167 1182 248 1240 illins
289 1182 338 1240 rei
379 1212 420 1220 -
462 1158 707 1241 aduoluebontar
750 1227 757 1240 .
799 1182 877 1241 idern
918 1227 924 1239 .
962 1188 1092 1240 extrema
1125 1179 1193 1240 libri
1228 1199 1312 1263 pars,
1352 1184 1384 1243 in
1421 1200 1479 1263 qua

164 1286 241 1346 haud
266 1284 355 1347 dubie
379 1285 416 1347 de
440 1285 658 1348 elocutionibus
682 1285 719 1346 ab
741 1284 765 1343 V
788 1285 885 1347 littera
910 1285 1120 1367 incipientibus
1143 1286 1214 1347 olim
1244 1287 1331 1368 plnra
1362 1291 1479 1370 scripta

165 1402 264 1473 crant,
305 1411 372 1454 eorm
410 1392 629 1473 subscriptione
666 1393 785 1454 deiectu
823 1392 1074 1475 membranarum,
1116 1403 1149 1454 ut
1185 1394 1316 1475 videtur,
1360 1396 1477 1458 codicis

165 1500 319 1562 bobiensis
342 1502 432 1580 periit
451 1550 457 1562 .
476 1502 631 1581 inscriptio
655 1499 747 1561 rubro
770 1499 883 1582 colore,
907 1499 959 1561 sed
983 1500 1086 1560 eadem
1109 1519 1196 1562 manu
1220 1510 1309 1581 atque
1334 1521 1371 1564 33
1396 1523 1475 1584 quae

165 1606 271 1668 deinde
300 1616 466 1687 sequuntur
494 1609 604 1686 scripta
628 1615 675 1667 est
702 1654 709 1668 .
738 1605 867 1667 Cornelii
894 1607 1052 1669 Frontonis
1082 1626 1201 1688 quoque
1234 1627 1358 1692 nomen,
1391 1611 1473 1691 quod

165 1716 277 1775 nomini
300 1716 437 1774 Arusiani
461 1715 697 1794 superscriptum
721 1723 781 1794 est,
808 1713 930 1774 eandem
955 1717 1132 1794 scripturam
1161 1715 1262 1776 refert.
1309 1717 1473 1779 lannellius

165 1822 285 1902 catalog.
305 1821 437 1883 biblioth.
456 1820 503 1881 lat
525 1823 556 1881 in
576 1838 636 1899 reg.
655 1820 744 1900 Neap.
764 1839 840 1881 mus.
859 1820 986 1881 borbon.
1004 1839 1032 1900 p.
1050 1818 1091 1883 10
1105 1823 1139 1881 Α.
1159 1824 1292 1884 Cornelii
1305 1825 1472 1885 Frontonis

165 1928 311 2009 exhibuit,
345 1938 375 1990 et
403 1929 540 1989 videntur
569 1930 657 1988 unius
685 1927 800 1989 litterae
829 1930 950 2008 vestigia
978 1938 1047 1990 ante
1079 1931 1212 1991 Cornelii
1238 1930 1342 1991 relicta
1372 1950 1471 1993 esse.

165 2037 311 2097 Gustatus
326 2036 531 2115 lucrgensins,
554 2038 604 2114 qui
628 2033 737 2095 librum
761 2037 790 2095 in
815 2054 913 2096 meum
933 2054 1020 2096 usum
1040 2055 1108 2096 cnm
1127 2037 1255 2097 editione
1274 2036 1472 2100 Lindemanni

166 2143 303 2217 contulit,
328 2161 395 2204 enm
414 2161 430 2201 a
449 2141 565 2202 duobus
589 2142 758 2202 hominibus
781 2145 925 2222 scriptum
950 2162 1014 2204 esse
1038 2142 1111 2203 mihi
1135 2143 1379 2206 indicationem
1402 2155 1472 2227 post

165 2249 361 2309 elocutionem
382 2252 446 2320 fine
470 2251 550 2309 illins
573 2252 681 2309 rei-
701 2246 1084 2328 merep231edbind.
1108 2250 1253 2312 diversam
1277 2271 1293 2312 a
1316 2253 1471 2333 prioribus

165 2373 230 2415 esse
255 2353 412 2415 scribentis
437 2373 555 2415 manum
580 2373 703 2435 eamque
727 2355 927 2418 diversitatem
951 2360 981 2417 in
1006 2376 1040 2418 eo
1065 2376 1183 2437 quoque
1207 2378 1365 2440 apparere,
1389 2361 1470 2441 quod

164 2460 232 2522 inde
257 2460 292 2520 ab
315 2460 364 2521 illo
389 2461 453 2521 loco
476 2469 646 2522 constanter
677 2463 764 2538 Verp.
788 2463 985 2545 scriberetur,
1009 2484 1076 2525 cum
1101 2474 1185 2526 antea
1216 2467 1297 2542 Virp.
1322 2470 1471 2547 scriptum

165 2579 245 2629 osset
267 2616 274 2629 .
297 2578 451 2648 praetcrea
478 2586 571 2648 pauca
598 2588 625 2648 p.
649 2565 715 2630 215
743 2573 957 2632 circumventis
972 2605 1012 2613 —
1028 2575 1166 2647 misitque
1188 2575 1243 2634 sab
1267 2591 1386 2636 amnem
1414 2575 1470 2637 3113

165 2693 268 2761 manu,
291 2685 379 2755 atque
417 2675 529 2754 reliqna
567 2678 677 2755 scripta
715 2695 780 2738 esse
817 2678 967 2740 adnotavit
998 2727 1005 2739 .
1038 2681 1186 2758 scriptura
1223 2688 1321 2741 autem
1359 2684 1471 2742 veteris

165 2782 331 2864 archetypi,
355 2802 390 2843 ex
414 2802 473 2862 qno
497 2783 589 2843 codex
614 2782 782 2864 descriptus
806 2794 882 2866 erat,
910 2787 951 2846 ita
979 2788 1009 2846 in
1039 2804 1073 2845 eo
1098 2795 1317 2867 repraesentata
1341 2797 1402 2868 est,
1438 2797 1471 2850 ut

165 2891 285 2948 vitiosae
316 2888 458 2949 lectiones
491 2898 628 2950 accurate
662 2898 870 2969 repeterentur
900 2899 988 2971 atque
1021 2910 1055 2951 ea
1087 2895 1175 2954 etiam
1209 2912 1283 2974 qnae
1317 2903 1470 2974 tamquam

165 3004 305 3075 corrupta
325 2995 420 3056 tribus
439 2998 559 3076 punctis
579 3014 668 3075 supra
683 2999 788 3076 positis
803 3007 901 3058 notata
916 3007 1001 3059 erant
1015 2998 1119 3060 eodem
1134 3001 1220 3060 modo
1236 3000 1470 3064 exhiberentur.

164 3122 257 3184 pauca
281 3105 310 3164 in
335 3105 428 3182 prima
453 3105 600 3183 scriptura
624 3112 758 3164 correcta
782 3104 827 3165 vel
850 3103 947 3166 addita
971 3114 1042 3166 sunt
1065 3154 1071 3166 .
1095 3106 1147 3167 sed
1171 3126 1204 3168 ea
1228 3110 1325 3168 omnia
1349 3108 1412 3169 lere
1432 3108 1470 3170 ab

165 3210 269 3271 codem
301 3209 434 3290 librario,
467 3212 519 3289 qui
552 3228 622 3271 suos
655 3229 773 3271 errores
806 3213 869 3290 ipse
902 3221 1086 3286 correxerat,
1118 3213 1250 3292 proiecta
1283 3223 1365 3292 sunt3
1400 3234 1470 3277 raro

164 3318 286 3379 alterius
315 3335 418 3378 marrus
446 3319 476 3375 in
505 3316 562 3377 illis
595 3326 716 3397 apparet
744 3367 751 3379 .
781 3327 914 3379 ceterum
948 3319 1035 3380 verba
1068 3323 1251 3398 grammatici
1283 3323 1322 3380 ita
1355 3324 1470 3402 scripta

164 3433 247 3502 sunt,
280 3433 314 3485 ut
345 3424 381 3484 ah
415 3442 472 3484 333
501 3442 617 3503 qtraquc
647 3423 814 3486 elocutione
842 3428 909 3486 novi
935 3445 1038 3487 versus
1061 3429 1177 3488 initium
1207 3417 1270 3507 bat,
1304 3427 1470 3509 eademque

165 3534 260 3611 ipsius
282 3530 434 3611 archetypi
458 3532 533 3591 ratio
559 3530 621 3590 tuit.

254 3655 349 3716 Huius
377 3655 487 3715 codicis
515 3655 715 3734 apographum
745 3666 790 3716 est
818 3656 892 3717 alter
915 3657 1062 3719 Parrhasii
1091 3659 1197 3739 codex,
1230 3663 1280 3739 qui
1312 3679 1393 3722 nunc
1422 3673 1471 3725 cst

165 3761 426 3841 Neapolitanus
450 3759 491 3820 lV
511 3762 532 3820 Α
560 3759 618 3841 12,
644 3765 674 3822 13
694 3780 751 3840 quo
767 3764 904 3823 drusiani
918 3763 992 3824 liber
1012 3767 1083 3825 item
1102 3776 1170 3845 post
1183 3766 1275 3846 Longi
1291 3776 1321 3828 31
1334 3767 1470 3849 blartprii

165 3868 256 3929 libros
280 3869 409 3946 scriptus
433 3877 480 3927 331
503 3915 509 3927 .
533 3887 600 3928 nam
620 3869 709 3930 Probi
733 3869 874 3930 catholica
898 3873 929 3931 in
953 3891 988 3932 eo
1008 3875 1118 3952 scripta
1143 3892 1201 3933 non
1225 3882 1294 3934 sunt
1314 3921 1320 3934 .
1340 3878 1468 3958 inserip-

164 3977 276 4036 tioncm
299 3973 335 4033 ab
360 3992 395 4033 eo
419 3975 469 4052 qni
489 3975 690 4054 apographum
709 3975 820 4036 lecerat
839 3979 975 4038 omissam
995 3987 1096 4057 postea
1116 3980 1291 4041 Parrhasius
1311 4000 1346 4041 ex
1366 3986 1469 4061 priore

165 4081 267 4143 codiee
290 4080 414 4161 addidit,
443 4083 592 4141 drusiani
615 4082 709 4143 illessi
729 4080 769 4143 n‘c
793 4131 800 4142 .
825 4102 869 4144 or.
893 4087 1008 4146 comitis
1034 4089 1131 4162 princi
1152 4090 1269 4148 ordinis
1297 4095 1436 4165 exempla
1463 4085 1467 4175 1

165 4193 364 4251 elocutionum
388 4207 427 4248 33
458 4188 538 4263 l’irp.
563 4190 701 4249 Sallust.
724 4188 858 4251 Terent.
881 4193 977 4253 Cicer.
1002 4196 1119 4268 dipestu
1143 4213 1201 4270 per
1224 4198 1367 4255 litteras.
1388 4196 1469 4258 idem

164 4299 195 4357 in
228 4298 359 4374 margine
397 4295 545 4355 adnotavit
581 4294 668 4375 haec,
705 4299 864 4371 drusiani,
903 4318 921 4358 n
954 4302 1133 4374 poribusdnrn
1169 4303 1361 4361 subditotum
1398 4315 1470 4365 erut

169 4405 302 4463 Cornelii
324 4403 485 4462 Frontonis
510 4404 643 4478 improbe
667 4450 672 4460 .
698 4421 731 4462 ex
757 4406 856 4482 priore
885 4413 983 4465 autem
1006 4406 1154 4467 Parrhasii
1189 4408 1305 4486 codice,
1337 4427 1396 4469 non
1431 4430 1468 4472 ex

163 4512 228 4588 ipso
252 4509 411 4587 archetypo
436 4508 514 4568 hunc
538 4507 719 4587 descriptum
744 4528 823 4590 esse,
847 4510 875 4570 id
901 4511 978 4591 quod
1004 4512 1039 4572 de
1060 4512 1139 4573 Velio
1159 4513 1259 4592 Longo
1283 4533 1372 4593 scopora
1397 4517 1469 4592 dixi,

95 4664 99 4669 .
164 4617 194 4673 in
219 4616 354 4674 drusiani
379 4633 497 4694 quoqne
522 4613 597 4674 libro
621 4614 755 4693 plurimis
780 4620 1012 4698 certissimisque
1041 4619 1158 4681 indiciis
1182 4640 1324 4701 apparere
1348 4621 1468 4687 duobus

165 4719 317 4780 codicibus
350 4723 427 4781 inter
456 4740 487 4780 33
516 4720 629 4780 33113113
658 4721 729 4781 mibi
758 4725 941 4786 confirmavit
969 4726 1159 4805 luergensins
1187 4776 1193 4789 .
1223 4728 1274 4787 sed
1308 4731 1470 4815 scriptura,

166 4845 240 4905 qttae
264 4846 298 4885 ex
324 4825 416 4886 altero
440 4827 542 4887 codice
566 4838 702 4887 accurate
728 4833 853 4909 repetita
877 4840 954 4911 crat,
977 4843 1079 4912 postea
1104 4834 1203 4895 multis
1225 4835 1298 4896 locis
1322 4840 1431 4912 partim
1451 4861 1468 4901 3
