3316 5474
225 363 291 427 290
823 365 944 419 BEDAE

227 475 248 512 p.
263 466 323 506 sooo.
340 469 349 504 1
366 465 391 503 r.

226 551 385 630 significat;
414 558 443 610 at
466 549 543 609 soles
574 550 654 628 ipsos
678 549 742 609 tlies
766 552 966 629 nominamus,
994 552 1024 609 in
1049 547 1158 627 quibus
1181 545 1225 606 sol
1253 555 1349 606 totum
1379 544 1538 605 inluminat

226 656 335 735 polum.
377 675 436 716 non
466 654 538 715 nulli
567 662 666 715 tamen
695 664 828 717 veterum
863 659 926 736 ipsa
954 657 1084 716 earmina
1114 653 1192 714 soles
1220 655 1423 731 nominavere,
1458 654 1539 711 sicut

226 761 365 823 Horatius
393 765 423 823 in
452 764 599 842 principio
628 762 782 822 cuiusdam
811 762 968 823 voluminis
995 765 1035 822 ita
1067 778 1192 821 exorsus
1215 768 1273 838 est,
1302 754 1414 817 ‘soles
1439 775 1539 818 meos

226 872 320 929 omni
344 870 523 931 ecclesiae
548 878 688 930 vestrae
713 865 945 950 commeutlo’,
968 878 998 929 et
1022 868 1102 927 Maro
1126 860 1237 949 (bercol.
1263 866 1291 937 9,
1315 857 1371 945 51)

930 993 1037 1054 saepe
1061 992 1125 1051 ego
1149 971 1276 1050 longos

387 1082 564 1145 cantando
588 1100 739 1163 puerum
763 1084 906 1142 memini
931 1099 981 1140 me
1006 1078 1163 1140 condere
1188 1076 1291 1137 soles.

316 1190 488 1252 Secundum
510 1192 691 1269 praepositio
715 1196 761 1249 est
785 1190 971 1268 imitationis,
994 1194 1062 1266 post
1087 1186 1229 1264 temporis
1253 1185 1314 1243 sive
1338 1182 1460 1242 ordinis.

317 1298 464 1376 Segnities
489 1299 551 1357 vitii
575 1305 635 1376 est,
659 1297 782 1374 segnitia
808 1295 934 1372 frigoris.

317 1402 479 1465 Subscribo
503 1403 649 1483 epistolis,
674 1401 807 1480 supplico
832 1401 978 1479 similiter,
1002 1406 1034 1460 ut
1058 1397 1192 1478 supplico
1216 1396 1331 1456 divinae
1355 1398 1468 1476 pietati.

317 1509 446 1589 Simplex
472 1508 629 1569 ablativum
654 1510 737 1567 etin
761 1509 770 1566 i
795 1518 823 1568 et
847 1509 917 1567 ine
942 1506 1044 1586 mittit,
1067 1507 1236 1584 genetivum
1261 1503 1405 1583 pluralem
1428 1506 1458 1563 in
1484 1521 1537 1564 tvm
1554 1530 1580 1566 10

228 1625 258 1676 et
272 1619 307 1676 -iu
326 1618 401 1695 ium,
426 1625 458 1676 ut
484 1615 520 1675 ab
544 1615 599 1675 boc
620 1614 752 1694 simplice
773 1624 802 1674 et
822 1612 961 1693 simplici,
984 1611 1091 1672 horum
1112 1611 1278 1690 simplicum
1298 1620 1328 1671 et
1347 1610 1538 1690 simplicium.

229 1702 328 1783 strevis
351 1722 509 1784 ablativum
533 1741 634 1783 casum
659 1725 689 1781 in
713 1741 729 1781 e
754 1728 784 1782 et
807 1723 837 1781 in
861 1723 871 1780 i
894 1722 993 1780 mittit.

317 1829 440 1907 Staclrys
455 1848 569 1908 graece,
585 1828 673 1887 latine
688 1829 777 1906 spica.
806 1825 937 1885 sandalio
953 1843 1058 1903 graece
1075 1835 1180 1885 rreutro
1196 1844 1314 1905 genere,
1329 1825 1420 1903 caliga
1436 1824 1537 1883 latiur.

317 1936 437 1997 Sertum
462 1945 491 1996 et
515 1954 624 1994 corona
649 1953 683 1992 er
710 1951 768 1992 uno
792 1951 898 2012 graeco
924 1933 1154 2012 transferuntur,
1178 1932 1205 1991 id
1231 1942 1276 1992 est
1301 1931 1469 2012 stephanos.

318 2042 431 2103 Solium
451 2044 571 2121 proprie
587 2041 672 2100 series
690 2038 796 2117 regalis
817 2047 871 2119 est,
887 2038 964 2098 untle
984 2057 1089 2117 graece
1108 2039 1246 2098 basilicos
1265 2040 1389 2100 thronos
1405 2049 1536 2099 voratur.
1556 2063 1579 2102 ra

318 2149 414 2209 Senex
439 2156 469 2209 et
493 2150 593 2208 senior
617 2146 828 2226 superlativum
852 2144 976 2223 graelum
997 2145 1055 2205 n'on
1079 2144 1196 2205 babent.
1234 2146 1353 2206 sobrius
1377 2164 1432 2206 nec
1456 2164 1537 2205 com-

228 2259 393 2335 parativum
417 2257 523 2334 recipit
547 2272 601 2314 nee
626 2253 852 2332 superlativum,
880 2252 930 2311 sed
956 2272 1009 2331 pro
1034 2252 1080 2312 his
1103 2254 1229 2313 elicimus
1253 2255 1344 2332 magis
1364 2251 1483 2312 sobrius
1507 2263 1538 2312 et

231 2363 356 2421 maxime
380 2359 507 2421 sobrius.
1146 2416 1150 2424 .

318 2467 443 2528 Senecta
458 2476 488 2527 et
504 2468 619 2526 scnium
634 2466 692 2525 duo
708 2468 825 2525 nomina
842 2454 1003 2527 senectutis
1019 2476 1090 2527 sunt
1104 2476 1134 2527 et
1148 2467 1360 2528 discernuntur
1374 2486 1390 2526 a
1405 2466 1537 2548 Graecis,

230 2574 306 2653 apud
331 2593 406 2653 quos
430 2574 507 2633 aliud
532 2591 640 2633 nomen
665 2572 752 2632 babet
775 2575 902 2651 gravitas
925 2583 993 2652 post
1016 2576 1214 2653 iuventutem,
1242 2573 1319 2634 aliud
1344 2584 1411 2655 post
1438 2571 1537 2653 'ipsam
1553 2596 1579 2633 eo

229 2683 401 2759 gravitatem
430 2683 553 2740 veniens
582 2679 682 2739 ultima
712 2688 800 2739 aetas.
844 2698 909 2739 nam
937 2679 1094 2760 presbyter
1122 2681 1231 2740 dicitur
1260 2683 1357 2759 gravis
1386 2691 1415 2740 et
1443 2698 1537 2759 geron

230 2805 328 2847 senex.
353 2790 421 2865 quia
438 2789 551 2847 veroin
571 2785 659 2845 latina
679 2786 776 2865 lingua
792 2784 919 2845 duorum
940 2789 1065 2846 istorum
1081 2788 1232 2846 nominum
1252 2785 1403 2846 distinctio
1418 2786 1539 2867 deiecit,

229 2892 265 2952 (le
290 2900 443 2953 senectute
468 2892 552 2952 ambo
577 2902 647 2952 svrut
674 2897 783 2973 posita,
812 2901 931 2952 senecta
961 2903 991 2952 et
1021 2895 1145 2953 senium.
1184 2894 1255 2953 lraec
1279 2893 1470 2973 Atrgustinus.
1508 2904 1538 2953 at

229 2997 391 3078 Gregorius
415 2994 699 3078 ‘urrdeeinravero'
724 3001 820 3078 iuquit
844 2995 907 3059 ‘est
935 3009 1015 3058 artas
1043 3019 1118 3078 quae
1147 3001 1296 3080 decrepita
1325 3001 1369 3060 vel
1398 3010 1537 3060 veterana

229 3105 347 3187 dicitur,
374 3106 451 3167 uude
467 3105 571 3166 Graeci
592 3106 672 3165 valde
689 3109 822 3165 seniores
837 3125 896 3164 uon
916 3115 1064 3185 gerontas,
1084 3106 1134 3165 serl
1156 3107 1344 3187 presbyteros
1364 3102 1536 3191 appellant}
1553 3130 1579 3167 aa

230 3213 353 3292 utplus
378 3232 464 3292 quam
489 3232 576 3273 senes
600 3215 853 3298 esse'iusinueut,
878 3231 953 3291 quos
977 3216 1178 3291 provectiores
1203 3211 1331 3274 vocaut’.

320 3319 445 3399 Suspiro
469 3319 591 3381 verbum
618 3303 707 3381 trabit
730 3338 836 3379 nomeu
862 3319 949 3379 dativi
975 3339 1060 3379 casus
1084 3330 1114 3381 et
1137 3326 1308 3396 aecrrsariu,
1333 3332 1366 3382 ut
1389 3317 1536 3402 ‘suspira-

232 3445 297 3486 mus
321 3430 433 3506 patriae
458 3423 594 3488 raelesti'
619 3437 648 3487 et
672 3423 873 3506 ‘suspiramus
897 3446 1021 3507 reguum
1046 3424 1119 3509 ‹lei',
1144 3439 1174 3489 et
1197 3433 1414 3509 praepositione
1439 3429 1537 3491 addita

230 3529 427 3614 ‘suspiramus
451 3535 485 3593 arl
512 3538 598 3594 vitam
622 3529 842 3594 immortalem’.

320 3640 520 3701 Subducimus
540 3651 569 3701 et
593 3660 667 3719 qrrae
689 3650 768 3699 retro
788 3639 991 3700 subtrahimus
1010 3652 1040 3701 et
1061 3662 1135 3720 qnae
1161 3646 1189 3702 iu
1214 3619 1352 3723 promptu
1374 3646 1536 3705 olierimus.
1553 3665 1579 3702 so

320 3746 485 3827 Supremos
509 3767 643 3808 sununus
667 3757 696 3806 et
721 3748 841 3806 ultimus
865 3744 906 3805 et*
919 3751 1103 3825 superiorem
1128 3759 1158 3809 rt
1188 3753 1358 3810 inferiorem
1383 3751 1536 3828 siguilieat.

320 3853 417 3933 Super
432 3855 570 3933 estquod
586 3857 709 3935 eminet,
728 3871 817 3931 supra
832 3854 909 3931 quovl
932 3853 1112 3915 substratum
1128 3856 1237 3935 aliquid
1257 3858 1357 3937 habet,
1373 3857 1477 3917 subter
1491 3868 1538 3918 est

232 3962 309 4041 quod
325 3980 358 4021 re
373 3962 470 4040 aliqua
484 3963 639 4040 superiore
654 3962 808 4039 premitur,
824 3959 929 4021 subtus
945 3963 1023 4040 quod
1039 3963 1199 4025 demissum
1215 3965 1303 4026 altius
1318 3984 1376 4024 nou
1396 3967 1537 4042 tangitur.

321 4115 332 4160 1
355 4107 496 4177 significat
514 4124 563 4160 ora.
584 4105 611 4158 P
680 4112 695 4158 2
715 4107 809 4158 tamen
828 4121 878 4159 om.
901 4107 937 4158 M
1001 4113 1017 4160 3
1037 4108 1141 4162 cratim
1161 4107 1228 4176 PL,
1247 4108 1405 4164 Honoratus
1424 4112 1538 4164 corrkeit

232 4187 306 4242 Gilee
324 4188 418 4242 Bedae
435 4205 479 4257 op.
498 4204 524 4240 v.
546 4186 591 4239 1⁷1
604 4203 635 4255 p.
655 4190 708 4240 454
775 4185 817 4238 iia
836 4190 947 4240 exortus
967 4192 1009 4240 est
1030 4186 1115 4241 Piis
1134 4206 1163 4242 se
1182 4206 1259 4243 orsus
1279 4192 1322 4243 est
1342 4190 1378 4242 M
1396 4207 1477 4258 quem
1497 4190 1539 4243 ita

231 4286 344 4324 exorsus
363 4268 448 4323 ele
512 4267 642 4322 lemnia
661 4267 731 4320 ecl'a
750 4283 814 4334 eyre
835 4266 862 4319 P
925 4269 1024 4335 'ipost
1042 4284 1092 4324 om.
1114 4269 1140 4320 P
1203 4275 1235 4321 12
1255 4268 1283 4322 in
1302 4268 1312 4322 i
1331 4269 1406 4322 elin
1426 4286 1441 4321 e
1462 4270 1498 4321 M

233 4355 266 4402 13
285 4349 394 4404 sandali
413 4350 460 4407 eL
537 4347 659 4416 enlaliga
678 4345 705 4397 P
781 4352 812 4398 15
832 4346 906 4400 sedis
924 4347 1060 4417 regularis
1080 4348 1108 4400 P
1181 4349 1302 4402 basileos
1323 4350 1360 4401 Μ
1432 4355 1463 4402 19
1484 4349 1537 4402 dis-

231 4433 348 4484 cernunt
367 4430 395 4482 P
474 4436 508 4484 20
528 4427 604 4497 post]
624 4444 672 4495 per
691 4431 804 4495 utroque
822 4429 879 4480 loeo
900 4428 928 4480 P
1007 4434 1040 4480 21
1060 4427 1163 4482 dieitur
1181 4428 1287 4499 gravis]
1311 4428 1436 4498 graciles
1457 4428 1492 4480 Μ

231 4515 264 4562 23
284 4512 315 4562 at
334 4509 496 4579 Gregorius]
518 4511 550 4560 nl
569 4512 599 4561 el
617 4522 702 4576 greca
722 4506 750 4558 P
827 4514 862 4560 24
881 4509 924 4562 esi
941 4507 1033 4576 inquii
1050 4511 1128 4562 aetas
1149 4509 1186 4560 Μ
1201 4507 1296 4576 inquit
1314 4527 1348 4563 ee
1366 4512 1445 4562 oetas
1467 4508 1495 4560 P

230 4594 265 4641 26
284 4592 316 4642 ul
334 4620 367 4629 -
387 4595 490 4644 vocant
507 4604 557 4641 orn.
580 4588 616 4640 Μ
669 4587 764 4658 qnam]
786 4588 833 4656 qni
853 4589 880 4639 P
931 4592 1014 4643 uoeai
1035 4589 1062 4641 P
1115 4594 1149 4641 30
1168 4589 1196 4641 in
1215 4594 1325 4658 promto
1341 4590 1481 4644 efferimus
1503 4593 1538 4645 M

285 4674 318 4722 32
338 4669 413 4737 quod
433 4669 606 4723 subtractum
625 4665 734 4733 aliquid
754 4668 782 4719 P
803 4669 879 4736 quod
897 4669 1003 4737 aliquid
1023 4670 1196 4724 subtractum
1216 4671 1241 4722 L
1260 4689 1330 4738 quae
1350 4672 1536 4725 substractum

230 4745 338 4815 aliquid
359 4749 396 4800 M
465 4748 592 4815 33quod
612 4746 654 4815 re]
679 4763 800 4812 quaere
823 4749 857 4801 M
935 4751 1116 4818 promiturL
1195 4750 1340 4804 dimissum
1364 4750 1448 4804 altius
1469 4750 1537 4803 PM

230 4827 381 4881 demissum
401 4829 437 4881 ab
456 4826 556 4881 altiore
576 4826 624 4883 §L
