3316 5474
656 374 705 428 DE
725 373 1012 431 oauflounapfflt
1414 372 1480 436 283

177 490 199 528 p„
213 478 273 519 crea
287 477 314 518 os
327 477 352 516 Ρ.

178 581 194 623 a
224 580 329 641 graeca
355 562 469 641 origine
498 579 605 621 nomen
633 568 761 622 tractum
789 568 876 639 atque
906 578 922 619 a
949 558 1103 620 latitudine
1131 557 1308 638 derivatum,
1341 559 1480 637 qnoniam

177 687 283 749 graeco
305 661 412 730 πλατύ
436 669 546 729 dicitur
568 669 668 729 latum.

266 775 324 836 Pro
347 777 528 856 praepositio
552 794 569 832 a
592 777 738 855 significat
761 784 792 837 ct
814 783 896 857 ante,
920 784 954 835 ut
976 768 1085 856 (terp.
1110 776 1183 834 Aen.
1208 774 1278 834 XII
1300 767 1378 855 661)

337 882 405 943 soli
427 901 491 962 pro
514 885 632 963 portis
655 882 839 962 Messapus
862 891 896 942 et
919 899 1002 942 acer
1024 880 1146 941 Atinas

147 1006 163 1047 s
337 998 552 1050 sustentant
574 992 695 1050 aciem.

176 1098 297 1176 ponitur
320 1104 351 1157 et
373 1115 427 1177 pro
451 1098 669 1177 praepositione
693 1096 942 1175 immunimus
971 1114 1025 1176 pro
1050 1097 1170 1176 rostris,
1193 1113 1247 1174 pro
1271 1092 1426 1175 tribunali,
1450 1102 1481 1154 et

175 1221 231 1282 pro
254 1221 289 1262 co
313 1202 391 1282 quorl
415 1211 462 1263 est
484 1194 564 1263 ἄντί
583 1202 659 1282 apud
684 1202 826 1284 Graecos,
850 1211 883 1263 ut
906 1198 1015 1285 (Vera.
1035 1205 1108 1263 Aen.
1134 1196 1251 1284 1656)
1276 1196 1357 1280 ‘pro
1380 1198 1480 1261 ‹lrrlci

176 1309 330 1370 Ascanio
359 1305 503 1391 veniat'‚
530 1318 561 1370 et
587 1329 642 1389 pro
666 1328 701 1370 eo
726 1308 803 1389 quod
833 1319 879 1369 est
905 1300 1003 1390 ὑπέρ,
1033 1317 1065 1369 ut
1088 1304 1198 1391 (l'erg.
1223 1310 1296 1369 Acar.
1322 1308 1377 1367 III
1398 1301 1477 1389 435)

337 1434 443 1478 unum
465 1416 553 1477 illud
579 1416 660 1497 tibi,
683 1426 763 1477 nate
787 1416 864 1490 alea,
888 1434 1023 1495 proquo
1047 1415 1212 1476 omnihus
1237 1433 1342 1476 unum

136 1540 164 1580 so
335 1523 548 1603 praedicam.

265 1627 361 1690 Pudet
380 1648 427 1689 me
446 1633 568 1711 amoris,
586 1632 718 1710 paenitet
738 1648 784 1689 me
804 1631 950 1710 muneris,
968 1631 1049 1709 piget
1069 1647 1114 1688 me
1133 1629 1341 1710 protectionis,
1363 1631 1479 1708 patiens

177 1752 243 1794 sum
271 1734 393 1817 laboris,
415 1746 585 1816 pertaesum
612 1746 658 1798 est
686 1756 733 1797 mc
761 1739 900 1818 iniuriae,
928 1736 1034 1816 plenus
1062 1755 1128 1797 sum
1156 1734 1355 1796 bonorumet
1382 1735 1478 1817 bonis,

176 1859 283 1920 praeeo
298 1842 354 1923 illi,
372 1842 458 1922 palpo
474 1852 503 1903 et
517 1843 620 1924 palpor
635 1862 727 1925 equo,
748 1861 910 1923 praecurro
924 1845 1071 1923 praetori,
1089 1860 1219 1923 procuro
1233 1841 1345 1922 pupillo
1360 1850 1391 1903 et
1405 1859 1477 1902 onro

176 1948 329 2028 pupillum.
367 1952 465 2028 potior
488 1950 604 2010 fructus
624 1959 653 2010 et
672 1951 771 2011 fructu
791 1948 908 2030 dicitur,
932 1948 1009 2029 apud
1029 1951 1167 2029 antiquos
1190 1951 1288 2029 potior
1311 1948 1387 2009 hanc
1406 1967 1478 2009 rem.

138 2072 163 2112 rs
264 2055 377 2116 Praeda
400 2060 493 2117 victos
517 2057 638 2139 spoliat,
661 2060 763 2138 rapina
787 2057 885 2118 subito
910 2060 997 2118 venit.
1122 2120 1127 2127 ,

263 2162 323 2223 Pax
351 2164 541 2242 singulariter
568 2164 663 2225 solum
692 2166 829 2225 cllertur:
862 2163 1020 2225 Sallustius
1048 2182 1136 2245 paces
1161 2164 1289 2245 rettulit,
1320 2157 1402 2246 (lug.
1425 2162 1481 2247 31)

132 2262 148 2327 ‘ss
177 2263 345 2351 ‘iudicia,
368 2270 459 2331 bella
483 2280 589 2350 atque
613 2266 745 2351 paces’.
782 2273 932 2354 prosapia,
955 2270 984 2331 id
1009 2278 1054 2331 est
1077 2273 1257 2351 ingenuitas,
1281 2289 1356 2350 quae
1375 2290 1481 2351 graece

177 2383 297 2436 vocatur
312 2369 471 2457 εὐγένεια,
487 2377 629 2456 singulari
643 2384 758 2438 tantum
773 2396 898 2438 numero
912 2377 1035 2457 gaudet,
1054 2377 1176 2457 pelagus
1190 2377 1334 2438 similiter.
1358 2379 1480 2458 pugilla-

177 2501 234 2563 res,
253 2502 402 2564 proceres,
421 2486 576 2566 primores,
594 2485 708 2563 posteri
727 2481 850 2563 pluralia
870 2493 998 2562 tantum,
1017 2484 1068 2544 sed
1088 2487 1182 2545 nostri
1202 2492 1339 2544 auctores
1357 2484 1479 2563 pugilla-

136 2606 162 2645 ro
176 2607 239 2650 rem
258 2590 448 2670 singulariter
468 2591 616 2652 dixerunt.
637 2589 641 2672 Ι
667 2593 710 2652 sio
729 2599 759 2651 ct
782 2593 812 2651 in
836 2609 945 2670 genere
970 2591 1111 2651 feminino
1136 2590 1249 2670 plagae,
1274 2590 1301 2650 irl
1327 2599 1372 2650 est
1392 2601 1481 2673 rctcs,

175 2705 205 2757 et
227 2700 388 2778 primitiae,
411 2700 494 2758 etin
518 2706 625 2758 neutro
648 2696 834 2778 praecordia,
857 2696 983 2776 palaria,
1006 2715 1075 2757 cum
1098 2698 1207 2758 milites
1230 2697 1265 2758 ad
1289 2696 1371 2775 palos
1395 2715 1478 2757 excr-

175 2811 289 2879 oentur,
317 2806 494 2885 monastria,
522 2823 597 2883 quae
625 2813 692 2865 ante
721 2813 816 2865 castra
845 2812 923 2864 sunt.
967 2822 1089 2883 porrum
1119 2803 1308 2882 singulariter
1336 2803 1479 2883 neutrale,

174 2910 330 2989 pluraliter
353 2910 384 2972 hi
406 2914 497 2991 porri.
771 2992 774 3001 1

262 3018 455 3079 Proverbium
474 3018 573 3099 latine,
590 3035 695 3096 gracco
710 3017 871 3099 παροιμία
885 3019 1004 3096 generis
1019 3017 1161 3076 seminini.
1193 3016 1260 3077 imlo
1276 3035 1386 3078 nomen
1401 3016 1479 3097 apud

136 3139 162 3180 aa
176 3125 356 3204 interpretes
380 3127 565 3205 septuaginta
588 3123 656 3185 libri
680 3124 853 3185 Salomonis,

264 3232 336 3293 Pius
351 3241 380 3293 et
394 3235 546 3311 piissimus
561 3218 790 3310 comparativum
806 3231 930 3309 gradum
945 3249 1004 3290 non
1019 3232 1176 3309 recipiunt.
1205 3234 1303 3311 potior
1318 3241 1347 3292 et
1360 3234 1479 3311 potissi-

177 3355 243 3397 mus
265 3340 424 3417 positivum
448 3356 507 3398 non
531 3336 649 3399 habent.
686 3339 827 3416 proprius
851 3356 909 3396 nou
935 3332 1024 3398 habet
1047 3341 1277 3416 comparativum
1301 3348 1353 3400 aut
1375 3357 1479 3418 supcr-

175 3442 307 3526 lativnm,
332 3445 382 3506 scd
407 3464 461 3524 pro
485 3446 531 3506 his
555 3448 647 3525 magis
670 3453 700 3504 et
724 3445 864 3525 maxime,
888 3446 980 3523 magis
1002 3446 1156 3526 proprius,
1180 3446 1304 3505 maxime
1327 3449 1479 3527 proprius3

175 3552 218 3611 sic
241 3560 272 3611 et
295 3571 311 3611 e
335 3554 484 3611 contrario
508 3554 606 3613 minus
630 3561 660 3612 et
683 3553 812 3612 minime.

135 3674 161 3712 so
262 3657 357 3717 Pareo
381 3666 410 3718 et
433 3677 521 3739 pasco
545 3662 575 3720 in
600 3658 727 3720 eundern
751 3666 935 3719 concurrunt
957 3659 1124 3739 perlectum
1150 3661 1224 3740 pavi.

178 3808 266 3815 ..-.-—·

266 3890 318 3937 la
331 3889 396 3953 post
414 3885 498 3953 atque
517 3900 567 3939 orn.
588 3884 625 3938 M
696 3889 711 3937 2
731 3900 831 3954 graece
849 3900 899 3939 om.
920 3885 948 3938 P
1006 3880 1148 3944 ΠΛὸΤΥΝ
1159 3884 1241 3940 ῬΜ
1306 3892 1322 3940 3
1342 3889 1372 3940 et
1388 3903 1438 3941 om.
1454 3901 1480 3944 ς.

174 3960 303 4016 loctmom
322 3965 459 4029 indicavi,
477 3981 533 4033 qua
552 3965 676 4031 definitio
692 3966 798 4032 primm
816 3965 1027 4034 significationis
1047 3983 1145 4036 porro,
1168 3972 1293 4035 quaeest
1315 3967 1392 4034 aperti
1409 3966 1480 4020 Dio·

175 4042 275 4096 medem
289 4061 320 4112 p.
335 4048 396 4111 414,
411 4049 429 4098 9
447 4049 472 4098 et
488 4044 648 4098 Dosithcum
662 4061 692 4112 p.
707 4047 753 4108 45,
767 4048 793 4111 7,
812 4045 913 4098 eccidit
967 4053 983 4099 4
1002 4045 1101 4115 portis]
1117 4045 1205 4114 partis
1222 4046 1259 4098 M
1329 4051 1345 4100 6
1365 4061 1416 4115 pro
1430 4044 1479 4098 tri-

174 4119 249 4177 buna
267 4123 343 4192 apud
360 4140 475 4193 graecos
494 4124 521 4175 P
579 4130 594 4177 't
614 4123 702 4194 dulci]
721 4122 830 4176 dulcius
848 4122 877 4175 P
938 4132 971 4179 10
989 4125 1120 4193 praedica
1139 4125 1176 4177 M
1231 4130 1263 4178 12
1282 4125 1423 4192 prelesum
1443 4124 1482 4177 M

246 4209 279 4257 ta
306 4219 453 4272 praecurro
478 4202 601 4272 praetori
626 4219 774 4271 praecurro
800 4203 925 4273 praetori
950 4206 979 4258 et
1004 4221 1084 4258 curro
1109 4203 1217 4273 pupillo
1243 4205 1272 4257 et
1296 4218 1362 4256 curo
1387 4201 1478 4271 pupil-

173 4281 232 4337 lum
253 4284 289 4336 M
374 4289 408 4336 14
431 4282 535 4353 fructu]
558 4282 642 4338 fructi
661 4282 690 4335 P
771 4292 804 4339 18
829 4285 964 4338 ΕΥΙἚΝΙΑ
985 4283 1052 4336 ML
1077 4278 1173 4342 ΕΥΝΙὸ
1193 4284 1220 4335 P
1240 4277 1258 4349 ἡ
1279 4277 1311 4334 ἐκ
1329 4276 1477 4348 προγόνων

174 4356 305 4432 εὐγένεια
324 4381 379 4418 eac.
401 4363 481 4419 Char.
497 4381 527 4432 p.
547 4368 611 4430 548,
629 4368 647 4418 9
721 4369 754 4417 19
772 4365 898 4433 posteros
919 4363 956 4415 M
1026 4361 1204 4431 pugillarem]
1223 4359 1362 4431 pugillare
1381 4358 1410 4411 P

174 4448 209 4496 20
228 4442 268 4497 sio
286 4460 348 4513 gen.
367 4443 432 4497 lem.
453 4443 480 4494 P
542 4443 642 4512 plagas
662 4442 720 4495 PL
738 4442 836 4512 plages
856 4442 893 4495 M
963 4446 995 4494 21
1017 4440 1166 4509 praecodia
1187 4441 1214 4493 P
1274 4438 1393 4510 palacia]
1413 4438 1475 4508 plu-

175 4522 246 4577 ralia
261 4523 298 4575 M
359 4529 393 4576 21
408 4522 559 4577 Proverbia
575 4523 611 4575 M
673 4539 713 4591 gr.
723 4515 902 4579 mosomum
918 4522 945 4574 Ρ
956 4515 1162 4579 ΠὸΡὸΒΟΥὸὰ
1175 4522 1201 4574 L
1214 4514 1389 4582 liuPanlo
1403 4522 1442 4575 M

174 4607 209 4655 25
227 4602 292 4656 libri
311 4618 360 4657 ont.
377 4603 404 4655 P
455 4602 612 4657 Salomonis
630 4605 767 4673 παροιμία
786 4602 835 4661 ςΒ
889 4608 923 4656 26
942 4600 1036 4672 potior
1054 4605 1084 4656 el
1101 4602 1278 4674 potissimum
1297 4618 1353 4656 non
1372 4601 1478 4657 habant

174 4681 387 4750 conparatiuum
411 4686 460 4738 ant
483 4683 686 4753 superlatiuum
709 4682 758 4738 sed
778 4682 815 4736 M
886 4688 919 4736 21
944 4698 1000 4737 non
1022 4682 1109 4736 habet
1131 4687 1245 4751 utroque
1268 4681 1325 4736 loco
1343 4681 1403 4750 sL,
1422 4698 1478 4736 non

174 4762 281 4817 habent
296 4763 390 4830 priore
408 4766 465 4819 loco
483 4781 532 4819 orn.
553 4764 581 4817 P
638 4767 672 4816 28
690 4780 741 4832 pro
759 4763 803 4817 his
821 4761 911 4832 magis
930 4763 1050 4818 maxime
1068 4763 1198 4833 proprius
1217 4763 1246 4817 P
1297 4767 1332 4815 29
1350 4761 1477 4831 minime]

174 4842 306 4896 minimus
324 4843 368 4896 esi
387 4843 415 4895 P
