3316 5474
580 372 651 428 aas
670 372 915 428 ouauuuama
1332 365 1397 433 387

92 489 115 527 p.
131 478 162 518 tt.
178 477 247 517 1811.

184 560 316 643 Syllabae
345 570 397 622 aut
424 569 528 621 nutura
557 559 661 639 longae
690 568 760 620 suut
782 569 833 620 aut
856 560 1011 638 positione.
1058 565 1162 616 natura
1186 555 1290 633 longae
1314 555 1397 636 liunt,

95 689 163 732 eum
193 670 325 750 singulae
350 667 464 728 vocales
486 666 600 728 litterae
624 668 845 748 producuntur,
869 676 901 727 ut
924 673 995 725 aet
1017 683 1047 745 e,
1069 672 1121 724 aut
1149 681 1217 722 eum
1245 661 1334 741 duae,
1362 670 1396 722 ut

96 796 147 858 ua,
170 785 222 838 aut
235 795 304 837 cum
319 784 394 857 tres,
419 782 452 835 ut
465 791 534 835 uae:
557 776 704 854 positione
718 783 831 855 autem,
854 789 923 833 oum
945 781 1083 852 correpta
1107 769 1215 831 vocalis
1238 777 1398 848 sequentes

95 884 184 946 babet
207 885 280 944 duas
303 888 512 961 consonantes;
544 889 575 942 et
602 880 656 942 bae
683 891 735 942 aut
761 884 791 942 in
821 880 923 941 eadem
953 877 957 960 Ι
987 877 1096 959 syllaba
1127 880 1333 957 inveniuntur,
1364 884 1399 937 ut

68 1010 157 1074 sans,
180 1000 231 1052 aut
249 993 280 1051 iu
298 991 444 1070 proxima,
467 997 501 1049 ut
518 992 627 1063 amuis,
650 997 701 1049 aut
723 989 846 1050 induas
865 988 990 1068 syllabas
1009 987 1132 1068 divisae,
1155 995 1189 1047 ut
1211 1003 1299 1046 arma.
1345 984 1396 1043 sed

100 1109 130 1161 et
159 1097 265 1177 duplex
294 1097 392 1157 littera
414 1115 432 1155 x
456 1095 581 1157 duarum
609 1099 834 1158 consonantium
857 1095 922 1157 loco
946 1097 1093 1175 iungitur:
1121 1094 1193 1154 baec
1221 1110 1341 1171 quoque
1369 1099 1399 1151 et

95 1209 126 1266 in
155 1204 258 1265 eadem
285 1201 393 1283 syllaba
422 1201 497 1263 solet
524 1221 605 1285 essu,
637 1212 671 1264 ut
699 1222 771 1283 uox,
803 1211 834 1263 et
861 1204 891 1263 in
919 1204 1066 1283 proxima,
1098 1209 1132 1262 ut
1161 1201 1232 1260 axis.
1269 1200 1341 1260 item
1369 1208 1400 1258 et

96 1313 203 1373 vocalis
227 1312 291 1373 looo
315 1311 505 1372 consonantis
528 1311 637 1389 posita,
660 1318 693 1371 ut
716 1327 820 1371 servus
843 1311 980 1370 iniustus.
1223 1306 1225 1311 ’

442 1536 502 1603 DE
526 1536 815 1604 COMMVNIBVS
838 1535 1047 1604 SYLLABIS

57 1694 82 1733 1⁰
186 1685 364 1746 Communes
401 1685 526 1765 syllabae
565 1687 639 1747 liunt
675 1686 770 1746 modis
802 1684 872 1746 llll:
908 1687 1018 1766 primo,
1054 1687 1079 1745 si
1117 1693 1254 1764 correpta
1292 1683 1400 1744 vocalis

97 1795 260 1873 excipiatur
296 1810 311 1851 a
349 1790 463 1852 duabus
500 1791 746 1874 consonantibuS,
782 1810 908 1872 quarum
945 1793 1027 1872 prior
1064 1793 1103 1853 sit
1139 1800 1234 1873 muta,
1270 1810 1400 1871 sequens

97 1900 214 1980 liquida.
261 1898 360 1960 brevis
383 1903 463 1960 enim
486 1908 532 1960 est
554 1902 584 1960 in
608 1900 674 1981 hoe,

323 2016 408 2068 tune
433 2006 695 2088 Clytemestrae
720 2008 877 2068 loedasti
900 2009 1039 2068 viscera
1061 2007 1174 2088 [τινος

98 2116 183 2194 longa
207 2124 305 2176 autem
329 2117 359 2175 iu
383 2115 453 2197 boe,

59 2227 84 2268 ¹⁵
311 2221 474 2305 Cyclops,
496 2224 677 2283 Aetnaeus
699 2221 833 2303 cultor,
856 2221 1034 2301 Neptunia
1058 2220 1186 2302 proles.

99 2340 128 2392 at
151 2332 176 2390 si
199 2328 274 2389 duae
298 2339 496 2390 consonantes
519 2331 550 2390 iu
573 2330 647 2390 (luas
670 2328 795 2409 syllabas
818 2329 931 2390 luerint
949 2329 1074 2408 divisae,
1096 2347 1156 2389 uon
1176 2330 1209 2390 llt
1226 2333 1401 2411 communis,

188 2503 278 2558 Codex
296 2500 492 2570 Sanpallensis.
538 2502 605 2556 iul
622 2502 670 2571 ua]
690 2501 743 2557 alii
760 2517 798 2556 ua
878 2501 1058 2556 auooulibua
1139 2504 1207 2556 ont
1226 2505 1290 2556 aule
1309 2500 1398 2556 amnia

98 2589 122 2639 et
141 2588 204 2638 aute
223 2599 301 2636 arma
319 2598 368 2636 om.
442 2589 458 2636 8
477 2584 509 2635 ui
526 2585 590 2637 ante
608 2597 704 2636 servus
722 2597 773 2638 οιιι.
847 2588 880 2637 15
898 2583 1033 2639 aethneus

186 2749 202 2797 o
222 2741 269 2796 nn
288 2740 528 2797 couuvumvs
547 2741 735 2814 subolum]
756 2726 863 2800 uuam.
881 2761 909 2813 ρ.
928 2748 1109 2812 ινιτ-ιαμ

106 3002 109 3009 ·
189 2979 235 3042 At
266 2975 430 3062 συλλαβαὶ
457 2972 478 3062 ἢ
511 2974 611 3062 φύσει
643 2980 769 3063 μακραί
798 2980 885 3043 εἰσιν
914 2971 936 3062 ἢ
966 2977 1071 3044 θέσει.
1116 2974 1219 3062 φύσει
1248 2980 1402 3060 γίνονται

100 3086 237 3167 μακραί,
266 3079 347 3149 ὅταν
370 3081 559 3169 καταμόνας
580 3082 621 3151 τὰ
649 3082 827 3170 φωνήεντα
854 3081 1030 3170 γράμματα
1058 3084 1259 3168 ἐκτείνηται,
1291 3079 1336 3162 ὡς
1362 3080 1400 3150 τὸ

100 3188 205 3255 unul
229 3214 262 3274 ι,
284 3183 305 3275 ἢ
331 3187 412 3257 όταν
437 3188 514 3275 δύο,
539 3186 584 3269 ὡς
605 3189 642 3258 τὸ
668 3216 719 3279 ua,
741 3185 762 3277 ἢ
787 3186 868 3259 όταν
891 3195 982 3277 τρία,
1010 3185 1054 3270 ὡς
1075 3186 1113 3258 τὸ
1137 3210 1206 3257 uae·
1234 3190 1329 3258 θέσει
1353 3189 1401 3274 δέ,

100 3291 180 3362 ὅταν
213 3298 481 3383 συνεσταλμένον
513 3299 650 3384 φωνῆεν
678 3295 902 3384 ἐπιφερόμενα
930 3302 987 3386 ἔχη
1011 3305 1016 3379 Ι
1042 3295 1104 3365 δύο
1135 3295 1314 3384 σύμφωνα·
1345 3295 1402 3364 καὶ

73 3405 201 3469 arama
225 3398 245 3488 ἢ
270 3403 305 3470 ἐν
328 3406 368 3491 τῇ
391 3401 475 3492 αὐτῇ
494 3406 643 3492 συλλαβῇ
667 3400 867 3491 εὑρίσκεται,
890 3399 936 3485 ὡς
953 3401 991 3472 τὸ
1009 3429 1072 3492 ars,
1094 3399 1115 3492 ἢ
1134 3404 1172 3472 ἐν
1189 3407 1229 3492 τῇ
1247 3409 1402 3491 πλησίον,

100 3505 145 3588 ὡς
166 3507 203 3575 τὸ
228 3520 338 3591 omnis,
362 3505 383 3597 ἦ
406 3514 456 3590 είς
479 3509 542 3578 δύο
566 3509 734 3596 συλλαβὰς
758 3512 958 3599 διῃρημένα,
980 3508 1025 3591 ὡς
1046 3508 1083 3579 τὸ
1108 3535 1205 3578 orma.
1237 3507 1401 3578 ἀλλὰκαὶ

99 3614 136 3682 τὸ
161 3619 304 3684 διπλοῦν
331 3632 496 3704 στοιχεῖον
525 3643 543 3684 ι
572 3616 635 3685 δύο
664 3617 858 3705 συμφώνων
886 3619 976 3709 τόπφ
1000 3624 1201 3707 λειτουρμεῐ,
1223 3619 1279 3687 καὶ
1301 3621 1401 3686 τοῦτο

100 3720 137 3789 δὲ
164 3723 219 3789 καί
247 3725 284 3790 ἐν
312 3728 352 3812 τῇ
381 3722 464 3813 αὐτῇ
493 3728 643 3814 συλλαβῇ
671 3733 794 3794 είωθεν
822 3722 925 3811 εἶναι,
957 3722 1004 3805 ὥς
1035 3724 1072 3794 τὸ
1105 3751 1176 3815 nox,
1208 3726 1263 3793 καὶ
1285 3727 1332 3821 ,ἐν
1361 3727 1401 3813 τῇ

100 3836 257 3917 πλησίον,
290 3827 334 3911 ὡς
367 3834 404 3900 ἐν
437 3835 481 3924 τῷ
513 3831 613 3915 ἄξων.
668 3822 792 3920 opaco&
827 3834 883 3901 καὶ
919 3835 1057 3921 φωνῆεν
1093 3831 1183 3926 τόπφ
1216 3830 1403 3921 συμφώνου

61 3958 87 3996 11
100 3943 271 4025 κείμενον,
294 3935 340 4018 ὡς
361 3938 399 4008 τὸ
422 3966 528 4008 servus
550 3950 688 4023 iniustus.

437 4143 550 4203 ΠΕΡΙ
580 4142 769 4204 ΚΟΙΝΗΣ
797 4143 1068 4205 ΣΥΛΛΑΒΗΣ

189 4279 312 4346 Κοιναὶ
328 4278 490 4363 συλλαβαί
504 4285 657 4364 γίνονται
670 4277 806 4366 τρόποις
818 4280 985 4367 τέτρασιν·
1003 4278 1133 4368 πρώτῳ,
1152 4275 1211 4345 ε’ὰν
1225 4284 1402 4345 συνεσταλ-

101 4388 191 4476 μένφ
214 4383 382 4472 φωνήεντι
406 4387 600 4472 ἐπιφέρηται
624 4382 687 4452 δύο
711 4383 892 4472 σύμφωνα,
921 4376 970 4465 τόν
996 4382 1034 4453 τὸ
1063 4383 1124 4470 μὲν
1147 4383 1402 4470 προηγούμενόν

103 4494 192 4559 ἐστιν
216 4490 366 4578 ἄφωνον,
389 4490 426 4560 τὸ
451 4491 488 4560 δὲ
512 4489 670 4578 δεύτερον
693 4488 800 4580 ὑγρὸν
819 4490 1037 4579 ἀμετάβολον.
1073 4498 1210 4578 βραχεῖα
1229 4489 1292 4577 γάρ
1312 4492 1402 4559 ἐστιν

63 4626 88 4665 ιι
102 4600 138 4666 ἐν
162 4598 270 4690 τοότφ
347 4651 356 4685 ,
380 4596 489 4686 μακρὰ
512 4597 549 4666 δὲ
572 4601 609 4667 ἐν
632 4599 738 4686 τούτῳ
819 4596 909 4667 ,ἐὰν
933 4597 970 4666 ot
994 4597 1057 4667 δύο
1080 4597 1246 4686 σύμφωνα
1270 4602 1317 4677 είς
1340 4596 1402 4665 ooo

190 4778 412 4834 3aauleom.
486 4777 677 4833 tiamnisom.
750 4793 892 4833 armantia.
966 4772 1179 4850 7τόπφ]τονω
1252 4781 1403 4851 8αντητη

138 4866 154 4912 9
174 4855 261 4929 τόπῳ]
281 4877 367 4913 τοπου
442 4866 474 4914 10
493 4875 588 4914 servus
605 4858 727 4915 iniustus
744 4875 795 4917 om.
869 4864 901 4914 12
920 4877 1013 4928 πρωτο
