3316 5474
165 359 231 423 530
602 356 790 429 [CORNELII
814 355 1037 430 rnonnonls]

165 474 188 511 p.
202 461 262 500 aaut.
278 459 331 499 asos
345 459 370 498 Ρ.
1086 473 1102 487 ..

254 544 433 605 Oiiectorem
460 553 490 604 ct
518 543 702 604 inlectorem.
753 544 880 604 insector
912 542 1042 603 colorem
1076 551 1184 625 mutat,
1219 545 1369 606 effector
1404 545 1500 605 officio

165 651 258 713 obest.
1380 647 1385 655 ’

254 758 376 820 Certum
399 766 430 818 et
453 775 564 818 rerum.
602 766 717 819 certum
737 760 844 838 recipit
865 759 1115 838 praepositionem
1139 768 1171 818 et
1192 759 1231 820 nt
1255 762 1441 836 incertum,
1470 769 1499 821 et

165 873 280 926 certum
304 864 349 925 vel
372 864 489 944 pondus
512 864 558 924 rel
582 866 626 925 rei
649 866 793 945 pretinm;
816 882 920 925 verrom
944 866 1105 945 opponitur
1127 863 1211 927 salso.

252 971 390 1051 Figuram
418 978 448 1031 et
475 973 608 1032 iormam.
654 973 747 1050 ligura
778 972 851 1032 artis
879 980 926 1031 est
952 989 1041 1051 opns3
1074 971 1169 1032 forma
1197 982 1338 1035 naturae
1371 974 1529 1057 bonum,⁵

167 1078 245 1139 unde
268 1081 355 1139 etiam
380 1081 529 1140 lormosns
552 1078 670 1139 dicitur.

253 1186 446 1265 Ignominiam
479 1195 509 1246 et
540 1188 698 1247 infamiam.
732 1187 914 1265 ‘ignominia
934 1179 939 1266 l
958 1187 1121 1266 imponitur
1148 1184 1185 1246 ah
1218 1205 1259 1247 eo
1293 1192 1355 1269 qni
1390 1198 1493 1271 potest

164 1292 418 1354 animadversione
442 1295 592 1373 innotare;
618 1294 737 1353 inlamia
761 1311 797 1352 cx
820 1291 984 1353 multorum
1007 1310 1143 1353 sermone
1167 1296 1319 1357 nascitur.

252 1399 371 1461 Nullum
394 1410 424 1461 et
447 1403 603 1461 neminem.
650 1397 750 1460 nullus
774 1408 820 1458 est
842 1406 901 1459 tam
925 1400 956 1458 in
979 1416 1012 1458 re
1036 1416 1124 1477 qnam
1152 1401 1182 1459 in
1211 1419 1368 1485 persona3
1398 1424 1488 1467 nemo

164 1510 193 1567 in
217 1525 345 1588 persona
368 1507 491 1589 dicitur,
514 1506 543 1568 id
567 1514 674 1568 estne
698 1504 793 1565 homo.
1498 1525 1522 1564 u

253 1614 363 1676 lratnm
387 1623 417 1674 et
439 1612 624 1675 iracundum.
670 1614 764 1673 iratus
787 1630 823 1672 ex
845 1612 957 1672 ollensa
981 1619 1040 1691 est,
1062 1613 1224 1675 iracundus
1249 1625 1375 1680 natura.

253 1721 422 1782 Periculum
446 1731 477 1782 ct
499 1724 671 1803 perniciem.
717 1719 882 1799 periculum
907 1721 1042 1801 timetur,
1064 1723 1212 1800 pernicies
1232 1733 1344 1785 contra
1364 1746 1481 1788 necem.

253 1828 380 1888 Feroces
403 1836 433 1889 et
456 1830 544 1889 ieros,
591 1829 707 1888 ieroces
731 1829 841 1907 animo,
865 1827 921 1886 leri
944 1827 1045 1887 leones
1069 1830 1221 1906 ceterique
1245 1831 1374 1894 similes.

254 1935 363 1996 Omnes
392 1942 422 1995 et
449 1946 574 1996 cunctos
602 1944 632 1995 et
660 1936 823 1995 universos.
873 1951 977 1993 omnes
1006 1933 1119 1995 nullum
1146 1937 1271 2019 excipit,
1305 1949 1342 2000 ut
1371 1959 1478 2003 omnes

164 2041 312 2122 homines,
336 2045 375 2101 ita
394 2060 456 2103 res:
485 2045 585 2102 cuncti
607 2044 710 2120 utiquc
735 2043 765 2101 in
788 2058 983 2120 personarum
1008 2059 1131 2101 numero
1154 2045 1353 2106 nominantur
1375 2050 1512 2127 prisco1⁵

165 2146 237 2208 dicti
256 2147 359 2209 verbo:
379 2151 510 2209 universi
528 2151 558 2209 iu
579 2166 667 2208 unam
686 2150 862 2208 sententiam
882 2149 1018 2208 conversi
1037 2148 1154 2209 dicendi
1168 2150 1241 2228 quid
1256 2153 1321 2212 sire
1337 2154 1475 2217 faciendi

254 2254 378 2315 Auferre
407 2265 437 2315 et
464 2257 579 2335 eripere
609 2264 639 2315 ct
671 2255 809 2314 adimere.
856 2256 953 2316 aufert
981 2256 1059 2334 quod
1088 2255 1181 2336 dedit,
1213 2257 1319 2319 adimit
1347 2263 1475 2341 imperio

166 2371 300 2442 coactns,
328 2363 417 2442 eripit
445 2364 480 2422 ri.
526 2364 625 2441 itaque
653 2363 772 2422 aulorrc
799 2379 972 2442 possumus,
1003 2361 1133 2422 adimere
1165 2362 1320 2445 iubemur,
1355 2369 1474 2447 eripere

166 2470 304 2531 valemus.
954 2471 956 2475 ’

255 2577 392 2638 Studium
417 2587 447 2638 et
469 2576 662 2656 disciplinam.
709 2575 840 2637 studium
863 2578 953 2636 animi
976 2585 1034 2656 est,
1057 2575 1212 2655 disciplina
1235 2580 1317 2638 artic.
1486 2594 1512 2634 ao

255 2684 398 2745 lnohoare
421 2694 452 2745 et
473 2686 615 2765 incipero.
652 2683 772 2744 inchoat
794 2685 846 2762 qui
864 2685 1012 2744 incertum
1032 2685 1110 2766 lacit,
1129 2685 1233 2763 incipit
1251 2686 1340 2745 cuins
1359 2689 1473 2749 exitum

167 2801 275 2870 sperat.

254 2896 369 2958 Bonum
403 2908 433 2959 ct
465 2898 659 2959 commodum.
711 2898 807 2959 ironiis
839 2900 999 2979 opponitur
1032 2895 1158 2999 maloj
1185 2916 1274 2976 quam
1306 2900 1373 2960 aliis
1407 2921 1476 2982 usn,

169 3004 342 3077 commodus
365 3006 429 3065 aliis
453 3008 621 3066 necessario
646 3009 748 3085 utiquo
772 3005 901 3085 prodest.

255 3112 414 3172 liecentem
438 3123 467 3173 et
491 3113 662 3173 formosum.
709 3113 818 3172 decens
842 3115 872 3172 in
896 3121 980 3192 gestu
1006 3121 1051 3173 est
1074 3123 1104 3174 et
1127 3122 1208 3174 motu
1232 3116 1385 3194 corporis,
1415 3115 1474 3176 lor·
1488 3131 1514 3170 sa

168 3238 268 3279 mosus
292 3218 328 3279 ab
353 3219 508 3279 excellenti
532 3223 630 3299 specie
655 3220 772 3280 dicitur.

256 3327 398 3387 [lecorem
419 3336 448 3388 et
468 3330 604 3407 speciem.
646 3327 736 3387 decor
756 3330 921 3387 communis
941 3336 986 3387 est
1005 3329 1151 3406 omnium,
1169 3329 1194 3386 is
1214 3327 1285 3389 lacit
1304 3328 1475 3391 decentiam

167 3435 290 3515 specici3
314 3437 429 3514 species
448 3438 566 3514 propria
586 3438 618 3495 dt
636 3437 789 3513 citiusque.
818 3436 918 3513 itaque
938 3435 1028 3495 decor
1048 3437 1078 3494 in
1097 3433 1198 3494 habitu
1217 3443 1277 3516 est,
1301 3439 1420 3515 species
1444 3440 1476 3498 in

168 3540 317 3602 membris

255 3648 349 3709 Litem
369 3657 399 3709 et
418 3651 657 3709 controversiam.
704 3648 739 3708 lis
763 3650 909 3727 nascitur,
932 3650 1093 3727 pertinacia
1113 3648 1204 3708 elficit
1223 3651 1476 3731 controversiam
1489 3669 1516 3708 so

174 3800 214 3806 ...-
223 3800 380 3807 .—..-—--

256 3882 616 3945 9Nullun1Bedo2u1,7
703 3888 732 3935 11
755 3883 860 3936 Iratum
882 3883 962 3936 Beda
984 3887 1070 3946 2763
1156 3888 1188 3936 17
1212 3880 1287 3935 Inter
1310 3883 1423 3939 auferre
1447 3889 1479 3941 et

167 3961 289 4016 adimere
304 3965 333 4015 et
347 3962 466 4031 eripere.
476 3963 627 4017 auferimus
641 3962 700 4017 iure
714 3963 763 4032 qui
773 3963 840 4032 quid
851 3965 879 4032 (l.
890 3963 935 4017 cui
945 3962 1024 4031 quid)
1034 3962 1170 4048 dommus,
1180 3960 1330 4016 adimimus
1340 3963 1477 4033 iussione,

167 4042 300 4112 eripimus
318 4042 454 4097 uiolenter
472 4045 529 4098 cod.
550 4044 640 4099 Moci.

257 4283 273 4329 3
292 4278 321 4330 et
339 4281 402 4329 orric
420 4280 525 4330 eertum
544 4294 594 4331 om.
614 4293 630 4334 ς
713 4282 729 4329 8
748 4275 888 4346 innotare]
908 4281 1005 4330 notare
1025 4293 1041 4334 ς
1124 4284 1156 4330 lu
1174 4276 1202 4328 id
1222 4276 1266 4327 est
1283 4291 1369 4330 nemo
1388 4277 1479 4334 homo

115 4350 125 4370 ³
167 4359 223 4415 Ns
247 4362 278 4412 ut
303 4375 337 4411 ne
360 4357 444 4410 homo
464 4358 541 4411 Bcdu
628 4364 659 4410 12>
679 4357 835 4410 Periculum
858 4360 887 4410 et
910 4356 1060 4425 perniciem
1084 4355 1238 4425 pericnlum
1258 4357 1358 4409 contra
1376 4375 1479 4414 necem

167 4440 282 4492 timetur
304 4437 441 4506 pernicies
464 4438 517 4494 Νς
537 4437 693 4491 Periculum
719 4438 748 4489 et
771 4437 922 4506 perniciem
943 4479 949 4490 .
969 4436 1126 4491 Periculum
1146 4439 1243 4491 contra
1261 4439 1396 4503 quamuis
1414 4457 1478 4495 rem

168 4518 294 4580 timetur,
319 4517 456 4585 pernicies
480 4519 575 4571 contra
593 4516 859 4587 neecmFobrioc'uc
949 4523 981 4569 13
1007 4518 1123 4571 Feroces
1152 4548 1184 4556 —
1213 4515 1318 4570 similes
1346 4526 1410 4586 post
1441 4528 1479 4576 1o·

168 4595 289 4649 faciendi
303 4597 550 4663 ptositacuntius
623 4604 655 4650 to
674 4597 715 4651 ila
734 4604 763 4651 et
777 4613 852 4655 ress
924 4597 1033 4667 ulique}
1050 4597 1176 4665 itaques
1249 4602 1280 4649 li
1297 4597 1346 4665 qui
1361 4599 1479 4660 dedite

206 4682 238 4729 18
258 4675 341 4744 eripit
360 4676 401 4747 vi]
421 4677 524 4745 eripuit
542 4677 575 4728 N
591 4676 675 4745 cripit
693 4677 741 4745 qni
760 4679 823 4747 plns
843 4676 920 4731 ualet
938 4692 955 4734 ς
1027 4683 1061 4729 13
1082 4677 1177 4748 qnam]
1197 4676 1244 4745 qui
1265 4675 1423 4735 Fabricius

168 4760 202 4808 ⁶28
226 4755 336 4823 proprie
360 4773 428 4810 corr.
453 4756 566 4825 propria
588 4757 620 4808 N
720 4759 764 4828 fit]
792 4758 828 4812 sit
854 4758 895 4811 ael
918 4757 951 4810 fit
972 4757 1005 4809 N
1026 4759 1104 4813 esce
1127 4756 1130 4767 '
1207 4757 1235 4810 in
1254 4757 1404 4831 membris]
1423 4761 1480 4816 im.

168 4834 299 4888 membris
317 4835 350 4887 N
