<?xml version="1.0" encoding="UTF-8"?>
<!DOCTYPE html PUBLIC "-//W3C//DTD XHTML 1.0 Transitional//EN"
    "http://www.w3.org/TR/xhtml1/DTD/xhtml1-transitional.dtd">
<html xmlns="http://www.w3.org/1999/xhtml" xml:lang="en" lang="en">
 <head>
  <title>
</title>
<meta http-equiv="Content-Type" content="text/html;charset=utf-8" />
  <meta name='ocr-system' content='tesseract 3.04.00' />
  <meta name='ocr-capabilities' content='ocr_page ocr_carea ocr_par ocr_line ocrx_word'/>
</head>
<body>
  <div class='ocr_page' id='page_1' title='image "./grammaticilatin00keilgoog/grammaticilatin00keilgoog_0296.png"; bbox 0 0 3316 5474; ppageno 0'>
   <div class='ocr_carea' id='block_1_1' title="bbox 141 366 1448 513">
    <p class='ocr_par' dir='ltr' id='par_1_1' title="bbox 141 366 1448 513">
     <span class='ocr_line' id='line_1_1' title="bbox 620 366 1448 433; baseline 0.018 -14"><span class='ocrx_word' id='word_1_1' title='bbox 620 366 668 419; x_wconf 83' lang='lat' dir='ltr'>DE</span> <span class='ocrx_word' id='word_1_2' title='bbox 687 366 977 422; x_wconf 76' lang='lat' dir='ltr'>carflocsapffla</span> <span class='ocrx_word' id='word_1_3' title='bbox 1384 368 1448 433; x_wconf 80' lang='grc'>277</span> 
     </span>
     <span class='ocr_line' id='line_1_2' title="bbox 141 465 270 513; baseline 0 -10"><span class='ocrx_word' id='word_1_4' title='bbox 141 475 164 513; x_wconf 79' lang='lat' dir='ltr'>p.</span> <span class='ocrx_word' id='word_1_5' title='bbox 178 465 231 506; x_wconf 71' lang='lat'>8789</span> <span class='ocrx_word' id='word_1_6' title='bbox 245 465 270 503; x_wconf 88' lang='lat' dir='ltr'>P.</span> 
     </span>
    </p>
   </div>
   <div class='ocr_carea' id='block_1_2' title="bbox 51 548 1450 3947">
    <p class='ocr_par' dir='ltr' id='par_1_2' title="bbox 51 548 1450 3947">
     <span class='ocr_line' id='line_1_3' title="bbox 231 548 1449 636; baseline 0.007 -28"><span class='ocrx_word' id='word_1_7' title='bbox 231 548 371 628; x_wconf 90' lang='lat' dir='ltr'>inquilini</span> <span class='ocrx_word' id='word_1_8' title='bbox 399 568 458 610; x_wconf 91' lang='lat' dir='ltr'>non</span> <span class='ocrx_word' id='word_1_9' title='bbox 488 548 632 611; x_wconf 90' lang='lat' dir='ltr'>habentes</span> <span class='ocrx_word' id='word_1_10' title='bbox 660 553 811 631; x_wconf 83' lang='lat' dir='ltr'>propriam</span> <span class='ocrx_word' id='word_1_11' title='bbox 840 550 973 633; x_wconf 89' lang='lat' dir='ltr'>domum,</span> <span class='ocrx_word' id='word_1_12' title='bbox 1002 551 1053 613; x_wconf 90' lang='lat' dir='ltr'>sed</span> <span class='ocrx_word' id='word_1_13' title='bbox 1087 551 1253 613; x_wconf 79' lang='lat' dir='ltr'><strong>habitantes</strong></span> <span class='ocrx_word' id='word_1_14' title='bbox 1285 556 1315 614; x_wconf 92' lang='lat' dir='ltr'>in</span> <span class='ocrx_word' id='word_1_15' title='bbox 1344 554 1449 636; x_wconf 92' lang='lat' dir='ltr'>alieno,</span> 
     </span>
     <span class='ocr_line' id='line_1_4' title="bbox 141 656 1448 752; baseline 0.004 -36"><span class='ocrx_word' id='word_1_16' title='bbox 141 656 255 716; x_wconf 81' lang='lat' dir='ltr'>incolae</span> <span class='ocrx_word' id='word_1_17' title='bbox 285 658 345 717; x_wconf 89' lang='lat' dir='ltr'>sive</span> <span class='ocrx_word' id='word_1_18' title='bbox 370 656 498 718; x_wconf 87' lang='lat' dir='ltr'>advenae</span> <span class='ocrx_word' id='word_1_19' title='bbox 527 659 630 736; x_wconf 92' lang='lat' dir='ltr'>utique</span> <span class='ocrx_word' id='word_1_20' title='bbox 658 656 815 719; x_wconf 77' lang='lat' dir='ltr'>adventicii</span> <span class='ocrx_word' id='word_1_21' title='bbox 842 657 1047 752; x_wconf 75' lang='lat' dir='ltr'>perhibentur,</span> <span class='ocrx_word' id='word_1_22' title='bbox 1079 677 1154 738; x_wconf 91' lang='lat' dir='ltr'>quae</span> <span class='ocrx_word' id='word_1_23' title='bbox 1184 668 1291 720; x_wconf 92' lang='lat' dir='ltr'>cuncta</span> <span class='ocrx_word' id='word_1_24' title='bbox 1321 678 1358 720; x_wconf 82' lang='lat' dir='ltr'>er</span> <span class='ocrx_word' id='word_1_25' title='bbox 1388 680 1448 721; x_wconf 93' lang='lat' dir='ltr'>uno</span> 
     </span>
     <span class='ocr_line' id='line_1_5' title="bbox 142 756 1448 846; baseline 0.004 -24"><span class='ocrx_word' id='word_1_26' title='bbox 142 781 263 845; x_wconf 89' lang='lat' dir='ltr'>graeco,</span> <span class='ocrx_word' id='word_1_27' title='bbox 286 764 364 843; x_wconf 92' lang='lat' dir='ltr'>quod</span> <span class='ocrx_word' id='word_1_28' title='bbox 384 772 431 824; x_wconf 90' lang='lat' dir='ltr'>est</span> <span class='ocrx_word' id='word_1_29' title='bbox 446 756 621 846; x_wconf 79' lang='grc' dir='ltr'><strong><em>πάροικος,</em></strong></span> <span class='ocrx_word' id='word_1_30' title='bbox 644 767 674 825; x_wconf 92' lang='lat' dir='ltr'>in</span> <span class='ocrx_word' id='word_1_31' title='bbox 695 766 788 825; x_wconf 89' lang='lat' dir='ltr'>sacris</span> <span class='ocrx_word' id='word_1_32' title='bbox 810 764 918 825; x_wconf 89' lang='lat' dir='ltr'>litteris</span> <span class='ocrx_word' id='word_1_33' title='bbox 938 767 1130 845; x_wconf 90' lang='lat' dir='ltr'>interpretata</span> <span class='ocrx_word' id='word_1_34' title='bbox 1155 764 1305 827; x_wconf 90' lang='lat' dir='ltr'>habemus.</span> <span class='ocrx_word' id='word_1_35' title='bbox 1342 785 1377 826; x_wconf 83' lang='lat' dir='ltr'>ex</span> <span class='ocrx_word' id='word_1_36' title='bbox 1401 767 1448 828; x_wconf 91' lang='lat' dir='ltr'>his</span> 
     </span>
     <span class='ocr_line' id='line_1_6' title="bbox 142 868 1450 953; baseline 0.004 -24"><span class='ocrx_word' id='word_1_37' title='bbox 142 868 314 930; x_wconf 85' lang='lat' dir='ltr'>derivantur</span> <span class='ocrx_word' id='word_1_38' title='bbox 333 872 452 931; x_wconf 90' lang='lat' dir='ltr'>nomina</span> <span class='ocrx_word' id='word_1_39' title='bbox 475 870 621 933; x_wconf 76' lang='lat' dir='ltr'>incolatus</span> <span class='ocrx_word' id='word_1_40' title='bbox 641 880 672 932; x_wconf 89' lang='lat' dir='ltr'>et</span> <span class='ocrx_word' id='word_1_41' title='bbox 694 871 903 950; x_wconf 78' lang='lat' dir='ltr'>inquilinatus.¹</span> <span class='ocrx_word' id='word_1_42' title='bbox 935 871 1025 932; x_wconf 91' lang='lat' dir='ltr'>trahit</span> <span class='ocrx_word' id='word_1_43' title='bbox 1048 881 1147 933; x_wconf 92' lang='lat' dir='ltr'>autem</span> <span class='ocrx_word' id='word_1_44' title='bbox 1171 873 1349 953; x_wconf 84' lang='lat' dir='ltr'>inquilinus,</span> <span class='ocrx_word' id='word_1_45' title='bbox 1372 876 1450 934; x_wconf 91' lang='lat' dir='ltr'>sicut</span> 
     </span>
     <span class='ocr_line' id='line_1_7' title="bbox 113 978 1449 1060; baseline 0.005 -26"><span class='ocrx_word' id='word_1_46' title='bbox 113 984 173 1037; x_wconf 80' lang='lat' dir='ltr'>set</span> <span class='ocrx_word' id='word_1_47' title='bbox 191 979 376 1059; x_wconf 89' lang='lat' dir='ltr'>peregrinus,</span> <span class='ocrx_word' id='word_1_48' title='bbox 396 996 632 1058; x_wconf 89' lang='lat' dir='ltr'>nonnumquam</span> <span class='ocrx_word' id='word_1_49' title='bbox 651 996 759 1039; x_wconf 90' lang='lat' dir='ltr'>nomen</span> <span class='ocrx_word' id='word_1_50' title='bbox 779 978 868 1039; x_wconf 86' lang='lat' dir='ltr'>dativi</span> <span class='ocrx_word' id='word_1_51' title='bbox 887 997 984 1060; x_wconf 88' lang='lat' dir='ltr'>casus,</span> <span class='ocrx_word' id='word_1_52' title='bbox 1002 987 1036 1038; x_wconf 93' lang='lat' dir='ltr'>ut</span> <span class='ocrx_word' id='word_1_53' title='bbox 1054 979 1238 1060; x_wconf 80' lang='lat' dir='ltr'>Augustinus</span> <span class='ocrx_word' id='word_1_54' title='bbox 1256 978 1293 1040; x_wconf 94' lang='lat' dir='ltr'>de</span> <span class='ocrx_word' id='word_1_55' title='bbox 1312 980 1449 1059; x_wconf 82' lang='lat' dir='ltr'>reprobis</span> 
     </span>
     <span class='ocr_line' id='line_1_8' title="bbox 142 1079 1448 1168; baseline 0.002 -23"><span class='ocrx_word' id='word_1_56' title='bbox 142 1079 242 1146; x_wconf 79' lang='lat' dir='ltr'>‘sunt</span> <span class='ocrx_word' id='word_1_57' title='bbox 265 1094 382 1146; x_wconf 87' lang='lat' dir='ltr'>autom</span> <span class='ocrx_word' id='word_1_58' title='bbox 406 1092 441 1145; x_wconf 92' lang='lat' dir='ltr'>et</span> <span class='ocrx_word' id='word_1_59' title='bbox 464 1088 535 1165; x_wconf 92' lang='lat' dir='ltr'>ipsi</span> <span class='ocrx_word' id='word_1_60' title='bbox 557 1088 746 1166; x_wconf 90' lang='lat' dir='ltr'>peregrini</span> <span class='ocrx_word' id='word_1_61' title='bbox 769 1093 804 1146; x_wconf 88' lang='lat' dir='ltr'>et</span> <span class='ocrx_word' id='word_1_62' title='bbox 827 1085 1000 1165; x_wconf 87' lang='lat' dir='ltr'>inquilini</span> <span class='ocrx_word' id='word_1_63' title='bbox 1030 1105 1100 1147; x_wconf 91' lang='lat' dir='ltr'>non</span> <span class='ocrx_word' id='word_1_64' title='bbox 1124 1085 1207 1147; x_wconf 91' lang='lat' dir='ltr'>huic</span> <span class='ocrx_word' id='word_1_65' title='bbox 1232 1096 1364 1168; x_wconf 86' lang='lat' dir='ltr'>terrae,</span> <span class='ocrx_word' id='word_1_66' title='bbox 1387 1087 1448 1147; x_wconf 90' lang='lat' dir='ltr'>sed</span> 
     </span>
     <span class='ocr_line' id='line_1_9' title="bbox 140 1186 382 1273; baseline 0.004 -21"><span class='ocrx_word' id='word_1_67' title='bbox 140 1190 275 1273; x_wconf 89' lang='lat' dir='ltr'>populo</span> <span class='ocrx_word' id='word_1_68' title='bbox 299 1186 382 1253; x_wconf 89' lang='lat' dir='ltr'>dei&#39;.</span> 
     </span>
     <span class='ocr_line' id='line_1_10' title="bbox 229 1297 1445 1381; baseline 0.002 -23"><span class='ocrx_word' id='word_1_69' title='bbox 229 1297 385 1378; x_wconf 89' lang='lat' dir='ltr'>lmponere</span> <span class='ocrx_word' id='word_1_70' title='bbox 414 1308 460 1359; x_wconf 89' lang='lat' dir='ltr'>est</span> <span class='ocrx_word' id='word_1_71' title='bbox 488 1318 552 1359; x_wconf 91' lang='lat' dir='ltr'>rem</span> <span class='ocrx_word' id='word_1_72' title='bbox 581 1300 709 1380; x_wconf 88' lang='lat' dir='ltr'>aliquam</span> <span class='ocrx_word' id='word_1_73' title='bbox 737 1302 798 1360; x_wconf 86' lang='lat' dir='ltr'>sire</span> <span class='ocrx_word' id='word_1_74' title='bbox 827 1299 1011 1380; x_wconf 86' lang='lat' dir='ltr'>corporalem</span> <span class='ocrx_word' id='word_1_75' title='bbox 1039 1319 1093 1361; x_wconf 91' lang='lat' dir='ltr'>seu</span> <span class='ocrx_word' id='word_1_76' title='bbox 1121 1301 1336 1381; x_wconf 83' lang='lat' dir='ltr'>incorporalem</span> <span class='ocrx_word' id='word_1_77' title='bbox 1359 1299 1445 1362; x_wconf 89' lang='lat' dir='ltr'>alteri</span> 
     </span>
     <span class='ocr_line' id='line_1_11' title="bbox 140 1405 1449 1489; baseline 0 -21"><span class='ocrx_word' id='word_1_78' title='bbox 140 1409 186 1469; x_wconf 89' lang='lat' dir='ltr'>rei</span> <span class='ocrx_word' id='word_1_79' title='bbox 215 1423 426 1485; x_wconf 86' lang='lat' dir='ltr'>superponere.</span> <span class='ocrx_word' id='word_1_80' title='bbox 469 1405 522 1466; x_wconf 91' lang='lat' dir='ltr'>sed</span> <span class='ocrx_word' id='word_1_81' title='bbox 546 1416 577 1468; x_wconf 90' lang='lat' dir='ltr'>et</span> <span class='ocrx_word' id='word_1_82' title='bbox 602 1411 755 1488; x_wconf 89' lang='lat' dir='ltr'>imponere</span> <span class='ocrx_word' id='word_1_83' title='bbox 779 1426 833 1487; x_wconf 91' lang='lat' dir='ltr'>pro</span> <span class='ocrx_word' id='word_1_84' title='bbox 862 1406 995 1468; x_wconf 78' lang='lat' dir='ltr'>fraudem</span> <span class='ocrx_word' id='word_1_85' title='bbox 1024 1409 1122 1468; x_wconf 88' lang='lat' dir='ltr'>lacere</span> <span class='ocrx_word' id='word_1_86' title='bbox 1146 1407 1302 1487; x_wconf 90' lang='lat' dir='ltr'>aliquando</span> <span class='ocrx_word' id='word_1_87' title='bbox 1331 1407 1449 1489; x_wconf 91' lang='lat' dir='ltr'>dicitur,</span> 
     </span>
     <span class='ocr_line' id='line_1_12' title="bbox 100 1511 1446 1593; baseline 0.006 -26"><span class='ocrx_word' id='word_1_88' title='bbox 100 1511 219 1574; x_wconf 80' lang='lat' dir='ltr'>ronnde</span> <span class='ocrx_word' id='word_1_89' title='bbox 246 1515 410 1592; x_wconf 89' lang='lat' dir='ltr'>impostura</span> <span class='ocrx_word' id='word_1_90' title='bbox 438 1522 569 1593; x_wconf 88' lang='lat' dir='ltr'>vocatur,</span> <span class='ocrx_word' id='word_1_91' title='bbox 597 1531 665 1574; x_wconf 91' lang='lat' dir='ltr'>cum</span> <span class='ocrx_word' id='word_1_92' title='bbox 689 1521 845 1591; x_wconf 90' lang='lat' dir='ltr'>argentum</span> <span class='ocrx_word' id='word_1_93' title='bbox 869 1511 915 1573; x_wconf 88' lang='lat' dir='ltr'>vel</span> <span class='ocrx_word' id='word_1_94' title='bbox 944 1531 1049 1574; x_wconf 91' lang='lat' dir='ltr'>aurum</span> <span class='ocrx_word' id='word_1_95' title='bbox 1072 1512 1167 1575; x_wconf 84' lang='lat' dir='ltr'>viliori</span> <span class='ocrx_word' id='word_1_96' title='bbox 1195 1513 1311 1574; x_wconf 85' lang='lat' dir='ltr'>metallo</span> <span class='ocrx_word' id='word_1_97' title='bbox 1335 1514 1446 1575; x_wconf 86' lang='lat' dir='ltr'>adulte·</span> 
     </span>
     <span class='ocr_line' id='line_1_13' title="bbox 140 1618 1446 1701; baseline 0.002 -23"><span class='ocrx_word' id='word_1_98' title='bbox 140 1627 232 1692; x_wconf 89' lang='lat' dir='ltr'>ratur,</span> <span class='ocrx_word' id='word_1_99' title='bbox 261 1627 291 1679; x_wconf 93' lang='lat' dir='ltr'>et</span> <span class='ocrx_word' id='word_1_100' title='bbox 319 1621 370 1697; x_wconf 90' lang='lat' dir='ltr'>qui</span> <span class='ocrx_word' id='word_1_101' title='bbox 397 1618 454 1680; x_wconf 91' lang='lat' dir='ltr'>hoc</span> <span class='ocrx_word' id='word_1_102' title='bbox 481 1621 551 1681; x_wconf 89' lang='lat' dir='ltr'>lacit</span> <span class='ocrx_word' id='word_1_103' title='bbox 578 1623 723 1701; x_wconf 87' lang='lat' dir='ltr'>impostor</span> <span class='ocrx_word' id='word_1_104' title='bbox 750 1628 880 1681; x_wconf 88' lang='lat' dir='ltr'>vocatur.</span> <span class='ocrx_word' id='word_1_105' title='bbox 917 1618 996 1680; x_wconf 88' lang='lat' dir='ltr'>unde</span> <span class='ocrx_word' id='word_1_106' title='bbox 1025 1622 1113 1681; x_wconf 90' lang='lat' dir='ltr'>etiam</span> <span class='ocrx_word' id='word_1_107' title='bbox 1141 1620 1227 1700; x_wconf 85' lang='lat' dir='ltr'>vulgo</span> <span class='ocrx_word' id='word_1_108' title='bbox 1258 1623 1309 1701; x_wconf 91' lang='lat' dir='ltr'>qui</span> <span class='ocrx_word' id='word_1_109' title='bbox 1337 1621 1446 1700; x_wconf 90' lang='lat' dir='ltr'>aliquid</span> 
     </span>
     <span class='ocr_line' id='line_1_14' title="bbox 140 1725 1444 1807; baseline 0.002 -22"><span class='ocrx_word' id='word_1_110' title='bbox 140 1725 252 1787; x_wconf 76' lang='lat' dir='ltr'>fraudis</span> <span class='ocrx_word' id='word_1_111' title='bbox 285 1725 355 1786; x_wconf 87' lang='lat' dir='ltr'>iacit</span> <span class='ocrx_word' id='word_1_112' title='bbox 386 1734 436 1787; x_wconf 91' lang='lat' dir='ltr'>aut</span> <span class='ocrx_word' id='word_1_113' title='bbox 469 1727 665 1788; x_wconf 88' lang='lat' dir='ltr'>simulationis</span> <span class='ocrx_word' id='word_1_114' title='bbox 698 1730 843 1807; x_wconf 93' lang='lat' dir='ltr'>impostor</span> <span class='ocrx_word' id='word_1_115' title='bbox 878 1727 953 1787; x_wconf 89' lang='lat' dir='ltr'>solet</span> <span class='ocrx_word' id='word_1_116' title='bbox 985 1726 1139 1807; x_wconf 87' lang='lat' dir='ltr'>appellari:</span> <span class='ocrx_word' id='word_1_117' title='bbox 1175 1726 1338 1806; x_wconf 82' lang='lat' dir='ltr'>Gregorius</span> <span class='ocrx_word' id='word_1_118' title='bbox 1370 1746 1444 1807; x_wconf 91' lang='lat' dir='ltr'>papa</span> 
     </span>
     <span class='ocr_line' id='line_1_15' title="bbox 140 1826 1448 1914; baseline 0.003 -23"><span class='ocrx_word' id='word_1_119' title='bbox 140 1826 278 1912; x_wconf 76' lang='lat' dir='ltr'>‘coepit</span> <span class='ocrx_word' id='word_1_120' title='bbox 308 1832 412 1894; x_wconf 89' lang='lat' dir='ltr'>illum</span> <span class='ocrx_word' id='word_1_121' title='bbox 445 1835 697 1896; x_wconf 89' lang='lat' dir='ltr'>simulatorem</span> <span class='ocrx_word' id='word_1_122' title='bbox 730 1844 765 1896; x_wconf 90' lang='lat' dir='ltr'>et</span> <span class='ocrx_word' id='word_1_123' title='bbox 797 1833 905 1894; x_wconf 90' lang='lat' dir='ltr'>verbo</span> <span class='ocrx_word' id='word_1_124' title='bbox 939 1836 1080 1895; x_wconf 91' lang='lat' dir='ltr'>rustico</span> <span class='ocrx_word' id='word_1_125' title='bbox 1112 1836 1345 1914; x_wconf 85' lang='lat' dir='ltr'>impostorem</span> <span class='ocrx_word' id='word_1_126' title='bbox 1377 1834 1448 1895; x_wconf 90' lang='lat' dir='ltr'>cla·</span> 
     </span>
     <span class='ocr_line' id='line_1_16' title="bbox 139 1934 1447 2023; baseline 0.003 -25"><span class='ocrx_word' id='word_1_127' title='bbox 139 1934 258 1999; x_wconf 91' lang='lat' dir='ltr'>mare&#39;.</span> <span class='ocrx_word' id='word_1_128' title='bbox 287 1940 365 2001; x_wconf 90' lang='lat' dir='ltr'>unde</span> <span class='ocrx_word' id='word_1_129' title='bbox 385 1939 476 2000; x_wconf 91' lang='lat' dir='ltr'>habes</span> <span class='ocrx_word' id='word_1_130' title='bbox 494 1943 525 2000; x_wconf 93' lang='lat' dir='ltr'>in</span> <span class='ocrx_word' id='word_1_131' title='bbox 545 1959 628 2002; x_wconf 90' lang='lat' dir='ltr'>sacra</span> <span class='ocrx_word' id='word_1_132' title='bbox 647 1943 795 2021; x_wconf 88' lang='lat' dir='ltr'>scriptura</span> <span class='ocrx_word' id='word_1_133' title='bbox 814 1934 929 2023; x_wconf 74' lang='lat' dir='ltr'>(penes.</span> <span class='ocrx_word' id='word_1_134' title='bbox 944 1940 995 2015; x_wconf 85' lang='lat'>29,</span> <span class='ocrx_word' id='word_1_135' title='bbox 1010 1935 1069 2021; x_wconf 79' lang='lat'>25)</span> <span class='ocrx_word' id='word_1_136' title='bbox 1089 1936 1219 2019; x_wconf 79' lang='lat' dir='ltr'>‘quare</span> <span class='ocrx_word' id='word_1_137' title='bbox 1238 1943 1447 2022; x_wconf 88' lang='lat' dir='ltr'>imposuisti</span> 
     </span>
     <span class='ocr_line' id='line_1_17' title="bbox 98 2041 1446 2131; baseline 0.005 -30"><span class='ocrx_word' id='word_1_138' title='bbox 98 2041 248 2120; x_wconf 73' lang='lat' dir='ltr'>mmihi?</span> <span class='ocrx_word' id='word_1_139' title='bbox 285 2064 399 2106; x_wconf 89' lang='lat' dir='ltr'>nonne</span> <span class='ocrx_word' id='word_1_140' title='bbox 432 2065 497 2127; x_wconf 88' lang='lat' dir='ltr'>pro</span> <span class='ocrx_word' id='word_1_141' title='bbox 525 2047 657 2109; x_wconf 84' lang='lat' dir='ltr'>Rachel</span> <span class='ocrx_word' id='word_1_142' title='bbox 691 2049 824 2108; x_wconf 86' lang='lat' dir='ltr'>servivi</span> <span class='ocrx_word' id='word_1_143' title='bbox 853 2041 963 2108; x_wconf 77' lang='lat' dir='ltr'>tibit&#39;</span> <span class='ocrx_word' id='word_1_144' title='bbox 1001 2055 1031 2107; x_wconf 93' lang='lat' dir='ltr'>et</span> <span class='ocrx_word' id='word_1_145' title='bbox 1064 2048 1095 2106; x_wconf 91' lang='lat' dir='ltr'>in</span> <span class='ocrx_word' id='word_1_146' title='bbox 1123 2065 1228 2125; x_wconf 90' lang='lat' dir='ltr'>regum</span> <span class='ocrx_word' id='word_1_147' title='bbox 1256 2041 1291 2128; x_wconf 89' lang='grc' dir='ltr'>(Ι</span> <span class='ocrx_word' id='word_1_148' title='bbox 1314 2047 1365 2121; x_wconf 83' lang='grc'>28,</span> <span class='ocrx_word' id='word_1_149' title='bbox 1393 2044 1446 2131; x_wconf 84' lang='grc'>12)</span> 
     </span>
     <span class='ocr_line' id='line_1_18' title="bbox 51 2136 1447 2234; baseline 0.002 -22"><span class='ocrx_word' id='word_1_150' title='bbox 51 2215 57 2227; x_wconf 68' lang='grc'>,</span> <span class='ocrx_word' id='word_1_151' title='bbox 139 2146 266 2230; x_wconf 76' lang='lat' dir='ltr'>‘quare</span> <span class='ocrx_word' id='word_1_152' title='bbox 289 2156 500 2233; x_wconf 87' lang='lat' dir='ltr'>imposuisti</span> <span class='ocrx_word' id='word_1_153' title='bbox 522 2136 629 2215; x_wconf 77' lang='lat' dir='ltr'>mihi?</span> <span class='ocrx_word' id='word_1_154' title='bbox 653 2163 691 2215; x_wconf 90' lang='lat' dir='ltr'>tn</span> <span class='ocrx_word' id='word_1_155' title='bbox 714 2172 752 2215; x_wconf 88' lang='lat' dir='ltr'>es</span> <span class='ocrx_word' id='word_1_156' title='bbox 776 2155 868 2214; x_wconf 92' lang='lat' dir='ltr'>euim</span> <span class='ocrx_word' id='word_1_157' title='bbox 888 2147 998 2234; x_wconf 88' lang='lat' dir='ltr'>Saul&#39;,</span> <span class='ocrx_word' id='word_1_158' title='bbox 1021 2152 1077 2213; x_wconf 95' lang='lat' dir='ltr'>hoc</span> <span class='ocrx_word' id='word_1_159' title='bbox 1096 2160 1143 2213; x_wconf 86' lang='lat' dir='ltr'>est</span> <span class='ocrx_word' id='word_1_160' title='bbox 1164 2148 1271 2232; x_wconf 81' lang='lat' dir='ltr'>‘quare</span> <span class='ocrx_word' id='word_1_161' title='bbox 1292 2172 1337 2214; x_wconf 90' lang='lat' dir='ltr'>me</span> <span class='ocrx_word' id='word_1_162' title='bbox 1357 2156 1447 2215; x_wconf 91' lang='lat' dir='ltr'>simu-</span> 
     </span>
     <span class='ocr_line' id='line_1_19' title="bbox 137 2255 1446 2340; baseline 0.003 -22"><span class='ocrx_word' id='word_1_163' title='bbox 137 2257 246 2320; x_wconf 92' lang='lat' dir='ltr'>latione</span> <span class='ocrx_word' id='word_1_164' title='bbox 270 2260 409 2340; x_wconf 89' lang='lat' dir='ltr'>decipere</span> <span class='ocrx_word' id='word_1_165' title='bbox 433 2270 464 2322; x_wconf 90' lang='lat' dir='ltr'>et</span> <span class='ocrx_word' id='word_1_166' title='bbox 486 2261 620 2323; x_wconf 90' lang='lat' dir='ltr'>lraudem</span> <span class='ocrx_word' id='word_1_167' title='bbox 643 2264 741 2323; x_wconf 88' lang='lat' dir='ltr'>iacere</span> <span class='ocrx_word' id='word_1_168' title='bbox 760 2255 917 2322; x_wconf 80' lang='lat' dir='ltr'>voluisti?&#39;</span> <span class='ocrx_word' id='word_1_169' title='bbox 941 2267 972 2320; x_wconf 89' lang='lat' dir='ltr'>et</span> <span class='ocrx_word' id='word_1_170' title='bbox 989 2260 1172 2339; x_wconf 79' lang='lat' dir='ltr'>Augustinus</span> <span class='ocrx_word' id='word_1_171' title='bbox 1196 2255 1247 2322; x_wconf 76' lang='lat' dir='ltr'>‘et</span> <span class='ocrx_word' id='word_1_172' title='bbox 1269 2261 1350 2321; x_wconf 92' lang='lat' dir='ltr'>ideo</span> <span class='ocrx_word' id='word_1_173' title='bbox 1375 2262 1446 2322; x_wconf 89' lang='lat' dir='ltr'>sibi</span> 
     </span>
     <span class='ocr_line' id='line_1_20' title="bbox 139 2367 1447 2447; baseline 0.004 -22"><span class='ocrx_word' id='word_1_174' title='bbox 139 2367 247 2426; x_wconf 89' lang='lat' dir='ltr'>miser</span> <span class='ocrx_word' id='word_1_175' title='bbox 284 2368 455 2447; x_wconf 89' lang='lat' dir='ltr'>imponit:</span> <span class='ocrx_word' id='word_1_176' title='bbox 492 2368 563 2428; x_wconf 92' lang='lat' dir='ltr'>sibi</span> <span class='ocrx_word' id='word_1_177' title='bbox 598 2370 691 2429; x_wconf 90' lang='lat' dir='ltr'>enim</span> <span class='ocrx_word' id='word_1_178' title='bbox 729 2367 1018 2429; x_wconf 82' lang='lat' dir='ltr'>fraudemiacit</span> <span class='ocrx_word' id='word_1_179' title='bbox 1048 2368 1109 2447; x_wconf 94' lang='lat' dir='ltr'>qui</span> <span class='ocrx_word' id='word_1_180' title='bbox 1141 2367 1262 2446; x_wconf 90' lang='lat' dir='ltr'>perdit</span> <span class='ocrx_word' id='word_1_181' title='bbox 1299 2368 1447 2430; x_wconf 89' lang='lat' dir='ltr'>meliora</span> 
     </span>
     <span class='ocr_line' id='line_1_21' title="bbox 139 2470 459 2553; baseline 0.016 -22"><span class='ocrx_word' id='word_1_182' title='bbox 139 2472 287 2533; x_wconf 89' lang='lat' dir='ltr'>amando</span> <span class='ocrx_word' id='word_1_183' title='bbox 311 2470 459 2553; x_wconf 89' lang='lat' dir='ltr'>peiora&#39;.</span> 
     </span>
     <span class='ocr_line' id='line_1_22' title="bbox 99 2578 1446 2662; baseline 0.004 -26"><span class='ocrx_word' id='word_1_184' title='bbox 99 2596 127 2636; x_wconf 79' lang='lat' dir='ltr'>ao</span> <span class='ocrx_word' id='word_1_185' title='bbox 229 2579 323 2659; x_wconf 89' lang='lat' dir='ltr'>Large</span> <span class='ocrx_word' id='word_1_186' title='bbox 347 2589 377 2641; x_wconf 91' lang='lat' dir='ltr'>et</span> <span class='ocrx_word' id='word_1_187' title='bbox 399 2578 534 2660; x_wconf 86' lang='lat' dir='ltr'>largiter:</span> <span class='ocrx_word' id='word_1_188' title='bbox 556 2582 649 2643; x_wconf 91' lang='lat' dir='ltr'>lulius</span> <span class='ocrx_word' id='word_1_189' title='bbox 669 2582 820 2643; x_wconf 84' lang='lat' dir='ltr'>Modestus</span> <span class='ocrx_word' id='word_1_190' title='bbox 839 2589 1000 2659; x_wconf 88' lang='lat' dir='ltr'>utrumque</span> <span class='ocrx_word' id='word_1_191' title='bbox 1024 2588 1107 2641; x_wconf 90' lang='lat' dir='ltr'>recte</span> <span class='ocrx_word' id='word_1_192' title='bbox 1130 2579 1189 2640; x_wconf 91' lang='lat' dir='ltr'>dici</span> <span class='ocrx_word' id='word_1_193' title='bbox 1213 2582 1265 2662; x_wconf 90' lang='lat' dir='ltr'>ait,</span> <span class='ocrx_word' id='word_1_194' title='bbox 1290 2580 1342 2642; x_wconf 89' lang='lat' dir='ltr'>sed</span> <span class='ocrx_word' id='word_1_195' title='bbox 1365 2581 1446 2661; x_wconf 89' lang='lat' dir='ltr'>large</span> 
     </span>
     <span class='ocr_line' id='line_1_23' title="bbox 138 2686 744 2769; baseline 0.008 -25"><span class='ocrx_word' id='word_1_196' title='bbox 138 2703 204 2746; x_wconf 87' lang='lat' dir='ltr'>esse</span> <span class='ocrx_word' id='word_1_197' title='bbox 229 2686 392 2769; x_wconf 84' lang='lat' dir='ltr'>qualitatis,</span> <span class='ocrx_word' id='word_1_198' title='bbox 415 2687 538 2767; x_wconf 88' lang='lat' dir='ltr'>largiter</span> <span class='ocrx_word' id='word_1_199' title='bbox 562 2691 744 2767; x_wconf 88' lang='lat' dir='ltr'>quantitatis.</span> 
     </span>
     <span class='ocr_line' id='line_1_24' title="bbox 228 2792 1444 2877; baseline 0.003 -25"><span class='ocrx_word' id='word_1_200' title='bbox 228 2792 418 2854; x_wconf 88' lang='lat' dir='ltr'>Libidinosus</span> <span class='ocrx_word' id='word_1_201' title='bbox 448 2813 464 2854; x_wconf 93' lang='lat' dir='ltr'>a</span> <span class='ocrx_word' id='word_1_202' title='bbox 495 2793 615 2855; x_wconf 90' lang='lat' dir='ltr'>libidine</span> <span class='ocrx_word' id='word_1_203' title='bbox 646 2814 701 2875; x_wconf 90' lang='lat' dir='ltr'>per</span> <span class='ocrx_word' id='word_1_204' title='bbox 730 2794 765 2877; x_wconf 91' lang='lat' dir='ltr'>b,</span> <span class='ocrx_word' id='word_1_205' title='bbox 799 2793 906 2854; x_wconf 88' lang='lat' dir='ltr'>lividus</span> <span class='ocrx_word' id='word_1_206' title='bbox 935 2811 952 2853; x_wconf 93' lang='lat' dir='ltr'>a</span> <span class='ocrx_word' id='word_1_207' title='bbox 982 2792 1074 2852; x_wconf 88' lang='lat' dir='ltr'>livore</span> <span class='ocrx_word' id='word_1_208' title='bbox 1107 2811 1161 2872; x_wconf 91' lang='lat' dir='ltr'>per</span> <span class='ocrx_word' id='word_1_209' title='bbox 1192 2812 1208 2851; x_wconf 86' lang='lat' dir='ltr'>r</span> <span class='ocrx_word' id='word_1_210' title='bbox 1238 2794 1444 2872; x_wconf 88' lang='lat' dir='ltr'>prolerendus.</span> 
     </span>
     <span class='ocr_line' id='line_1_25' title="bbox 138 2897 346 2979; baseline 0.019 -22"><span class='ocrx_word' id='word_1_211' title='bbox 138 2897 219 2960; x_wconf 92' lang='lat' dir='ltr'>larba</span> <span class='ocrx_word' id='word_1_212' title='bbox 242 2919 296 2979; x_wconf 91' lang='lat' dir='ltr'>per</span> <span class='ocrx_word' id='word_1_213' title='bbox 318 2900 346 2962; x_wconf 90' lang='lat' dir='ltr'>b.</span> 
     </span>
     <span class='ocr_line' id='line_1_26' title="bbox 84 3002 1442 3090; baseline 0.003 -24"><span class='ocrx_word' id='word_1_214' title='bbox 84 3027 88 3032; x_wconf 92' lang='lat'>·</span> <span class='ocrx_word' id='word_1_215' title='bbox 226 3006 376 3068; x_wconf 86' lang='lat' dir='ltr'>Luditlcor</span> <span class='ocrx_word' id='word_1_216' title='bbox 395 3008 519 3069; x_wconf 92' lang='lat' dir='ltr'>stultum</span> <span class='ocrx_word' id='word_1_217' title='bbox 537 3017 568 3069; x_wconf 88' lang='lat' dir='ltr'>et</span> <span class='ocrx_word' id='word_1_218' title='bbox 585 3008 703 3090; x_wconf 88' lang='lat' dir='ltr'>deludo,</span> <span class='ocrx_word' id='word_1_219' title='bbox 726 3007 805 3087; x_wconf 89' lang='lat' dir='ltr'>quod</span> <span class='ocrx_word' id='word_1_220' title='bbox 824 3009 905 3068; x_wconf 85' lang='lat' dir='ltr'>venit</span> <span class='ocrx_word' id='word_1_221' title='bbox 923 3025 958 3067; x_wconf 84' lang='lat' dir='ltr'>ex</span> <span class='ocrx_word' id='word_1_222' title='bbox 977 3025 1037 3067; x_wconf 92' lang='lat' dir='ltr'>uno</span> <span class='ocrx_word' id='word_1_223' title='bbox 1056 3025 1163 3085; x_wconf 91' lang='lat' dir='ltr'>graeco</span> <span class='ocrx_word' id='word_1_224' title='bbox 1183 3002 1335 3089; x_wconf 79' lang='grc' dir='ltr'><strong><em>ἐμπαίζω,</em></strong></span> <span class='ocrx_word' id='word_1_225' title='bbox 1358 3028 1442 3089; x_wconf 93' lang='lat' dir='ltr'>prae·</span> 
     </span>
     <span class='ocr_line' id='line_1_27' title="bbox 97 3113 1251 3196; baseline 0.004 -26"><span class='ocrx_word' id='word_1_226' title='bbox 97 3131 124 3171; x_wconf 81' lang='lat' dir='ltr'>as</span> <span class='ocrx_word' id='word_1_227' title='bbox 140 3113 228 3172; x_wconf 88' lang='lat' dir='ltr'>terito</span> <span class='ocrx_word' id='word_1_228' title='bbox 251 3115 384 3193; x_wconf 88' lang='lat' dir='ltr'>perlecto</span> <span class='ocrx_word' id='word_1_229' title='bbox 408 3115 575 3176; x_wconf 80' lang='lat' dir='ltr'>ludificatus</span> <span class='ocrx_word' id='word_1_230' title='bbox 598 3134 678 3196; x_wconf 84' lang='lat' dir='ltr'>sum3</span> <span class='ocrx_word' id='word_1_231' title='bbox 701 3121 818 3176; x_wconf 85' lang='lat' dir='ltr'>veteres</span> <span class='ocrx_word' id='word_1_232' title='bbox 841 3133 911 3175; x_wconf 90' lang='lat' dir='ltr'>rero</span> <span class='ocrx_word' id='word_1_233' title='bbox 935 3113 1081 3174; x_wconf 83' lang='lat' dir='ltr'>ludificari</span> <span class='ocrx_word' id='word_1_234' title='bbox 1104 3114 1251 3175; x_wconf 77' lang='lat' dir='ltr'>diuerunt.</span> 
     </span>
     <span class='ocr_line' id='line_1_28' title="bbox 226 3220 1441 3302; baseline 0.002 -21"><span class='ocrx_word' id='word_1_235' title='bbox 226 3220 349 3282; x_wconf 88' lang='lat' dir='ltr'>Labium</span> <span class='ocrx_word' id='word_1_236' title='bbox 373 3225 512 3302; x_wconf 90' lang='lat' dir='ltr'>superius</span> <span class='ocrx_word' id='word_1_237' title='bbox 533 3222 651 3302; x_wconf 90' lang='lat' dir='ltr'>dicitur,</span> <span class='ocrx_word' id='word_1_238' title='bbox 675 3221 789 3283; x_wconf 91' lang='lat' dir='ltr'>labrum</span> <span class='ocrx_word' id='word_1_239' title='bbox 812 3222 952 3301; x_wconf 90' lang='lat' dir='ltr'>inlerius,</span> <span class='ocrx_word' id='word_1_240' title='bbox 975 3230 1108 3281; x_wconf 88' lang='lat' dir='ltr'>rostrum</span> <span class='ocrx_word' id='word_1_241' title='bbox 1131 3240 1191 3289; x_wconf 90' lang='lat' dir='ltr'>non</span> <span class='ocrx_word' id='word_1_242' title='bbox 1214 3223 1272 3281; x_wconf 89' lang='lat' dir='ltr'>nisi</span> <span class='ocrx_word' id='word_1_243' title='bbox 1295 3221 1373 3300; x_wconf 92' lang='lat' dir='ltr'>quod</span> <span class='ocrx_word' id='word_1_244' title='bbox 1398 3225 1441 3283; x_wconf 92' lang='lat' dir='ltr'>in·</span> 
     </span>
     <span class='ocr_line' id='line_1_29' title="bbox 137 3337 339 3389; baseline 0.01 -2"><span class='ocrx_word' id='word_1_245' title='bbox 137 3346 263 3389; x_wconf 83' lang='lat' dir='ltr'>currum</span> <span class='ocrx_word' id='word_1_246' title='bbox 286 3337 339 3389; x_wconf 82' lang='lat' dir='ltr'>est</span> 
     </span>
     <span class='ocr_line' id='line_1_30' title="bbox 225 3429 1443 3516; baseline 0.004 -23"><span class='ocrx_word' id='word_1_247' title='bbox 225 3434 330 3495; x_wconf 90' lang='lat' dir='ltr'>Latere</span> <span class='ocrx_word' id='word_1_248' title='bbox 360 3429 398 3496; x_wconf 63' lang='lat' dir='ltr'>et‘</span> <span class='ocrx_word' id='word_1_249' title='bbox 417 3435 594 3497; x_wconf 88' lang='lat' dir='ltr'>absconsum</span> <span class='ocrx_word' id='word_1_250' title='bbox 621 3454 687 3496; x_wconf 90' lang='lat' dir='ltr'>esse</span> <span class='ocrx_word' id='word_1_251' title='bbox 716 3433 826 3514; x_wconf 95' lang='lat' dir='ltr'>aliquid</span> <span class='ocrx_word' id='word_1_252' title='bbox 854 3433 981 3494; x_wconf 89' lang='lat' dir='ltr'>dicimus</span> <span class='ocrx_word' id='word_1_253' title='bbox 1009 3441 1040 3494; x_wconf 89' lang='lat' dir='ltr'>et</span> <span class='ocrx_word' id='word_1_254' title='bbox 1066 3433 1124 3494; x_wconf 90' lang='lat' dir='ltr'>late</span> <span class='ocrx_word' id='word_1_255' title='bbox 1152 3444 1267 3514; x_wconf 90' lang='lat' dir='ltr'>patere:</span> <span class='ocrx_word' id='word_1_256' title='bbox 1297 3434 1443 3516; x_wconf 90' lang='lat' dir='ltr'>Vergilius</span> 
     </span>
     <span class='ocr_line' id='line_1_31' title="bbox 136 3533 986 3624; baseline 0.001 -23"><span class='ocrx_word' id='word_1_257' title='bbox 136 3533 224 3623; x_wconf 79' lang='lat' dir='ltr'>(Aen.</span> <span class='ocrx_word' id='word_1_258' title='bbox 249 3537 405 3624; x_wconf 79' lang='lat'><em>111237)</em></span> <span class='ocrx_word' id='word_1_259' title='bbox 430 3538 480 3603; x_wconf 77' lang='lat' dir='ltr'>‘et</span> <span class='ocrx_word' id='word_1_260' title='bbox 503 3553 604 3604; x_wconf 91' lang='lat' dir='ltr'>scuta</span> <span class='ocrx_word' id='word_1_261' title='bbox 627 3542 780 3603; x_wconf 91' lang='lat' dir='ltr'>latentia</span> <span class='ocrx_word' id='word_1_262' title='bbox 804 3536 986 3602; x_wconf 89' lang='lat' dir='ltr'>couduut&#39;.</span> 
     </span>
     <span class='ocr_line' id='line_1_32' title="bbox 95 3648 1443 3732; baseline 0.007 -28"><span class='ocrx_word' id='word_1_263' title='bbox 95 3662 124 3704; x_wconf 80' lang='lat' dir='ltr'>ao</span> <span class='ocrx_word' id='word_1_264' title='bbox 226 3648 324 3728; x_wconf 88' lang='lat' dir='ltr'>Lepus</span> <span class='ocrx_word' id='word_1_265' title='bbox 344 3649 451 3710; x_wconf 88' lang='lat' dir='ltr'>animal</span> <span class='ocrx_word' id='word_1_266' title='bbox 470 3661 529 3732; x_wconf 89' lang='lat' dir='ltr'>est,</span> <span class='ocrx_word' id='word_1_267' title='bbox 552 3650 636 3730; x_wconf 88' lang='lat' dir='ltr'>lepos</span> <span class='ocrx_word' id='word_1_268' title='bbox 654 3648 822 3711; x_wconf 89' lang='lat' dir='ltr'>iucunditas</span> <span class='ocrx_word' id='word_1_269' title='bbox 846 3648 1018 3729; x_wconf 89' lang='lat' dir='ltr'>voluptatis,</span> <span class='ocrx_word' id='word_1_270' title='bbox 1038 3648 1117 3710; x_wconf 90' lang='lat' dir='ltr'>unde</span> <span class='ocrx_word' id='word_1_271' title='bbox 1141 3659 1172 3710; x_wconf 88' lang='lat' dir='ltr'>et</span> <span class='ocrx_word' id='word_1_272' title='bbox 1194 3659 1311 3729; x_wconf 89' lang='lat' dir='ltr'>gratum</span> <span class='ocrx_word' id='word_1_273' title='bbox 1334 3651 1443 3731; x_wconf 92' lang='lat' dir='ltr'>aliquid</span> 
     </span>
     <span class='ocr_line' id='line_1_33' title="bbox 136 3753 424 3835; baseline 0.007 -21"><span class='ocrx_word' id='word_1_274' title='bbox 136 3753 266 3835; x_wconf 92' lang='lat' dir='ltr'>lepidum</span> <span class='ocrx_word' id='word_1_275' title='bbox 290 3756 424 3817; x_wconf 90' lang='lat' dir='ltr'>dicimus.</span> 
     </span>
     <span class='ocr_line' id='line_1_34' title="bbox 223 3862 848 3947; baseline 0.003 -25"><span class='ocrx_word' id='word_1_276' title='bbox 223 3862 327 3923; x_wconf 90' lang='lat' dir='ltr'>Limen</span> <span class='ocrx_word' id='word_1_277' title='bbox 350 3862 467 3924; x_wconf 92' lang='lat' dir='ltr'>aedium</span> <span class='ocrx_word' id='word_1_278' title='bbox 491 3873 549 3947; x_wconf 88' lang='lat' dir='ltr'>est,</span> <span class='ocrx_word' id='word_1_279' title='bbox 572 3863 658 3925; x_wconf 89' lang='lat' dir='ltr'>limes</span> <span class='ocrx_word' id='word_1_280' title='bbox 681 3865 848 3943; x_wconf 88' lang='lat' dir='ltr'>regionum.</span> 
     </span>
    </p>
   </div>
   <div class='ocr_carea' id='block_1_3' title="bbox 37 4033 1498 4906">
    <p class='ocr_par' dir='ltr' id='par_1_3' title="bbox 37 4033 1498 4906">
     <span class='ocr_line' id='line_1_35' title="bbox 225 4033 1498 4106; baseline 0 -19"><span class='ocrx_word' id='word_1_281' title='bbox 225 4033 312 4088; x_wconf 86' lang='lat' dir='ltr'>laed</span> <span class='ocrx_word' id='word_1_282' title='bbox 334 4034 495 4089; x_wconf 76' lang='lat' dir='ltr'>habitantes</span> <span class='ocrx_word' id='word_1_283' title='bbox 520 4036 558 4089; x_wconf 88' lang='lat' dir='ltr'><strong><em>M</em></strong></span> <span class='ocrx_word' id='word_1_284' title='bbox 578 4035 708 4091; x_wconf 85' lang='lat' dir='ltr'>habitant</span> <span class='ocrx_word' id='word_1_285' title='bbox 732 4034 789 4089; x_wconf 89' lang='lat' dir='ltr'>PL</span> <span class='ocrx_word' id='word_1_286' title='bbox 874 4034 1066 4091; x_wconf 77' lang='lat' dir='ltr'>saaventieii</span> <span class='ocrx_word' id='word_1_287' title='bbox 1092 4068 1122 4075; x_wconf 92' lang='lat'>-</span> <span class='ocrx_word' id='word_1_288' title='bbox 1155 4039 1256 4106; x_wconf 80' lang='lat' dir='ltr'>cuncta</span> <span class='ocrx_word' id='word_1_289' title='bbox 1277 4053 1328 4104; x_wconf 83' lang='lat' dir='ltr'>om.</span> <span class='ocrx_word' id='word_1_290' title='bbox 1347 4038 1373 4091; x_wconf 89' lang='lat' dir='ltr'><strong><em>L</em></strong></span> <span class='ocrx_word' id='word_1_291' title='bbox 1488 4068 1498 4087; x_wconf 89' lang='lat'><strong>.</strong></span> 
     </span>
     <span class='ocr_line' id='line_1_36' title="bbox 135 4108 1373 4186; baseline 0.002 -20"><span class='ocrx_word' id='word_1_292' title='bbox 135 4108 347 4170; x_wconf 72' lang='grc' dir='ltr'>3ΠὰΡΙΟΙΚο(</span> <span class='ocrx_word' id='word_1_293' title='bbox 366 4115 391 4168; x_wconf 91' lang='lat' dir='ltr'><strong><em>L</em></strong></span> <span class='ocrx_word' id='word_1_294' title='bbox 409 4111 554 4173; x_wconf 74' lang='lat' dir='ltr'>nhrtttoc</span> <span class='ocrx_word' id='word_1_295' title='bbox 575 4115 603 4168; x_wconf 94' lang='lat' dir='ltr'><em>P</em></span> <span class='ocrx_word' id='word_1_296' title='bbox 682 4115 817 4169; x_wconf 87' lang='lat' dir='ltr'>habemus</span> <span class='ocrx_word' id='word_1_297' title='bbox 835 4114 1021 4186; x_wconf 80' lang='lat' dir='ltr'>interpretata</span> <span class='ocrx_word' id='word_1_298' title='bbox 1040 4117 1068 4169; x_wconf 94' lang='lat' dir='ltr'><strong><em>P</em></strong></span> <span class='ocrx_word' id='word_1_299' title='bbox 1144 4122 1161 4169; x_wconf 79' lang='lat'>4</span> <span class='ocrx_word' id='word_1_300' title='bbox 1180 4116 1265 4186; x_wconf 89' lang='lat' dir='ltr'>sicut]</span> <span class='ocrx_word' id='word_1_301' title='bbox 1285 4115 1325 4168; x_wconf 89' lang='lat' dir='ltr'>sic</span> <span class='ocrx_word' id='word_1_302' title='bbox 1345 4116 1373 4169; x_wconf 88' lang='lat' dir='ltr'><em>P</em></span> 
     </span>
     <span class='ocr_line' id='line_1_37' title="bbox 134 4193 1443 4265; baseline 0.004 -20"><span class='ocrx_word' id='word_1_303' title='bbox 134 4198 275 4248; x_wconf 74' lang='lat' dir='ltr'>onumen</span> <span class='ocrx_word' id='word_1_304' title='bbox 299 4211 350 4250; x_wconf 80' lang='lat' dir='ltr'>mn.</span> <span class='ocrx_word' id='word_1_305' title='bbox 370 4196 408 4247; x_wconf 87' lang='lat' dir='ltr'><strong><em>M</em></strong></span> <span class='ocrx_word' id='word_1_306' title='bbox 478 4195 647 4264; x_wconf 76' lang='lat' dir='ltr'>cinquilini</span> <span class='ocrx_word' id='word_1_307' title='bbox 669 4193 735 4249; x_wconf 90' lang='lat' dir='ltr'>huic</span> <span class='ocrx_word' id='word_1_308' title='bbox 758 4197 850 4249; x_wconf 88' lang='lat' dir='ltr'>terrae</span> <span class='ocrx_word' id='word_1_309' title='bbox 869 4195 917 4248; x_wconf 88' lang='lat' dir='ltr'>sed</span> <span class='ocrx_word' id='word_1_310' title='bbox 936 4211 992 4249; x_wconf 90' lang='lat' dir='ltr'>non</span> <span class='ocrx_word' id='word_1_311' title='bbox 1011 4196 1045 4248; x_wconf 92' lang='lat' dir='ltr'>de</span> <span class='ocrx_word' id='word_1_312' title='bbox 1070 4194 1174 4265; x_wconf 86' lang='lat' dir='ltr'>populo</span> <span class='ocrx_word' id='word_1_313' title='bbox 1194 4194 1240 4248; x_wconf 89' lang='lat' dir='ltr'>dei</span> <span class='ocrx_word' id='word_1_314' title='bbox 1258 4194 1306 4252; x_wconf 79' lang='lat' dir='ltr'>Ls</span> <span class='ocrx_word' id='word_1_315' title='bbox 1378 4198 1443 4250; x_wconf 86' lang='lat' dir='ltr'>9et</span> 
     </span>
     <span class='ocr_line' id='line_1_38' title="bbox 133 4272 1442 4346; baseline 0.002 -20"><span class='ocrx_word' id='word_1_316' title='bbox 133 4272 221 4327; x_wconf 76' lang='lat' dir='ltr'>onaL</span> <span class='ocrx_word' id='word_1_317' title='bbox 273 4275 336 4344; x_wconf 86' lang='lat' dir='ltr'>pro]</span> <span class='ocrx_word' id='word_1_318' title='bbox 352 4291 435 4344; x_wconf 88' lang='lat' dir='ltr'>super</span> <span class='ocrx_word' id='word_1_319' title='bbox 450 4275 479 4328; x_wconf 91' lang='lat' dir='ltr'><em>P</em></span> <span class='ocrx_word' id='word_1_320' title='bbox 526 4283 560 4330; x_wconf 90' lang='lat'>10</span> <span class='ocrx_word' id='word_1_321' title='bbox 574 4274 741 4346; x_wconf 84' lang='lat' dir='ltr'>impostura]</span> <span class='ocrx_word' id='word_1_322' title='bbox 757 4273 907 4344; x_wconf 76' lang='lat' dir='ltr'>inportuna</span> <span class='ocrx_word' id='word_1_323' title='bbox 923 4274 952 4326; x_wconf 92' lang='lat' dir='ltr'><em>P</em></span> <span class='ocrx_word' id='word_1_324' title='bbox 998 4273 1104 4345; x_wconf 87' lang='lat' dir='ltr'>niliori]</span> <span class='ocrx_word' id='word_1_325' title='bbox 1118 4272 1220 4328; x_wconf 83' lang='lat' dir='ltr'>uiolari</span> <span class='ocrx_word' id='word_1_326' title='bbox 1233 4273 1262 4327; x_wconf 90' lang='lat' dir='ltr'><em>P</em></span> <span class='ocrx_word' id='word_1_327' title='bbox 1309 4280 1340 4326; x_wconf 92' lang='lat'>11</span> <span class='ocrx_word' id='word_1_328' title='bbox 1357 4274 1442 4328; x_wconf 88' lang='lat' dir='ltr'>etiam</span> 
     </span>
     <span class='ocr_line' id='line_1_39' title="bbox 133 4352 1439 4425; baseline 0.001 -19"><span class='ocrx_word' id='word_1_329' title='bbox 133 4368 183 4406; x_wconf 87' lang='lat' dir='ltr'>om.</span> <span class='ocrx_word' id='word_1_330' title='bbox 204 4353 243 4406; x_wconf 96' lang='lat' dir='ltr'><strong><em>M</em></strong></span> <span class='ocrx_word' id='word_1_331' title='bbox 313 4360 345 4409; x_wconf 87' lang='grc'>11</span> <span class='ocrx_word' id='word_1_332' title='bbox 365 4357 415 4409; x_wconf 85' lang='lat' dir='ltr'>aut</span> <span class='ocrx_word' id='word_1_333' title='bbox 434 4373 484 4410; x_wconf 89' lang='lat' dir='ltr'>om.</span> <span class='ocrx_word' id='word_1_334' title='bbox 506 4355 534 4408; x_wconf 93' lang='lat' dir='ltr'><em>P</em></span> <span class='ocrx_word' id='word_1_335' title='bbox 604 4362 637 4410; x_wconf 85' lang='lat'>13</span> <span class='ocrx_word' id='word_1_336' title='bbox 657 4355 750 4425; x_wconf 87' lang='lat' dir='ltr'>coepit</span> <span class='ocrx_word' id='word_1_337' title='bbox 767 4354 848 4408; x_wconf 86' lang='lat' dir='ltr'>illurn</span> <span class='ocrx_word' id='word_1_338' title='bbox 867 4352 1059 4408; x_wconf 76' lang='lat' dir='ltr'>simulatorem</span> <span class='ocrx_word' id='word_1_339' title='bbox 1078 4370 1129 4408; x_wconf 86' lang='lat' dir='ltr'>om.</span> <span class='ocrx_word' id='word_1_340' title='bbox 1143 4353 1170 4407; x_wconf 86' lang='lat' dir='ltr'><strong><em>L</em></strong></span> <span class='ocrx_word' id='word_1_341' title='bbox 1243 4358 1275 4406; x_wconf 84' lang='lat'>15</span> <span class='ocrx_word' id='word_1_342' title='bbox 1295 4369 1386 4407; x_wconf 91' lang='lat' dir='ltr'>nonne</span> <span class='ocrx_word' id='word_1_343' title='bbox 1406 4385 1439 4394; x_wconf 90' lang='lat'>—</span> 
     </span>
     <span class='ocr_line' id='line_1_40' title="bbox 37 4431 1445 4503; baseline 0.001 -19"><span class='ocrx_word' id='word_1_344' title='bbox 37 4479 84 4500; x_wconf 45' lang='grc'>,,</span> <span class='ocrx_word' id='word_1_345' title='bbox 133 4432 290 4503; x_wconf 77' lang='lat' dir='ltr'>imposuisti</span> <span class='ocrx_word' id='word_1_346' title='bbox 309 4434 447 4488; x_wconf 76' lang='lat' dir='ltr'>mihique.</span> <span class='ocrx_word' id='word_1_347' title='bbox 468 4437 505 4488; x_wconf 90' lang='grc' dir='ltr'><em>Μ</em></span> <span class='ocrx_word' id='word_1_348' title='bbox 567 4442 601 4489; x_wconf 87' lang='grc'>16</span> <span class='ocrx_word' id='word_1_349' title='bbox 620 4435 690 4489; x_wconf 91' lang='lat' dir='ltr'>mihi</span> <span class='ocrx_word' id='word_1_350' title='bbox 707 4451 757 4490; x_wconf 84' lang='lat' dir='ltr'>om.</span> <span class='ocrx_word' id='word_1_351' title='bbox 777 4434 805 4488; x_wconf 95' lang='lat' dir='ltr'><em>P</em></span> <span class='ocrx_word' id='word_1_352' title='bbox 863 4431 1074 4488; x_wconf 76' lang='lat' dir='ltr'>insimulatione</span> <span class='ocrx_word' id='word_1_353' title='bbox 1095 4433 1162 4486; x_wconf 89' lang='lat' dir='ltr'>ML</span> <span class='ocrx_word' id='word_1_354' title='bbox 1225 4438 1258 4487; x_wconf 77' lang='lat'>19</span> <span class='ocrx_word' id='word_1_355' title='bbox 1277 4433 1398 4487; x_wconf 86' lang='lat' dir='ltr'>amanda</span> <span class='ocrx_word' id='word_1_356' title='bbox 1416 4433 1445 4486; x_wconf 92' lang='lat' dir='ltr'><em>P</em></span> 
     </span>
     <span class='ocr_line' id='line_1_41' title="bbox 169 4511 1439 4586; baseline 0.003 -20"><span class='ocrx_word' id='word_1_357' title='bbox 169 4518 204 4567; x_wconf 86' lang='grc'><strong>10</strong></span> <span class='ocrx_word' id='word_1_358' title='bbox 222 4514 312 4584; x_wconf 86' lang='lat' dir='ltr'>Large</span> <span class='ocrx_word' id='word_1_359' title='bbox 326 4518 356 4569; x_wconf 87' lang='lat' dir='ltr'>et</span> <span class='ocrx_word' id='word_1_360' title='bbox 368 4514 485 4584; x_wconf 88' lang='lat' dir='ltr'>largiter</span> <span class='ocrx_word' id='word_1_361' title='bbox 503 4515 551 4573; x_wconf 70' lang='lat' dir='ltr'>Le</span> <span class='ocrx_word' id='word_1_362' title='bbox 570 4515 692 4584; x_wconf 84' lang='lat' dir='ltr'>largest</span> <span class='ocrx_word' id='word_1_363' title='bbox 711 4514 831 4584; x_wconf 81' lang='lat' dir='ltr'>largitus</span> <span class='ocrx_word' id='word_1_364' title='bbox 852 4513 880 4567; x_wconf 95' lang='lat' dir='ltr'><em>P</em></span> <span class='ocrx_word' id='word_1_365' title='bbox 896 4511 1000 4581; x_wconf 84' lang='lat' dir='ltr'>largire</span> <span class='ocrx_word' id='word_1_366' title='bbox 1013 4515 1043 4567; x_wconf 83' lang='lat' dir='ltr'>et</span> <span class='ocrx_word' id='word_1_367' title='bbox 1061 4512 1178 4582; x_wconf 85' lang='lat' dir='ltr'>largitor</span> <span class='ocrx_word' id='word_1_368' title='bbox 1197 4513 1234 4567; x_wconf 91' lang='grc' dir='ltr'><em>Μ</em></span> <span class='ocrx_word' id='word_1_369' title='bbox 1286 4514 1439 4586; x_wconf 81' lang='lat' dir='ltr'>Modestus]</span> 
     </span>
     <span class='ocr_line' id='line_1_42' title="bbox 133 4592 1439 4668; baseline 0.002 -21"><span class='ocrx_word' id='word_1_370' title='bbox 133 4592 268 4647; x_wconf 85' lang='lat' dir='ltr'>molestus</span> <span class='ocrx_word' id='word_1_371' title='bbox 287 4595 316 4647; x_wconf 90' lang='lat' dir='ltr'><em>P</em></span> <span class='ocrx_word' id='word_1_372' title='bbox 386 4594 441 4649; x_wconf 88' lang='lat' dir='ltr'>dici</span> <span class='ocrx_word' id='word_1_373' title='bbox 460 4596 502 4650; x_wconf 85' lang='lat' dir='ltr'>ait</span> <span class='ocrx_word' id='word_1_374' title='bbox 521 4595 666 4650; x_wconf 77' lang='lat' dir='ltr'>Charisius</span> <span class='ocrx_word' id='word_1_375' title='bbox 680 4612 710 4664; x_wconf 86' lang='lat' dir='ltr'>p.</span> <span class='ocrx_word' id='word_1_376' title='bbox 731 4600 798 4659; x_wconf 88' lang='lat'>101,</span> <span class='ocrx_word' id='word_1_377' title='bbox 817 4598 847 4658; x_wconf 91' lang='lat'>1,</span> <span class='ocrx_word' id='word_1_378' title='bbox 865 4592 968 4647; x_wconf 83' lang='lat' dir='ltr'>dicitnr</span> <span class='ocrx_word' id='word_1_379' title='bbox 988 4593 1045 4646; x_wconf 88' lang='lat' dir='ltr'><em>PL</em></span> <span class='ocrx_word' id='word_1_380' title='bbox 1063 4592 1133 4646; x_wconf 84' lang='lat' dir='ltr'>dicit</span> <span class='ocrx_word' id='word_1_381' title='bbox 1150 4593 1187 4646; x_wconf 88' lang='lat' dir='ltr'><strong><em>M</em></strong></span> <span class='ocrx_word' id='word_1_382' title='bbox 1258 4600 1289 4647; x_wconf 89' lang='grc'>11</span> <span class='ocrx_word' id='word_1_383' title='bbox 1310 4594 1439 4668; x_wconf 83' lang='lat' dir='ltr'>largiter]</span> 
     </span>
     <span class='ocr_line' id='line_1_43' title="bbox 133 4671 1389 4744; baseline 0 -17"><span class='ocrx_word' id='word_1_384' title='bbox 133 4671 253 4744; x_wconf 82' lang='lat' dir='ltr'>largitur</span> <span class='ocrx_word' id='word_1_385' title='bbox 276 4673 304 4727; x_wconf 95' lang='lat' dir='ltr'><em>P</em></span> <span class='ocrx_word' id='word_1_386' title='bbox 372 4681 407 4728; x_wconf 81' lang='grc'><strong>14</strong></span> <span class='ocrx_word' id='word_1_387' title='bbox 429 4675 546 4729; x_wconf 89' lang='lat' dir='ltr'>deludor</span> <span class='ocrx_word' id='word_1_388' title='bbox 570 4674 669 4728; x_wconf 88' lang='lat' dir='ltr'>PML</span> <span class='ocrx_word' id='word_1_389' title='bbox 741 4672 887 4727; x_wconf 78' lang='grc' dir='ltr'>ΕΝΠΕΖω</span> <span class='ocrx_word' id='word_1_390' title='bbox 911 4673 949 4727; x_wconf 92' lang='grc' dir='ltr'><em>Μ</em></span> <span class='ocrx_word' id='word_1_391' title='bbox 972 4673 1120 4727; x_wconf 80' lang='grc' dir='ltr'>ΕῘΠῘΕΖω</span> <span class='ocrx_word' id='word_1_392' title='bbox 1144 4672 1170 4725; x_wconf 88' lang='lat' dir='ltr'><strong><em>L</em></strong></span> <span class='ocrx_word' id='word_1_393' title='bbox 1193 4674 1331 4728; x_wconf 81' lang='grc' dir='ltr'>ΕΝΠΕΓω</span> <span class='ocrx_word' id='word_1_394' title='bbox 1360 4674 1389 4727; x_wconf 89' lang='grc' dir='ltr'><strong>Ρ</strong></span> 
     </span>
     <span class='ocr_line' id='line_1_44' title="bbox 133 4752 1440 4825; baseline 0.003 -19"><span class='ocrx_word' id='word_1_395' title='bbox 133 4756 167 4807; x_wconf 79' lang='grc'><strong>16</strong></span> <span class='ocrx_word' id='word_1_396' title='bbox 191 4752 280 4823; x_wconf 88' lang='lat' dir='ltr'>quod]</span> <span class='ocrx_word' id='word_1_397' title='bbox 305 4753 353 4821; x_wconf 89' lang='lat' dir='ltr'>qni</span> <span class='ocrx_word' id='word_1_398' title='bbox 372 4753 400 4806; x_wconf 89' lang='lat' dir='ltr'><em>P</em></span> <span class='ocrx_word' id='word_1_399' title='bbox 468 4759 504 4808; x_wconf 84' lang='grc'><strong>18</strong></span> <span class='ocrx_word' id='word_1_400' title='bbox 527 4754 634 4825; x_wconf 88' lang='lat' dir='ltr'>aliquid</span> <span class='ocrx_word' id='word_1_401' title='bbox 653 4770 713 4810; x_wconf 84' lang='lat' dir='ltr'>esse</span> <span class='ocrx_word' id='word_1_402' title='bbox 734 4752 762 4805; x_wconf 97' lang='lat' dir='ltr'><em>P</em></span> <span class='ocrx_word' id='word_1_403' title='bbox 831 4757 867 4806; x_wconf 83' lang='lat'>30</span> <span class='ocrx_word' id='word_1_404' title='bbox 890 4752 977 4807; x_wconf 82' lang='lat' dir='ltr'>herus</span> <span class='ocrx_word' id='word_1_405' title='bbox 995 4752 1100 4806; x_wconf 83' lang='lat' dir='ltr'>animal</span> <span class='ocrx_word' id='word_1_406' title='bbox 1119 4755 1162 4807; x_wconf 89' lang='lat' dir='ltr'>est</span> <span class='ocrx_word' id='word_1_407' title='bbox 1185 4752 1259 4808; x_wconf 88' lang='lat' dir='ltr'>leros</span> <span class='ocrx_word' id='word_1_408' title='bbox 1282 4753 1440 4810; x_wconf 85' lang='lat' dir='ltr'>iocunditas</span> 
     </span>
     <span class='ocr_line' id='line_1_45' title="bbox 133 4830 1220 4906; baseline 0.003 -22"><span class='ocrx_word' id='word_1_409' title='bbox 133 4830 289 4900; x_wconf 85' lang='lat' dir='ltr'>uoluptatis</span> <span class='ocrx_word' id='word_1_410' title='bbox 309 4832 338 4885; x_wconf 93' lang='lat' dir='ltr'><em>P</em></span> <span class='ocrx_word' id='word_1_411' title='bbox 407 4834 497 4905; x_wconf 86' lang='lat' dir='ltr'>lepos]</span> <span class='ocrx_word' id='word_1_412' title='bbox 517 4833 596 4905; x_wconf 88' lang='lat' dir='ltr'>lepus</span> <span class='ocrx_word' id='word_1_413' title='bbox 616 4835 654 4889; x_wconf 88' lang='lat' dir='ltr'><strong><em>M</em></strong></span> <span class='ocrx_word' id='word_1_414' title='bbox 724 4835 856 4906; x_wconf 80' lang='lat' dir='ltr'>uoluptas</span> <span class='ocrx_word' id='word_1_415' title='bbox 874 4834 923 4890; x_wconf 75' lang='lat' dir='ltr'>Ls</span> <span class='ocrx_word' id='word_1_416' title='bbox 994 4837 1027 4885; x_wconf 84' lang='lat'>31</span> <span class='ocrx_word' id='word_1_417' title='bbox 1047 4831 1220 4898; x_wconf 84' lang='lat' dir='ltr'>leredumP</span> 
     </span>
    </p>
   </div>
   <div class='ocr_carea' id='block_1_4' title="bbox 0 0 1662 5474">
    <p class='ocr_par' dir='ltr' id='par_1_4' title="bbox 0 0 1662 5474">
     <span class='ocr_line' id='line_1_46' title="bbox 0 0 1662 5474; baseline 0 1"><span class='ocrx_word' id='word_1_418' title='bbox 0 0 1662 5474; x_wconf 95' lang='lat' dir='ltr'> </span> 
     </span>
    </p>
   </div>
  </div>
 </body>
</html>
