3316 5474
244 359 309 427 386
808 359 981 417 DOSITHEI

244 461 397 512 mmmm

245 548 420 628 composita,
447 556 516 608 nota
540 547 754 630 praenominis,
782 566 850 609 cum
874 547 1017 620 Quintum
1041 548 1102 609 sola
1131 548 1290 627 significat,
1319 545 1389 608 item
1416 547 1553 629 honoris,

245 672 313 715 curn
336 663 525 733 quaestorem
547 655 671 736 indicat3
699 672 754 716 nec
777 656 876 716 minus
898 655 1055 737 populum,
1082 674 1150 716 enm
1179 673 1213 715 ea
1241 665 1378 716 notamus
1401 654 1553 727 Quirites:

244 761 299 823 soli
331 780 351 822 u
383 760 499 823 litterae
531 763 733 843 praeponitur.
779 771 792 823 t
819 762 917 823 littera
949 779 1116 824 consonans
1148 770 1228 824 muta
1261 771 1321 823 tam
1354 764 1552 844 praeponitur

244 867 394 930 vocalibus
417 888 505 949 qnam
528 870 732 951 subiungitur,
754 879 789 930 ut
811 869 881 931 tulit
903 873 1016 952 μηνίτίς
1040 871 1233 951 praeponitur
1256 879 1286 931 et
1304 870 1551 948 consonantibus,

244 985 278 1038 nt
301 975 403 1037 trabea
426 976 533 1039 Aetna:
556 985 625 1038 nota
648 978 863 1058 praenominis,
891 995 958 1038 cum
986 976 1046 1038 sola
1070 973 1171 1037 Titum
1195 978 1348 1056 signilieat
1393 978 1453 1059 bis,
1483 988 1519 1039 nt
1544 971 1578 1061 1⁵

243 1101 334 1163 supra
357 1083 484 1165 dictum,
506 1083 652 1146 accedunt
673 1093 797 1166 propter
819 1086 993 1166 peregrinas
1016 1083 1161 1145 dictiones
1183 1103 1199 1144 z
1222 1092 1253 1145 et
1271 1104 1302 1166 y,
1326 1093 1359 1146 ut
1377 1086 1407 1145 in
1427 1084 1550 1148 Zenone

244 1200 274 1252 et
296 1189 477 1271 llyacintboe

755 1311 815 1379 Dn
839 1311 1041 1379 SYLLABA

335 1422 450 1504 Syllaba
472 1433 519 1486 est
542 1423 640 1485 littera
663 1424 772 1486 vocalis
795 1424 841 1485 vel
864 1424 1031 1486 litterarum
1056 1434 1159 1486 coetus
1188 1444 1241 1504 per
1264 1425 1390 1504 aliquam
1414 1426 1548 1487 vocalem

243 1529 492 1613 comprehensus,
519 1531 576 1592 boc
600 1541 645 1593 est
668 1520 834 1593 litterarum
858 1534 959 1593 iuncta
987 1534 1159 1594 enuntiatio.
1206 1531 1331 1612 syllabae
1358 1532 1502 1594 dicuntur
1529 1544 1589 1594 a¹⁰

243 1640 358 1720 graecis
381 1637 704 1719 comprehensionibus.
742 1639 797 1700 bae
820 1648 919 1700 autem
938 1648 990 1700 aut
1006 1637 1113 1700 breves
1132 1648 1202 1700 sunt
1220 1648 1271 1700 aut
1289 1640 1400 1719 longae.
1439 1638 1547 1702 breves

243 1754 380 1827 correpta
403 1744 512 1807 vocalis
536 1747 617 1827 iacit,
645 1755 696 1808 aut
724 1764 792 1807 cum
821 1744 1015 1807 antecedente
1043 1754 1224 1806 consonante
1252 1746 1349 1808 littera
1377 1746 1486 1808 vocalis
1514 1750 1546 1809 in

243 1856 300 1915 line
333 1853 459 1934 syllabae
492 1856 667 1936 corripitur3
699 1853 801 1934 longas
833 1850 1009 1933 producta.
1033 1855 1064 1914 in
1095 1851 1178 1913 brevi
1210 1853 1317 1933 syllaba
1349 1863 1466 1934 tempus
1500 1864 1548 1916 est

244 1981 349 2042 unum,
372 1962 404 2021 in
427 1960 514 2040 longa
537 1961 605 2023 duo.

243 2077 648 2186 -βῶπ-δακμαλλειιείε.
696 2123 708 2170 1
738 2118 806 2193 noba
832 2119 948 2184 prenoffi
1042 2113 1160 2169 bonores
1192 2132 1256 2170 cum
1288 2119 1447 2186 questorem
1481 2134 1545 2172 cnm

243 2197 404 2266 questorem
421 2194 522 2251 indicit
593 2196 688 2252 βουλε
706 2215 724 2250 ιι
742 2196 791 2251 litt
861 2193 995 2250 nectunt
1008 2209 1058 2249 om·
1131 2197 1230 2250 bobba
1243 2203 1376 2265 prnenoiii
1448 2196 1546 2251 titium

280 2284 295 2331 6
314 2274 446 2331 accidunt
518 2282 533 2330 'l
552 2274 681 2345 yacincto
756 2281 787 2330 12
807 2275 924 2332 nocnlib.
945 2276 1023 2344 (corr.
1043 2273 1160 2344 uocalis)
1178 2275 1208 2329 in
1227 2276 1281 2330 lino
1300 2276 1408 2344 syllaba

332 2422 348 2472 8
367 2418 415 2472 DE
435 2417 613 2490 SYLLABA]
633 2418 740 2473 Ολιανίε.
755 2436 785 2488 p.
805 2422 943 2485 rto-23
1016 2423 1044 2495 ,⁹
1063 2416 1219 2472 litterarum
1239 2417 1327 2473 coitus
1348 2418 1492 2474 Charisius

244 2504 277 2553 10
300 2498 426 2570 syllabae
453 2498 585 2554 dicuntur
608 2514 626 2554 ε
654 2493 767 2553 Graecis
794 2493 871 2567 παρὰ
899 2492 931 2552 τό
960 2493 1164 2567 συλλαμβάνειν
1191 2493 1226 2551 τά
1260 2494 1423 2569 γράμματα,
1456 2498 1546 2556 latino

243 2578 408 2635 conexiones
428 2610 456 2618 —
478 2578 524 2634 vel
543 2578 743 2648 conprehensio
763 2579 908 2634 Charisius

242 2739 377 2829 γράμμα
400 2740 586 2828 σύμφωνον
610 2738 750 2826 ἄφωνον
774 2743 899 2809 ἐκτῶν
923 2768 941 2810 e
962 2743 1027 2810 καὶ
1050 2767 1069 2809 ιι
1093 2739 1296 2828 γραμμάτων
1315 2748 1546 2830 συγκείμενον,

243 2861 382 2934 σημεῖον
405 2851 650 2935 χρηματισμοῦ,
675 2843 773 2915 ὁπότε
862 2847 971 2937 μόνον
995 2852 1162 2934 σημαίνει·
1186 2845 1309 2934 ὁμοίως
1331 2851 1385 2917 καὶ
1408 2855 1505 2937 τιμῆς
1525 2847 1545 2938 ἢ

242 2951 441 3042 άξιάματος,
465 2953 564 3023 ὁπότε
655 2959 764 3042 δηλοῖ·
785 2953 887 3024 οὐδὲν
907 2954 945 3023 oi
963 2960 1100 3022 ἔλαττον
1118 2954 1174 3021 καλ
1193 2957 1312 3041 δῆμον,
1337 2953 1434 3025 ὁπότε
1454 2955 1545 3050 αύτῷ
1607 2946 1611 2953 ⁸

242 3060 471 3150 σημειούμεθα
547 3064 688 3150 ’μόνον
719 3067 780 3131 τού
813 3089 834 3130 ιι
866 3061 1057 3150 γράμματος
1088 3060 1316 3148 προτάσσεται.
1367 3081 1378 3131 t
1409 3064 1546 3152 γράμμα

242 3168 428 3257 σύμφωνον
442 3168 583 3256 ἄφωνον
596 3169 652 3238 καὶ
665 3168 939 3257 προτασσόμενον
959 3169 1165 3256 φωνηέντων
1184 3170 1238 3236 καὶ
1256 3166 1544 3258 ὑποτασσόμενον,
1572 3188 1586 3228 ⁵

241 3272 286 3356 ὡς
308 3273 346 3343 τό
369 3274 510 3362 ἤνεγκεν
529 3282 534 3357 Ι
553 3275 792 3364 προσήνεγκεν·
816 3274 1035 3364 προτιόσσεται
1057 3276 1112 3343 καλ
1131 3274 1335 3363 συμφώνων,
1359 3275 1403 3357 ὡς
1420 3281 1545 3365 τραβέα

242 3381 354 3463 ὁοκός·
377 3397 516 3471 σημεῖον
539 3387 783 3471 χρηματισμοῦ,
807 3379 905 3451 ὁπότε
928 3382 1037 3470 μόνον
1127 3388 1289 3470 σημαίνει.
1335 3383 1475 3470 τούτοις,
1499 3383 1546 3468 ὡς

242 3492 279 3559 ἐν
301 3494 347 3583 τῷ
370 3487 526 3577 ἀνωτέρω
550 3499 719 3578 εἴρηται,
743 3495 920 3576 συμβαίνει
942 3491 1158 3577 προσέρχεται
1177 3488 1233 3558 διὰ
1251 3488 1309 3571 τάς
1327 3495 1422 3573 ξένας
1440 3494 1545 3575 λέξεις

241 3595 279 3666 τὸ
303 3623 318 3664 z
341 3596 456 3666 καὶτὸ
480 3625 511 3685 y,
535 3594 579 3677 ὡς
602 3599 714 3690 ἐντῷ
740 3596 897 3684 Ζήνωνι
920 3597 976 3664 καὶ
993 3594 1169 3687 Ὑακίνθῳ.

680 3781 793 3844 ΠΕΡΙ
827 3781 1103 3843 ΣΤΛΛΛΒΗΣ
1559 3798 1586 3838 ιο

331 3882 491 3970 Συλλαβή
515 3884 605 3951 ἐστιν
624 3895 790 3970 στοιχεῖον
817 3885 953 3969 φωνῆεν
977 3877 997 3970 ῆ
1021 3888 1194 3970 στοιχείων
1213 3884 1357 3967 σύνοδος
1377 3886 1432 3955 διά
1451 3914 1544 3970 τινος

241 3989 436 4080 φωνήεντος
466 3991 727 4078 συνειλημμένη,
757 3991 908 4058 τουτέστι
940 3995 1113 4076 στοιχείων
1142 3993 1317 4080 ἐζευγμένη
1346 3994 1544 4081 ἐκφοίνησις.

241 4097 405 4184 συλλαβαὶ
427 4099 582 4183 λέγονται
604 4095 668 4166 άπὸ
691 4100 759 4167 τῶν
782 4097 966 4184 ἑλληνικῶν
985 4094 1191 4185 σνλλήιγεων.
1237 4091 1333 4167 αὗται
1358 4101 1395 4169 ot
1418 4098 1445 4187 ῆ
1462 4109 1542 4190 βρα-

241 4212 329 4294 χεῑαί
349 4209 435 4275 είσιν
459 4200 479 4293 ῆ
498 4210 629 4293 μακραί.
675 4209 830 4293 βραχείας
852 4205 1121 4292 συνεσταλμένον
1139 4211 1276 4294 φωνῆεν
1295 4224 1396 4293 ποιεῖ,
1421 4205 1542 4295 ῆὸταν

240 4313 447 4400 προάγοντος
469 4311 655 4401 συμφύνον
678 4311 869 4400 γράμματος
892 4314 1028 4398 φωνῆεν
1052 4313 1106 4381 ἐπὶ
1128 4316 1245 4394 τέλους
1268 4319 1435 4402 συλλαβῆς
1463 4335 1584 4383 ovo-1⁵

241 4422 401 4506 τέλλεται,
425 4419 552 4508 μακρὰς
575 4419 800 4508 ἐκτεταμένον.
846 4420 883 4486 έν
906 4421 945 4506 τῆ
969 4425 1106 4509 βραχείᾳ
1129 4425 1278 4511 συλλαβῆ
1306 4421 1428 4509 χρόνος
1451 4423 1544 4491 ἐστὶν

241 4520 303 4611 εἷς,
327 4529 364 4595 έν
386 4530 425 4615 τῆ
449 4533 558 4618 μακρᾷ
582 4527 654 4595 δύο.

332 4650 466 4743 isus—oo
485 4687 587 4743 litteris
606 4708 758 4759 γραμματω
831 4689 946 4742 llom.
1020 4693 1103 4741 βιιαι
1117 4707 1238 4759 σνμφοις
1253 4709 1289 4752 ως
1306 4689 1425 4745 TPAVe
1440 4694 1542 4747 ΛΟΚω

277 4769 421 4836 8είρηται
438 4786 489 4824 om.
571 4776 644 4831 9ως
661 4771 691 4823 eb
712 4769 842 4837 yacinobo
860 4786 909 4821 και
933 4763 1114 4822 YACINTO
1193 4776 1225 4824 13
1245 4773 1430 4841 συνλημψεων
1508 4781 1541 4829 14

242 4866 431 4922 συνεσταμενο
501 4867 594 4906 uocatu
668 4853 700 4903 ll
720 4845 771 4920 είς]
791 4866 834 4910 oce
