3316 5474
232 349 294 414 182
763 347 991 403 CASSIODORII

229 467 250 504 s.
264 455 317 494 asor
331 453 355 492 a.

229 541 391 619 eademque
406 537 534 598 dictione
550 553 742 614 nurnqnamv
761 533 859 594 littera
877 552 932 614 pro
951 542 1132 595 consonante
1149 537 1295 615 sequitur.
1326 536 1396 597 buic
1410 540 1536 617 opponi·

108 680 116 692 ·
230 660 279 710 tur
302 647 448 726 quamvis3
472 642 524 703 sed
547 642 603 702 boc
627 640 743 701 ridetur
766 659 832 701 esse
856 643 1065 722 compositum,
1095 661 1163 702 cum
1186 645 1335 722 posterior
1357 646 1401 704 vis
1424 644 1537 725 syllaba

230 756 420 834 subiungitur
448 751 597 831 plurimis,
625 757 658 808 ut
686 747 738 807 abs
766 749 871 826 quovis
893 750 1067 829 quorumvis
1090 751 1237 810 utrumvis
1260 768 1294 810 ac
1319 749 1394 811 talia.
1431 750 1536 812 obser·

231 863 357 924 vandum
385 870 483 921 mmen
512 876 549 918 ne
577 874 610 916 es
637 873 710 934 pura
740 853 848 934 syllaba
876 857 1079 916 terminaverit
1106 858 1238 918 nomina:
1266 859 1292 917 si
1320 858 1399 916 enim
1423 857 1537 918 luerint

231 975 270 1033 ita
300 970 465 1040 enuntiata,
500 983 553 1044 per
581 962 600 1023 b
628 971 738 1023 mutam
768 961 880 1022 mediae
912 961 1038 1042 syllabae
1071 965 1134 1023 sine
1168 963 1258 1024 dubio
1286 962 1470 1044 scribentur,
1503 973 1566 1027 uta

231 1078 312 1139 abies
340 1073 454 1136 scabies
482 1070 588 1132 rabies.
626 1078 655 1130 at
682 1069 755 1129 baec
782 1088 902 1150 quoque
925 1073 1040 1150 species
1068 1070 1207 1151 bipertita
1236 1073 1381 1132 consistit.
1419 1074 1537 1132 namsi

232 1183 451 1264 trisyllaborum
473 1180 615 1239 maiorem
638 1177 775 1239 babuerit
798 1196 969 1260 numerum,
996 1197 1050 1257 per
1073 1197 1090 1236 v
1119 1180 1286 1239 necessario
1311 1178 1475 1260 notabitur,
1503 1188 1537 1240 ut

232 1293 346 1353 illuvies
373 1287 523 1368 proluvies
550 1285 694 1364 ingluvies
722 1284 880 1346 subluvies.
928 1284 964 1345 lis
992 1287 1080 1346 etiarn
1114 1284 1223 1364 syllaba
1251 1287 1407 1346 terminata
1434 1255 1491 1364 pei·
1517 1284 1538 1344 b

233 1408 344 1461 nmtam
363 1395 455 1456 scribi
473 1391 615 1472 compulit
634 1393 765 1471 nemina,
785 1399 818 1451 ut
836 1390 943 1451 nobilis
962 1390 1078 1451 mobilis
1097 1389 1250 1452 laudabilis
1269 1390 1412 1452 mirabilis
1430 1389 1537 1452 debilis

232 1506 337 1568 babilis
361 1501 496 1583 allabilis,
524 1502 656 1580 exceptis
685 1488 884 1559 servilicivili
908 1508 938 1558 et
960 1498 1040 1579 ovili,
1070 1517 1144 1578 quae
1168 1519 1184 1558 a
1208 1517 1293 1559 servo
1317 1518 1332 1558 a
1356 1500 1419 1558 cire
1447 1507 1581 1576 atquem

232 1633 302 1693 ore,
330 1631 345 1672 a
373 1612 417 1670 ris
446 1607 554 1689 syllaba
582 1607 765 1686 posteritatis
793 1602 945 1664 deducunt
977 1607 1135 1685 originem,
1170 1607 1256 1666 cuius
1289 1615 1391 1684 postea
1419 1605 1539 1685 regulas

233 1718 449 1781 meditabimur.
482 1716 555 1798 ⁴licet
582 1715 661 1775 enim
689 1710 806 1772 babitus
834 1710 974 1772 excubiae
1002 1712 1135 1791 probitas
1162 1712 1317 1773 arbitrium
1351 1712 1473 1773 sturbium
1504 1732 1538 1774 ac

322 1899 337 1945 3
358 1893 390 1945 ut
402 1891 453 1945 abs
466 1885 578 1956 quouis]
593 1887 626 1938 ut
639 1883 738 1953 quouis
752 1881 844 1936 ubiuis
864 1883 887 1936 O
904 1883 997 1937 uerbis
1012 1884 1112 1952 quouis
1130 1886 1157 1937 A
1212 1891 1228 1938 5
1248 1884 1356 1939 mediae
1371 1885 1496 1954 syllabae
1511 1886 1539 1938 Β

235 1972 328 2027 media
346 1970 456 2040 syllaba
474 1966 532 2020 Ac
584 1965 661 2035 tat]
681 1966 731 2017 aut
750 1964 779 2031 0,
798 1980 848 2018 om.
868 1964 895 2016 A
959 1963 1107 2033 9nobilis]
1126 1965 1207 2019 nobis
1225 1965 1253 2018 Β
1322 1972 1355 2019 10
1373 1964 1492 2018 effabilis
1510 1964 1539 2018 Β

287 2049 411 2119 exceptis
434 2045 529 2102 seruili
552 2043 629 2099 ciuili
653 2046 681 2098 et
704 2041 778 2097 ouila
796 2043 824 2097 Β
851 2042 974 2112 exceptis
993 2043 1102 2098 seruilis
1120 2044 1211 2098 ciuilis
1230 2048 1259 2100 et
1277 2043 1351 2098 ouile
1370 2045 1397 2097 A
1416 2045 1540 2114 exceptis

234 2131 343 2188 seruilis
367 2127 457 2183 ciuilis
481 2125 564 2180 ouilia
589 2123 612 2178 0
697 2130 728 2177 11
753 2140 770 2177 a
792 2121 847 2192 vis]
872 2139 890 2176 a
913 2122 942 2175 ui
965 2123 992 2176 A
1081 2124 1194 2195 regulas
1218 2125 1275 2178 AC
1294 2123 1419 2194 regulam
1441 2123 1469 2176 B

238 2220 269 2268 ta
288 2210 401 2265 babitus
420 2207 478 2260 AC
493 2204 586 2259 abitus
604 2203 632 2257 Β

435 2368 699 2379 -—-—„-,‚
714 2368 746 2373 ..
759 2368 789 2372 .-
809 2368 842 2373 ...
854 2369 872 2373 ,ι
927 2369 961 2374 ,-.
989 2369 1120 2376 -....—
1135 2370 1540 2378 „-„—--.-.——-..-

689 2467 869 2520 MARTYltll
889 2468 938 2522 DE
959 2469 979 2522 B
998 2469 1045 2522 ΕΤ
1064 2470 1090 2523 V

236 2647 400 2726 ambiguus.
437 2657 562 2718 namque
583 2656 610 2698 ιιι
631 2635 798 2696 semivocali
817 2637 983 2714 praeposita
1003 2637 1033 2695 in
1053 2654 1110 2696 una
1130 2638 1290 2717 eademque
1310 2639 1437 2701 dictione
1457 2658 1540 2701 ιιιιιιι-

238 2771 362 2837 quamv
385 2751 482 2812 littera
505 2764 559 2826 pro
580 2751 760 2805 consonante
783 2744 926 2820 sequitur.
964 2742 1033 2802 huic
1057 2747 1217 2823 opponitur
1241 2749 1386 2828 qrramvis3
1410 2747 1461 2808 sed
1485 2748 1541 2809 boc

238 2863 354 2923 ridetur
383 2876 448 2919 esse
477 2854 688 2932 compositum,
716 2867 784 2910 cum
811 2851 960 2928 posterior
983 2850 1027 2908 vis
1050 2848 1159 2928 syllaba
1182 2850 1372 2930 subiungitur
1398 2853 1542 2935 plurimis,

220 2980 271 3032 ut
297 2967 350 3028 abs
378 2964 482 3044 quovis
510 2958 682 3039 quorumvis
711 2958 857 3016 utrumvis
885 2974 919 3015 ae
947 2954 1023 3014 talia.
1067 2954 1284 3018 observandum
1320 2968 1416 3020 mmen
1445 2980 1481 3021 ne
1510 2980 1543 3021 es

237 3094 311 3158 pura
340 3070 448 3153 syllaba
480 3065 685 3128 terminaverit
713 3065 843 3124 nomina:
876 3063 902 3122 si
928 3063 1008 3121 enim
1037 3063 1075 3121 ita
1107 3062 1218 3123 luerint
1247 3067 1412 3147 enunty'ata,
1443 3085 1497 3146 per
1524 3067 1569 3127 bs

239 3192 350 3244 mutam
380 3181 444 3239 sine
475 3174 565 3237 dubio
599 3170 712 3233 mediae
743 3169 868 3250 syllabae
901 3167 1084 3248 scribentur,
1117 3179 1151 3230 ut
1182 3169 1263 3231 abies
1293 3171 1407 3233 scabies
1437 3174 1542 3234 rabies.

238 3300 325 3370 atque
350 3288 422 3347 baec
446 3300 564 3363 quoque
588 3281 703 3360 species
726 3276 864 3357 bipartita
887 3277 1032 3336 consistit.
1070 3294 1137 3335 nam
1161 3279 1186 3336 si
1212 3277 1430 3358 trisyllaborum
1454 3282 1543 3340 maio-

239 3415 302 3458 rem
326 3394 483 3455 habuerint
503 3405 673 3467 numerum,
696 3404 750 3465 per
769 3404 785 3443 v
805 3382 972 3462 digammon
992 3386 1160 3444 necessarie
1179 3393 1335 3467 nobntur,
1358 3396 1392 3447 ut
1410 3387 1543 3449 inluvies.

238 3505 274 3566 lis
294 3505 382 3563 etiam
401 3497 510 3578 syllaba
529 3497 684 3556 terminata
704 3489 791 3571 perb
811 3501 922 3551 mutam
941 3490 1033 3552 scribi
1052 3491 1229 3571 compulerit
1243 3494 1370 3574 nomina,
1385 3503 1418 3555 ut
1436 3494 1544 3555 nobilis

239 3608 356 3671 mobilis
374 3603 528 3667 laudabilis
554 3599 708 3679 mirabilis,
731 3608 855 3677 excepto
881 3595 1008 3674 [servili]
1032 3597 1110 3657 cirili
1133 3607 1163 3658 et
1191 3598 1273 3679 ovili,
1301 3600 1378 3678 quod
1402 3619 1417 3660 a
1443 3598 1543 3678 [serso
1559 3621 1585 3657 ro

240 3713 368 3791 servilis]
392 3715 454 3772 cire
479 3707 572 3769 ciuilis
600 3714 687 3785 atque
712 3722 764 3764 ove
794 3703 878 3763 ovilis
902 3706 945 3763 ris
969 3703 1077 3783 syllaba
1106 3706 1288 3783 posteritatis
1311 3704 1463 3767 deducunt
1485 3710 1543 3768 ori-

240 3824 352 3902 ginem,
375 3819 460 3877 errius
483 3824 585 3894 postea
605 3811 721 3891 regulas
742 3808 956 3871 meditabimur.
990 3809 1059 3871 licet
1078 3813 1157 3870 enim
1175 3811 1293 3872 babitus
1313 3812 1453 3874 excubiae
1476 3834 1544 3894 pro·
1653 3854 1656 3858 ι

240 3927 316 3988 bitas
344 3924 499 3984 arbitrium
527 3899 651 3981 dfflrium
679 3938 712 3978 ae
741 3917 807 3978 talia
835 3936 889 3996 per
912 3917 931 3977 b
955 3927 1066 3979 mertam
1090 3918 1276 3999 scribuntur,
1304 3929 1402 3981 tamen
1431 3920 1485 3982 bac
1509 3922 1545 3983 de

330 4114 344 4163 1
364 4103 526 4162 semivocali
546 4102 574 4156 P
592 4097 765 4156 semivocalis
784 4098 817 4151 N
891 4115 1043 4166 numquam
1064 4101 1092 4154 P
1108 4117 1173 4155 nam
1192 4118 1264 4170 quae
1283 4101 1317 4154 N
1392 4109 1408 4156 2
1428 4103 1476 4157 sed
1494 4104 1547 4158 hoe

240 4208 290 4246 ona.
310 4187 349 4254 N,
367 4186 430 4241 add.
452 4185 480 4237 P
541 4183 635 4239 tsine
655 4180 739 4236 dubio
758 4177 866 4249 medias
885 4178 1008 4247 syllabas
1028 4180 1183 4236 scribentur
1201 4181 1234 4234 N
1249 4179 1343 4236 media
1360 4180 1471 4250 syllaba
1488 4181 1547 4237 sine

240 4271 327 4327 dubio
346 4267 478 4324 scribitur
497 4265 525 4319 P
607 4270 621 4317 t
646 4265 731 4330 atque
751 4261 780 4314 P
801 4262 833 4314 at
850 4259 883 4312 N
965 4260 989 4314 si
1011 4261 1222 4336 trisyllaborum
1240 4261 1374 4316 maiorem
1397 4261 1548 4316 habuerint

240 4367 386 4406 numerum
409 4363 459 4416 per
476 4364 493 4400 v
513 4344 674 4413 digammon
697 4339 854 4396 necessario
873 4342 986 4395 notatur
1004 4343 1036 4395 ut
1058 4340 1176 4395 inluvies
1202 4343 1343 4410 proluvies
1362 4341 1501 4412 ingluvies
1521 4343 1560 4395 ΡῚ

241 4430 265 4485 si
283 4428 493 4498 trisyllaborum
512 4423 685 4493 digammum
704 4421 860 4476 necessario
879 4421 1010 4474 notentur
1028 4423 1060 4475 ut
1078 4420 1196 4475 inluvies
1216 4422 1249 4475 Ν
1327 4429 1342 4477 9
1362 4421 1446 4477 scribi
1464 4423 1547 4476 acute

242 4508 463 4577 antepenultimo
483 4505 629 4560 enuntiata
647 4504 759 4572 quaudo
778 4503 870 4557 adhm
889 4502 923 4556 de
947 4500 1025 4556 brevi
1044 4502 1181 4556 testeum
1200 4503 1367 4572 compulerit
1385 4504 1498 4559 nomina
1516 4505 1548 4557 nt

242 4587 344 4643 nobilis
362 4586 445 4641 abilis
464 4585 586 4640 affabilis
605 4587 690 4652 atque
710 4583 803 4637 omnia
826 4582 896 4637 talia
915 4584 1031 4650 excepto
1050 4581 1140 4637 civilis
1160 4583 1228 4636 ovili
1246 4584 1322 4653 quod
1348 4600 1366 4638 a
1383 4583 1443 4639 eive
1462 4589 1548 4653 atque

242 4684 293 4722 ore
313 4666 423 4735 syllaba
440 4665 614 4735 posteritatis
632 4664 774 4718 deducunt
791 4661 926 4730 originem
946 4661 974 4716 P
1043 4668 1076 4717 10
1095 4661 1175 4732 ovili]
1195 4662 1246 4716 vili
1264 4664 1297 4716 N
1365 4670 1395 4717 11
1417 4663 1444 4718 vi
1464 4663 1548 4732 sylla-

242 4748 295 4802 bas
314 4746 346 4799 N
409 4751 441 4798 ta
460 4744 658 4800 meditabimur
680 4741 707 4795 P
724 4741 892 4796 meditemur
910 4742 943 4794 N
1002 4741 1114 4796 habitus
1132 4741 1265 4797 excubiae
1284 4743 1408 4812 probitas
1425 4743 1548 4797 ambitus

242 4825 391 4882 arbitrium
407 4823 435 4878 P
450 4823 543 4879 abitus
558 4821 691 4878 excubiae
705 4821 831 4890 probitas
845 4820 992 4878 arbitrium
1005 4823 1039 4877 N
1090 4828 1123 4877 13
1138 4822 1295 4878 scribuntur
1310 4823 1338 4878 P
1350 4823 1505 4879 scribentur
1518 4823 1552 4879 N
