3316 5474
267 1607 310 1667 Ex
333 1607 429 1667 Redae
459 1607 542 1667 libris
570 1607 645 1668 duos
675 1611 788 1689 recepi,
816 1607 941 1669 alterum
970 1607 1007 1669 de
1034 1616 1097 1669 arte
1127 1612 1262 1691 metrica,
1291 1609 1417 1670 alterum
1445 1610 1482 1670 de

179 1714 395 1794 orthographia.
423 1717 545 1776 tertium
560 1719 639 1776 euim
654 1716 690 1776 de
706 1715 906 1777 schematibus
921 1726 951 1776 et
970 1719 1073 1797 tropis,
1087 1736 1175 1795 quem
1195 1715 1294 1777 libello
1308 1716 1345 1776 de
1360 1718 1482 1777 metrica

179 1828 242 1880 arte
261 1820 339 1880 Reda
362 1822 549 1902 adiunxerat,
572 1832 729 1902 postquam
749 1841 845 1901 nuper
864 1821 997 1883 Halmius
1016 1840 1084 1882 cum
1104 1821 1275 1883 rhetoribus
1294 1821 1399 1896 edidit,
1422 1841 1482 1882 non

148 1969 156 1984 .
178 1929 279 2005 putavi
298 1926 395 1988 denuo
414 1931 613 2006 grammaticis
633 1928 799 1989 addendum
818 1947 893 1990 esse.
930 1928 1025 1989 liber
1047 1928 1090 1989 de
1109 1931 1258 1989 metrica
1282 1937 1359 1989 arte
1383 1937 1482 1989 autem

179 2033 247 2094 inde
267 2051 283 2093 a
302 2051 380 2094 nono
399 2033 517 2094 saeculo
538 2037 568 2095 in
588 2035 689 2096 multis
708 2034 861 2097 codicibus
884 2037 1014 2116 scriptus
1038 2044 1095 2116 est,
1118 2054 1246 2114 quorum
1270 2035 1390 2115 plurimi
1413 2053 1481 2095 eam

158 2134 237 2200 ‘una
261 2159 329 2201 cum
351 2140 427 2201 libro
451 2141 487 2201 de
512 2140 712 2202 schematibus
734 2150 765 2202 61
788 2143 896 2222 tropis,
919 2160 979 2202 non
1003 2141 1076 2202 nulli
1100 2144 1188 2202 etiam
1210 2160 1265 2221 per
1285 2160 1316 2202 se
1336 2144 1480 2221 scriptum

179 2245 326 2307 exhibent
363 2267 399 2307 ex
427 2247 473 2307 his
497 2247 649 2308 codicibus
679 2250 710 2308 iu
734 2266 808 2308 nova
831 2247 961 2308 editione
984 2256 1046 2308 tres
1070 2246 1141 2308 mihi
1163 2249 1258 2327 parati
1282 2256 1379 2328 erant,
1407 2265 1483 2325 quos

178 2372 246 2414 cum
265 2353 399 2414 Putschii
418 2355 546 2415 editione
565 2354 757 2436 contuleram,
775 2353 960 2415 Monacensis
979 2350 1075 2434 6399,
1094 2354 1247 2416 Leideusis
1265 2351 1337 2435 122,
1356 2353 1481 2433 866361-

180 2463 328 2521 maneusis
354 2457 448 2522 1180.

267 2566 364 2627 Codex
385 2568 613 2630 Monacensis
632 2565 729 2650 6399,
747 2568 817 2629 olim
837 2567 1036 2648 Frisiugensis
1057 2565 1120 2629 199
1139 2586 1214 2629 saec.
1230 2567 1270 2629 111
1288 2569 1363 2629 duos
1384 2567 1481 2629 Redae

178 2672 270 2733 libros
298 2673 334 2733 de
362 2683 425 2735 arte
455 2677 577 2737 metrica
600 2683 631 2735 et
658 2674 694 2734 de
718 2673 918 2735 schematibus
942 2676 1087 2754 continet,
1117 2674 1226 2752 quibus
1250 2673 1309 2734 duo
1333 2692 1481 2735 commen-

180 2782 248 2839 tarii
272 2779 398 2841 ludaeis
421 2780 456 2841 de
481 2781 652 2842 accentibus
676 2781 802 2842 subiecti
826 2788 909 2863 sunt,
932 2781 951 2840 i.
978 2777 1095 2841 1-30
1123 2781 1168 2840 96
1190 2784 1294 2841 littera
1319 2813 1356 2823 -
1388 2781 1455 2859 XX
1460 2782 1486 2840 V

178 2889 261 2962 parad
282 2892 344 2947 tria
366 2892 426 2948 sint
447 2906 564 2963 penera
583 2891 739 2965 poematis.
777 2890 945 2964 expliciunt
968 2890 1104 2962 capitula
1127 2889 1235 2963 incipit
1257 2889 1336 2947 liber
1358 2890 1397 2948 de
1414 2895 1483 2949 arte

176 2997 380 3068 praumatica
415 2995 460 3054 96
482 2998 585 3055 littera
609 3027 651 3036 —
674 2997 895 3070 sempiternam.
940 2995 1066 3069 explicit
1096 2995 1134 3052 de
1157 3001 1226 3053 arte
1248 2997 1376 3053 metrica
1404 2995 1483 3053 liber

179 3102 271 3170 (unus
294 3104 457 3179 superscr.)
482 3104 588 3178 incipit
611 3104 688 3161 liber
711 3102 863 3162 secundus
886 3101 925 3159 de
946 3100 1128 3159 scematibus
1150 3106 1179 3158 61
1202 3102 1297 3173 tropis
1321 3099 1403 3158 Solet
1425 3100 1480 3158 ali-

178 3211 293 3281 quoties
317 3241 358 3248 —-
383 3212 490 3267 rixaris
517 3211 593 3288 lotii,
622 3202 796 3268 130-39
825 3207 870 3266 96
892 3206 1070 3268 accentibus
1094 3206 1244 3264 Accentus
1270 3206 1346 3279 quid
1371 3213 1416 3264 est
1440 3237 1480 3247 —

179 3317 235 3372 etsi
257 3316 397 3390 adposita
416 3333 475 3373 non
495 3317 562 3374 erit.
599 3315 826 3389 decapitulatio
850 3314 888 3372 de
910 3313 1087 3372 accentibus
1106 3313 1257 3371 Accentus
1280 3313 1356 3385 quid
1377 3318 1420 3370 est
1442 3343 1479 3352 —

178 3421 365 3494 syllabarum
389 3424 419 3480 in
439 3438 532 3480 unum
551 3422 750 3480 redacturum
769 3422 959 3495 repperitur:
982 3417 1089 3478 hudac.
1105 3435 1167 3477 exc.
1182 3436 1210 3495 p.
1225 3412 1256 3497 9,
1272 3414 1362 3475 10-
1375 3411 1425 3495 10,
1439 3412 1482 3475 90

179 3534 209 3583 61
237 3543 264 3603 p.
288 3522 340 3607 37,
366 3523 498 3606 1-40,
525 3522 573 3587 16.
617 3525 722 3586 eodem
751 3524 852 3585 codice
881 3526 912 3584 in
940 3522 1016 3584 libro
1044 3523 1081 3584 de
1109 3520 1309 3583 schematibus
1337 3540 1409 3582 usus
1437 3530 1483 3582 est

180 3629 310 3691 Halmius
333 3630 409 3692 rhet.
433 3630 480 3692 lat.
504 3651 531 3710 p.
556 3629 629 3692 607.
1090 3684 1100 3699 .

268 3736 366 3796 Codex
385 3736 577 3798 Leidensis
601 3735 669 3797 6161.
689 3735 769 3816 publ.
791 3732 854 3796 199
874 3754 896 3796 s.
917 3734 942 3795 11
965 3742 1032 3814 post
1050 3733 1155 3795 Donati
1175 3733 1360 3814 aliorumque
1383 3753 1478 3813 gram·

180 3844 354 3903 maticorum
377 3842 482 3925 libros,
511 3862 586 3923 quos
610 3843 734 3903 indicavi
766 3860 887 3921 gramm.
910 3842 958 3902 lat.
982 3860 1007 3902 1.
1031 3841 1067 3901 lV
1090 3860 1117 3920 p.
1142 3840 1249 3921 1111111,
1271 3840 1368 3902 bedae
1392 3841 1483 3902 libros

179 3947 215 4008 de
231 3952 353 4009 metrica
372 3959 448 4030 arte,
471 3951 507 4012 de
528 3951 741 4032 schematibus,
765 3951 801 4011 de
820 3949 1029 4029 orthographia
1048 3951 1194 4028 66611661,
1217 3948 1236 4007 1.
1256 3945 1298 4010 69
1314 3967 1377 4028 sqq.
1402 3951 1422 4009 Ι
1438 3951 1484 4012 96

179 4057 281 4114 littera
305 4090 347 4096 -
371 4058 468 4116 XXV
488 4060 570 4133 quad
596 4062 658 4117 tria
681 4066 751 4118 sant
771 4074 889 4132 penera
914 4062 1076 4132 poematos.
1120 4057 1203 4128 uena
1228 4058 1370 4130 autberto
1393 4059 1484 4116 leuite

179 4164 305 4221 salutern
329 4162 374 4222 96
396 4167 499 4224 littera
526 4197 562 4206 -
588 4167 810 4240 sempiternam.
843 4165 968 4238 explicit
997 4165 1036 4222 de
1058 4171 1127 4222 arte
1149 4165 1277 4222 metrica
1304 4165 1382 4223 liber
1405 4180 1484 4222 unas

180 4270 286 4344 inca'pit
309 4272 347 4329 de
369 4273 572 4341 scientibus
595 4278 624 4331 et
647 4273 741 4345 tropis
764 4270 842 4329 liber
871 4269 909 4327 ΙΙ
928 4269 1010 4329 Solet
1033 4273 1192 4344 aliquoties
1218 4301 1255 4311 —
1282 4272 1390 4329 uxoris
1413 4269 1482 4329 lotii.

185 4375 360 4449 Orioprafia
389 4379 489 4438 961166
508 4380 684 4454 presbyteri
706 4380 732 4436 Α
754 4379 858 4437 littera
881 4409 923 4417 —
947 4393 1045 4437 16166
1065 4379 1216 4452 peruenit.

269 4480 367 4541 Codex
392 4468 718 4561 S'angermanensis
744 4478 830 4543 1180
853 4501 875 4541 s.
899 4481 938 4542 111
966 4481 1076 4542 librum
1099 4481 1134 4542 de
1159 4483 1281 4541 metrica
1304 4489 1367 4541 arte
1396 4480 1484 4542 habet

180 4590 233 4669 ita,
263 4590 281 4648 1.
306 4586 448 4651 65-13
477 4594 507 4650 in
531 4595 651 4651 nornine
674 4593 833 4651 indiuidue
856 4593 1003 4650 trinitatis
1027 4591 1136 4650 96111.
1162 4622 1199 4630 —
1230 4591 1312 4664 parad
1339 4591 1401 4648 tria
1423 4591 1485 4648 sint

177 4713 294 4768 penera
318 4704 481 4772 poematos.
524 4698 569 4758 96
596 4701 693 4757 literis
730 4699 789 4770 Qui
815 4698 953 4757 notitiam
981 4731 1023 4738 —
1051 4699 1271 4772 sempiternam.
1309 4696 1484 4773 interposito

179 4800 344 4879 fragmento
368 4800 403 4861 de
427 4800 641 4882 schematibus,
663 4804 745 4872 Solet
767 4805 926 4879 aliquoties
948 4820 1097 4878 —quam
1120 4802 1273 4862 terribilia
1295 4807 1366 4862 sunt
1388 4818 1483 4878 opera
