3316 5474
354 362 399 425 56
894 359 993 414 l'ELIl
1012 360 1126 416 LONGI

354 476 375 509 p.
392 464 450 501 erut
466 464 491 501 er
507 460 530 499 r.

357 556 441 627 runt,
470 546 517 605 alii
541 546 672 605 contenti
697 544 818 603 luerunt
846 543 914 604 huic
938 545 1126 624 productioni
1152 548 1160 606 i
1184 544 1300 625 longam
1328 556 1379 609 aut
1405 556 1506 609 notum
1533 546 1653 610 dedisse

355 653 403 714 alii
427 670 511 731 vero,
533 668 661 729 quorum
685 658 731 710 est
754 652 824 710 item
849 650 994 731 Lucilius,
1017 654 1096 711 varie
1121 653 1376 733 scriptitaverunt,
1398 652 1547 733 siquidem
1569 656 1601 715 in
1623 657 1656 715 ii

356 778 430 839 quae
454 757 693 837 producerentur
716 756 769 815 alia
797 761 884 836 peri
912 758 1042 838 longam,
1069 758 1124 818 alia
1152 776 1206 837 per
1229 776 1245 817 e
1269 761 1332 819 eti
1360 768 1552 841 notaverunt,
1580 758 1647 820 velu

357 866 523 926 differentia
547 862 691 943 quaedam
715 871 895 942 separantes,
918 873 951 923 ut
974 880 1042 933 cum
1065 862 1233 925 diceremus
1256 857 1355 945 ‘viri’,
1377 866 1402 923 si
1425 874 1527 927 essent
1548 864 1653 945 plures

354 990 408 1052 per
432 990 448 1031 e
472 972 529 1032 eti
553 967 761 1049 scriberemus,
785 971 810 1029 si
834 987 903 1029 vero
928 978 1005 1029 esset
1031 971 1119 1030 unius
1142 971 1207 1050 viri,
1229 988 1283 1049 per
1302 972 1312 1029 i
1335 978 1516 1033 notaremus.
1553 979 1585 1033 et
1601 969 1649 1033 Lu

356 1077 443 1139 cilius
465 1079 495 1138 in
519 1094 598 1137 nono

515 1178 598 1243 ‘iam
622 1186 750 1261 puerei
773 1178 931 1263 venere’,
954 1201 970 1242 e
994 1192 1215 1262 postremum
1238 1182 1349 1243 tacito
1373 1190 1479 1263 atque
1503 1185 1528 1265 i,

516 1298 553 1350 ut
572 1292 707 1365 puerei
728 1288 853 1367 plures
876 1289 977 1348 liant.
1023 1290 1032 1347 i
1056 1291 1085 1348 si
1108 1289 1198 1350 lacis
1221 1288 1349 1372 solum,

514 1394 659 1474 pupilli,
682 1397 786 1474 pueri
810 1392 870 1471 [et]
895 1393 1026 1475 Lucili,
1049 1394 1115 1455 boc
1139 1397 1246 1455 unius
1269 1395 1347 1456 liet:

356 1506 426 1563 item

517 1604 598 1668 ‘boc
621 1606 677 1668 illi
702 1608 833 1667 lactum
857 1614 912 1666 cst
935 1602 1021 1686 uni’,
1045 1616 1151 1668 tcnue
1175 1606 1240 1666 boc
1264 1606 1376 1667 iacies
1398 1610 1423 1668 i:

521 1711 622 1775 ‘baec
647 1712 723 1773 illei
747 1707 895 1792 lecere’,
918 1713 1005 1773 adde
1029 1732 1059 1794 e,
1083 1723 1120 1775 ut
1143 1715 1314 1793 pinguius
1338 1714 1411 1774 liat.
1436 1706 1442 1796 Ι

356 1821 493 1899 idemque
522 1820 597 1899 peila
627 1819 735 1899 quibus
765 1818 874 1879 milites
903 1829 1028 1880 utuntur
1056 1839 1110 1900 per
1134 1839 1149 1879 e
1173 1828 1203 1880 et
1227 1822 1236 1879 i
1260 1818 1415 1880 scribenda
1442 1821 1608 1901 existimat,
1636 1840 1653 1881 a

356 1927 444 2006 pilam
468 1945 525 2005 qua
549 1920 678 2005 pinsitur
701 1943 755 2004 per
778 1928 796 1985 i.
842 1913 897 1985 boc
923 1926 994 1986 mibi
1023 1926 1139 1987 videtur
1166 1944 1401 2006 supervacaneae
1429 1944 1496 1987 esse
1523 1924 1654 1987 observa

357 2035 453 2093 tionis.
500 2051 566 2092 nam
591 2035 615 2093 si
639 2034 759 2091 omuino
786 2033 816 2091 in
846 2031 1004 2092 scribendo
1032 2033 1227 2093 discernenda
1256 2051 1379 2094 casuum
1406 2050 1648 2112 numerorumqu

357 2137 532 2216 ambiguitas
556 2146 610 2214 est,
633 2138 702 2217 quid
728 2139 870 2198 iaciemus
889 2141 919 2198 iu
939 2139 985 2198 bis
1008 2138 1178 2199 inminibus
1201 2158 1329 2218 quorum
1352 2141 1476 2218 scriptio
1499 2136 1658 2199 discrime

358 2263 417 2304 nou
441 2244 582 2324 admittit,
609 2253 640 2304 ut
665 2244 753 2304 aedes
781 2244 868 2305 sedes
897 2243 1005 2326 nubes,
1033 2264 1101 2305 cunr
1125 2254 1236 2306 etune
1260 2245 1414 2325 etplures
1441 2244 1548 2306 eodem
1576 2246 1658 2307 mod

359 2352 495 2413 dicautur
519 2359 547 2411 et
572 2350 765 2414 scribuntur?
806 2352 877 2432 quid
902 2370 969 2412 crim
994 2351 1119 2412 dicimus
1141 2361 1244 2431 gestus
1267 2336 1376 2413 linctus
1399 2359 1517 2431 portus,
1541 2370 1613 2413 cum
1637 2372 1656 2414 e

360 2461 515 2538 genetivus
534 2458 691 2536 singularis
706 2469 734 2519 et
751 2456 948 2519 nominativus
962 2468 990 2517 et
1007 2461 1191 2519 accusativus
1205 2468 1234 2519 et
1250 2461 1399 2518 vocativus
1415 2456 1540 2536 pluralis
1558 2458 1636 2519 eode
1646 2487 1658 2511 ιῚ

359 2564 446 2625 inodo
474 2560 666 2624 scribantur?
711 2565 781 2643 quid
810 2565 938 2644 derrique
967 2567 997 2624 in
1026 2567 1062 2623 iis
1089 2583 1164 2643 quae
1193 2564 1414 2644 ambiguitatem
1444 2563 1556 2625 babent
1585 2567 1652 2626 inte

358 2674 476 2731 nomina
500 2680 529 2729 ct
554 2669 651 2749 verba,
677 2682 708 2730 ut
733 2681 812 2731 rotas
836 2668 935 2732 teras?
973 2689 1038 2730 trouv
1063 2680 1122 2729 tam
1145 2670 1199 2730 bae
1222 2679 1305 2731 rotae
1326 2680 1406 2731 rotas
1430 2670 1552 2751 iaciunt,
1575 2690 1651 2749 qua·

448 2869 539 2923 Cadur.
558 2867 706 2921 Pcurlvosii
741 2869 871 2939 bunius]
891 2886 961 2921 unus
1035 2867 1125 2921 'tium
1144 2867 1242 2937 puerbi
1261 2884 1362 2922 uenere
1381 2870 1411 2923 et
1427 2870 1604 2938 postremum

359 2954 424 3002 Sut
444 2947 537 3017 plures
556 2946 662 3001 saciant
680 2948 690 3000 i
709 2948 732 3001 si
751 2949 821 3002 facis
902 2948 1017 3017 bpucri
1036 2952 1064 3002 ct
1084 2947 1184 3001 Lucilli
1258 2953 1290 3000 12
1309 2947 1378 3001 baec
1396 2946 1446 3001 ille
1464 2947 1559 3002 fucere
1577 2947 1658 3003 add.-

358 3032 423 3082 eut
442 3026 572 3097 pinguius
591 3026 659 3079 fucit
747 3033 779 3079 13
802 3030 833 3080 ut
851 3027 910 3096 pila
928 3027 957 3080 in
976 3044 1033 3095 qus
1050 3027 1176 3096 pinsetur
1258 3035 1290 3081 15
1309 3044 1423 3081 casuum
1441 3043 1658 3098 errorumque

357 3124 426 3162 corr.
442 3122 555 3161 casuum
570 3122 801 3174 numerorumque
816 3123 831 3159 c
892 3112 923 3159 lt
940 3123 995 3159 non
1009 3106 1168 3161 admittitur
1182 3111 1213 3161 ut
1226 3108 1357 3162 dessedes
1370 3107 1460 3163 nubes
1515 3113 1551 3163 ts
1565 3108 1633 3163 eod*
1649 3138 1652 3156 ι

358 3187 440 3243 modo
459 3185 649 3256 describantur
668 3186 702 3239 C:
722 3186 756 3239 de
774 3187 943 3253 rrpvurctte
1014 3192 1045 3239 et
1067 3190 1096 3241 et
1115 3187 1201 3241 uerba
1218 3192 1295 3241 rotas
1313 3186 1387 3240 ferus
1406 3187 1436 3239 et
1453 3184 1496 3240 ier
1512 3185 1606 3244 ferras
1625 3189 1653 3243 si

358 3283 408 3320 nec
427 3266 510 3320 aliter
527 3266 668 3321 scribitur:
688 3284 767 3321 antor
781 3267 805 3320 t*
817 3282 885 3319 corr.
905 3270 932 3318 et
952 3266 1037 3320 uerba
1057 3272 1132 3321 rotas
1151 3270 1224 3322 teras
1244 3267 1396 3320 Nemeum
1415 3264 1470 3320 bse
1487 3268 1568 3322 rotae
1585 3284 1621 3323 ro
1644 3295 1645 3313 ÷

358 3346 463 3399 iaciunt
482 3362 567 3414 quam
585 3350 647 3401 roto
665 3351 741 3401 rotas
761 3350 835 3399 rutut
854 3348 880 3399 et
900 3345 960 3399 iero
978 3346 1066 3401 ferrus
1080 3350 1111 3401 et
1127 3347 1186 3401 feru
1204 3347 1279 3401 ferus
1292 3347 1333 3401 sic
1346 3362 1398 3401 uec
1416 3344 1501 3399 aliter
1518 3346 1657 3402 scribitur

357 3442 436 3479 umor
453 3442 468 3480 c
488 3426 574 3478 rcrbis
591 3443 661 3495 qrcoc
680 3429 708 3480 iu
723 3429 818 3495 prium
835 3428 976 3495 scripturo
993 3428 1093 3481 ortissu
1111 3434 1191 3481 rrurvt
1209 3429 1239 3481 iu
1258 3427 1381 3496 murpiue
1397 3426 1503 3481 additis

447 3618 459 3664 1
490 3612 499 3665 i
523 3617 587 3679 post
610 3611 785 3679 productioni
811 3615 938 3665 orni-scrut
961 3612 1107 3666 Putrclrius
1197 3618 1214 3666 ‘t
1237 3612 1307 3667 ilem
1329 3612 1439 3667 &elcut
1455 3610 1491 3666 L.
1510 3612 1605 3667 ntuetr

358 3692 448 3744 Lucil.
465 3696 516 3745 sut.
538 3693 583 3745 rel.
599 3708 629 3757 p.
649 3695 692 3745 di.
716 3693 830 3755 ror-tuse
849 3692 934 3745 etium
1025 3698 1040 3745 3
1064 3693 1251 3761 pericolum
1273 3693 1388 3746 coniecit
1405 3690 1573 3747 Ritsulels'us
1596 3708 1625 3747 ιι
1652 3735 1654 3740 .

356 3770 443 3823 ltlvcrr.
462 3788 485 3823 c.
507 3770 588 3823 Xll'
604 3786 642 3835 ru.
663 3778 748 3825 iebus
762 3791 791 3840 p.
811 3778 875 3831 stu.
900 3789 933 3826 ue
956 3773 967 3824 i
989 3772 1071 3841 leupo
1094 3774 1182 3826 tribui
1205 3773 1340 3826 rideretur
1358 3772 1469 3825 Lucilio
1547 3774 1649 3828 uotuv

355 3860 419 3903 runt
445 3848 576 3904 videlicet
602 3855 632 3905 ut
660 3851 817 3906 differentia
844 3851 964 3920 quudsm
992 3857 1154 3921 separantes
1179 3852 1219 3917 It,
1252 3853 1300 3905 ubi
1325 3853 1489 3921 separarent
1511 3853 1656 3909 murm

356 3929 523 3983 Ilitsclrclr'us
594 3938 610 3983 5
629 3950 708 3991 unus,
728 3930 780 3984 viri
798 3931 871 3999 peri
890 3930 926 3995 It,
946 3950 1016 3984 unns
1036 3932 1112 4002 [viri]
1132 3931 1205 4001 peri
1224 3931 1397 3995 Ritecdelt'us,
1415 3929 1498 3984 unius
1516 3930 1570 3987 viri
1588 3950 1644 4002 per

357 4010 510 4063 ,llrccllcrus
527 4014 552 4063 ct
570 4010 766 4063 Luclvumuuus
784 4010 874 4062 chcil.
893 4018 944 4064 sut.
959 4029 991 4079 p.
1010 4016 1045 4064 35
1122 4014 1153 4064 ut
1172 4010 1296 4064 Lucilius
1314 4010 1467 4065 Macellerus
1539 4010 1645 4067 Lucili·

354 4089 383 4142 in
401 4089 487 4160 nono]
506 4090 540 4154 cs.
562 4089 677 4159 Quintil.
699 4090 718 4141 Ι
738 4096 824 4143 215.
845 4086 950 4143 Uttaris.
966 4108 996 4159 p.
1017 4097 1095 4156 rtur
1169 4098 1185 4145 8
1211 4094 1241 4145 ut
1267 4090 1498 4159 protestarunt:
1521 4090 1576 4145 itti
1603 4115 1615 4135 »s
1632 4118 1644 4138 u

353 4170 443 4224 solum
459 4170 559 4239 pupilli
574 4170 653 4239 pueri
668 4169 721 4221 buc
737 4169 817 4222 unius
833 4168 879 4221 bct
894 4168 934 4222 R:
951 4180 982 4223 ut
997 4171 1077 4238 pueri
1090 4171 1184 4239 plures
1199 4172 1267 4224 fiant
1278 4170 1472 4241 Occiutiliurrua
1532 4170 1652 4240 tlpupill

352 4250 435 4318 pueri
454 4248 575 4311 Luceill,
599 4250 651 4302 boc
674 4249 756 4301 unius
780 4250 827 4302 fiet
851 4249 948 4301 colluto
968 4248 1095 4302 Cluvrisio
1114 4249 1237 4318 Sculipcr
1259 4251 1336 4317 opud
1354 4249 1478 4303 Βοιωωη
1496 4247 1589 4302 Lucil.
1612 4265 1645 4303 su

353 4330 399 4383 rel.
415 4347 444 4397 p.
460 4334 494 4382 ll
565 4336 594 4382 tt
616 4342 700 4383 tenue
718 4329 779 4382 beic
799 4331 851 4395 qrcl
869 4329 939 4382 huic·
962 4329 1049 4383 iacies
1068 4330 1085 4382 i.
1104 4330 1173 4383 haec
1192 4329 1233 4383 illi
1253 4329 1343 4384 iecere
1358 4328 1511 4383 Muellerus
1578 4336 1612 4383 12
1631 4348 1650 4384 u

355 4408 486 4477 pinguius
510 4408 596 4462 faciut
619 4408 647 4461 Il
721 4415 753 4461 13
777 4410 906 4478 idemque
930 4409 1016 4480 pcilu]
1044 4410 1149 4463 Terent.
1173 4411 1273 4464 Scuvcr.
1293 4427 1322 4478 p.
1341 4415 1387 4476 18,
1404 4412 1452 4463 23.
1487 4408 1567 4465 Mur.
1592 4410 1655 4465 Vter

350 4505 379 4553 p.
399 4492 476 4552 tur
540 4488 597 4555 pila
616 4488 718 4556 inqua
737 4487 864 4557 pinsetur
881 4488 922 4545 Il.
940 4489 1026 4557 pilum
1046 4507 1101 4559 qun
1120 4490 1240 4557 pinsitur
1260 4489 1414 4542 Muellerus
1430 4486 1522 4544 Lucil.
1541 4496 1594 4545 sut.
1612 4494 1654 4547 rel

349 4583 379 4633 p.
399 4570 435 4619 lo·
527 4573 557 4620 lt
578 4580 609 4620 ut
628 4567 756 4621 descedes
775 4568 862 4621 nubes
880 4567 920 4631 It,
940 4571 970 4622 ut
994 4570 1077 4623 aedes
1102 4571 1182 4625 sedes
1201 4570 1288 4624 nubes
1308 4567 1489 4622 Consulibus
1576 4576 1609 4626 21
1630 4590 1658 4628 e·

353 4643 452 4707 verbu,
470 4652 559 4701 rotas.
578 4652 666 4707 rotat,
685 4646 772 4709 ferus,
795 4645 874 4699 ierat.
907 4646 979 4700 Nam
999 4665 1063 4701 eum
1082 4651 1135 4704 bae
1156 4654 1233 4704 rotae
1252 4652 1312 4703 tam
1331 4654 1407 4701 rotis
1431 4646 1549 4718 fuciunt,
1572 4668 1620 4720 qr·
1637 4681 1650 4700 1.

352 4726 427 4787 roto,
450 4726 540 4789 rotas,
563 4728 651 4787 rotae
674 4728 703 4778 et
728 4725 800 4791 lero,
823 4724 910 4791 ierus,
933 4725 1017 4781 ferat:
1046 4729 1086 4783 sic
1114 4748 1164 4783 nec
1188 4729 1272 4783 aliter
1294 4725 1437 4781 scribitur:
1465 4742 1545 4783 umor
1565 4732 1596 4784 et
1621 4749 1637 4787 e

351 4802 465 4855 nomine
484 4802 552 4856 fucit
571 4803 673 4857 umoris
692 4816 720 4857 et
740 4820 773 4856 er
792 4805 875 4858 serbo
895 4807 998 4861 umoris
1017 4808 1045 4863 u
