3316 5474
234 340 299 407 368
794 338 966 395 nosrrflm

233 528 312 608 quod
336 527 371 588 ah
395 528 460 589 aliis
483 524 679 607 scriptoribus
703 526 843 587 traditum
866 544 925 587 non
954 528 1005 606 sit,
1032 524 1173 605 praebeat
1196 573 1203 587 .
1226 543 1302 605 qrrae
1331 526 1405 584 ratio
1434 533 1533 586 autem

232 638 312 696 inter
331 634 504 694 Dosithenm
532 643 563 694 et
589 635 796 712 grammaticos
819 652 894 713 qnos
917 633 978 694 dixi
1001 632 1179 713 intercedat,
1206 650 1260 712 per
1288 630 1420 710 singulos
1443 631 1535 713 locos,

233 739 391 820 inquibus
415 743 470 801 iste
495 759 658 802 consensus
681 740 927 821 deprehenditur,
950 759 1010 801 non
1033 758 1186 821 quaeram,
1209 741 1347 819 qnoniam
1369 738 1441 800 illud
1464 757 1534 801 cum

234 850 407 929 quaestione
431 846 636 927 dedentibus,
659 867 675 908 3
700 847 808 928 quihus
830 847 948 909 illorum
976 856 1133 927 praecepta
1155 848 1319 928 llurernnt,
1341 848 1534 907 coniunctum

234 965 294 1036 est,
325 955 377 1015 sed
410 973 554 1016 summam
586 957 631 1017 rei
668 954 798 1016 breviter
834 953 978 1016 indicabo.
1032 957 1064 1016 in
1095 956 1195 1034 priore
1228 955 1319 1033 igitur
1351 952 1418 1013 lihri
1449 962 1534 1032 parte

234 1063 439 1124 commentarii
457 1060 494 1121 de
508 1061 620 1144 littera,
639 1062 674 1123 (13
690 1062 812 1144 syllaba,
835 1062 872 1123 de
887 1062 1093 1124 communibus
1113 1061 1245 1144 syllabis,
1267 1061 1304 1122 de
1319 1061 1447 1123 dictione
1464 1079 1535 1122 cnm

234 1171 331 1250 primo
354 1167 429 1229 libro
453 1168 579 1230 Charisii
602 1171 794 1230 consentiunt
817 1217 823 1229 .
848 1187 881 1230 33
909 1188 984 1249 quae
1011 1169 1048 1230 de
1076 1171 1264 1249 grammatica
1294 1177 1325 1230 et
1351 1167 1388 1228 de
1419 1187 1490 1228 voce
1518 1187 1535 1228 a

235 1276 368 1337 Charisia
401 1277 511 1356 scripta
543 1284 627 1337 erant
662 1275 781 1337 delectu
813 1275 923 1337 codicis
959 1279 1114 1355 perierunt
1145 1321 1154 1338 .
1185 1276 1341 1338 Diomedes
1373 1284 1471 1336 antem
1504 1277 1536 1336 in

236 1384 368 1445 secundo
391 1381 467 1443 libro
491 1382 528 1443 de
551 1381 689 1444 omnibus
712 1382 802 1444 rebus
825 1401 901 1462 quae
924 1382 1068 1445 hocloco
1091 1402 1108 1444 a
1132 1383 1272 1444 Dositheo
1301 1390 1441 1444 tractatae
1464 1391 1537 1443 sunt

237 1511 295 1553 uon
314 1509 439 1571 prorsus
458 1489 562 1551 eodem
580 1490 682 1572 modo,
705 1489 757 1551 sed
781 1489 918 1551 similiter
941 1490 1101 1569 disputavit
1119 1537 1125 1551 .
1145 1490 1197 1551 sed
1220 1492 1311 1551 iniis
1334 1492 1422 1551 etiam
1445 1492 1536 1570 parti-

237 1597 292 1659 hns
316 1616 392 1677 quae
415 1596 459 1657 rel
488 1599 614 1658 maxime
638 1616 704 1658 cum
729 1595 863 1658 Charisio
891 1599 1081 1658 consentiunt
1108 1614 1167 1657 nou
1196 1596 1275 1658 nulla
1302 1598 1435 1676 quamvis
1461 1595 1537 1657 levia

237 1725 253 1765 a
277 1704 416 1766 Dositheo
440 1704 537 1765 addita
560 1711 643 1783 sunt,
672 1722 761 1784 qnae,
788 1706 857 1782 quia
885 1703 962 1783 apud
986 1703 1155 1765 Diomedem
1179 1706 1267 1764 etiam
1297 1706 1449 1784 leguntur,
1476 1720 1537 1763 non

238 1820 363 1893 possunt
385 1810 421 1871 ah
450 1831 485 1872 eo
513 1813 630 1872 inventa
661 1828 740 1888 esse,
774 1808 853 1870 velut
884 1810 1071 1871 definitiones
1103 1810 1269 1872 litterarum
1302 1813 1468 1872 accuratius
1501 1809 1538 1870 ah

238 1927 366 1998 utroque
396 1936 484 1997 quam
515 1937 530 1977 a
559 1917 692 1977 Clrarisio
716 1917 889 1996 descriptae.
926 1918 957 1977 in
985 1916 1076 1978 altera
1103 1918 1172 1980 libri
1199 1929 1297 1999 parte,
1325 1938 1399 1998 qrrae
1427 1927 1473 1978 est
1501 1917 1538 1978 de

238 2033 305 2086 octo
341 2024 475 2104 partibus
512 2027 667 2105 orationis,
707 2027 835 2104 primum
877 2023 913 2085 de
954 2028 1087 2087 oratione
1129 2035 1159 2087 et
1198 2026 1235 2087 de
1272 2029 1390 2087 nomine
1431 2033 1461 2085 et
1502 2025 1538 2085 de

238 2134 412 2211 pronomine
441 2131 541 2192 cadem
575 2131 637 2192 lere
665 2130 742 2210 apud
774 2130 947 2193 Dosithenm
979 2140 1067 2212 atque
1100 2136 1130 2196 in
1164 2136 1311 2214 excerptis
1343 2131 1539 2193 Bobiensibns

172 2241 177 2258 ’
240 2239 300 2299 3113
331 2237 469 2318 Charisii,
506 2257 580 2318 quae
613 2237 683 2298 olim
715 2239 788 2315 dixi,
823 2239 963 2319 leguntur
994 2214 1010 2301 .’
1031 2258 1098 2301 nam
1131 2250 1249 2321 praeter
1281 2240 1405 2321 amplam
1438 2239 1538 2320 dispu-

239 2347 381 2407 tationem
412 2345 449 2405 de
481 2344 676 2406 declinatione
709 2349 861 2407 nominum
894 2355 924 2408 et
955 2365 1019 2407 eam
1052 2366 1126 2427 quae
1159 2349 1229 2410 huic
1260 2347 1393 2409 subiecta
1425 2354 1471 2407 est
1502 2346 1540 2407 de

240 2451 380 2533 gradihus
412 2455 664 2532 comparationum
687 2472 749 2515 313.
779 2453 864 2515 Char.
891 2475 919 2534 p.
948 2450 1027 2536 537,
1057 2451 1403 2537 15-551,3,1113
1431 2473 1500 2533 pars
1523 2473 1540 2515 a

241 2560 380 2621 Dositheo
403 2561 511 2620 omissa
535 2569 593 2642 est,
626 2561 738 2640 reliqua
771 2560 986 2641 propemodum
1018 2564 1131 2642 integra
1164 2564 1200 2624 ah
1232 2583 1268 2624 eo
1301 2572 1419 2642 recepta
1452 2569 1481 2620 et
1509 2563 1540 2621 in

240 2688 380 2749 graecum
417 2686 584 2729 sermonem
622 2669 760 2730 translata
796 2678 866 2730 sunt
899 2716 906 2730 .
939 2688 1115 2750 quamquam
1152 2673 1181 2732 in
1219 2671 1266 2731 his
1297 2688 1414 2749 quoque
1447 2687 1540 2748 pauca

241 2776 446 2854 inveniuntur,
476 2792 551 2852 quae
579 2776 609 2834 in
634 2774 772 2836 Bobiensi
799 2774 900 2836 codice
924 2777 1032 2836 31111333
1059 2785 1143 2858 sunt,
1173 2778 1225 2839 sed
1255 2780 1285 2838 in
1310 2777 1435 2837 Charisii
1465 2774 1540 2836 libro

135 2891 139 2899 '
242 2882 372 2944 secundo
398 2880 442 2941 vel
460 2883 490 2940 in
510 2880 660 2942 Diomedis
682 2880 758 2942 libro
781 2884 877 2962 primo
900 2881 1053 2963 leguntur,
1076 2894 1110 2944 ut
1132 2883 1265 2964 exempla
1285 2886 1435 2945 nominum
1455 2903 1482 2963 p.
1498 2881 1541 2943 22

239 3008 349 3068 passer
376 2991 480 3064 aquito
508 3007 600 3049 unser
627 2993 766 3063 mustela,
793 3008 821 3068 p.
845 2986 888 3049 24
915 2989 992 3065 Aser
1020 2991 1124 3052 Dacus
1151 2993 1318 3071 Hispanus,
1346 3010 1373 3070 p.
1401 2987 1444 3052 25
1467 3009 1540 3068 pro-

243 3101 330 3159 culus
362 3095 407 3155 vel
439 3114 590 3172 procerus
627 3099 706 3156 ultus
737 3113 865 3171 muudus
896 3098 1031 3157 sublimis
1062 3099 1191 3158 humitis.
1245 3116 1338 3177 pauca
1370 3116 1444 3176 quae
1477 3100 1541 3176 ipse

244 3202 402 3264 Dositheus
425 3203 454 3262 in
479 3204 536 3262 fine
567 3202 774 3281 disputationis
802 3202 839 3263 de
866 3204 1041 3282 pronomine
1068 3202 1180 3265 addidit
1211 3224 1329 3284 graece,
1362 3222 1421 3264 non
1453 3202 1542 3265 latine

244 3313 353 3390 scripta
377 3317 444 3370 sunt
471 3356 477 3369 .
501 3308 607 3369 deinde
631 3307 667 3368 de
690 3306 795 3390 verbo,
821 3327 897 3387 qnae
919 3328 988 3389 pars
1011 3312 1042 3370 in
1065 3309 1204 3372 Bobiensi
1226 3310 1327 3371 codice
1351 3308 1541 3371 hauddubie

245 3417 376 3480 mutilata
406 3423 464 3497 est,
497 3417 573 3494 apud
602 3414 774 3504 Dosithenm
801 3433 912 3496 paucae
940 3435 996 3477 nec
1023 3420 1094 3479 satis
1121 3426 1188 3497 apte
1216 3417 1375 3499 dispositae
1404 3416 1543 3496 leguntur

245 3525 462 3605 adnotationes,
491 3540 565 3602 quae
589 3540 625 3583 31(
650 3517 921 3584 ‘observationibus
945 3520 1113 3585 rerbornm'
1141 3526 1172 3585 in
1201 3527 1289 3585 tertio
1318 3524 1394 3584 lihro
1418 3522 1544 3584 Charisii
1590 3539 1593 3546 ·

246 3633 364 3712 scriptis
383 3637 520 3709 receptae
540 3637 610 3690 sunt
624 3676 631 3689 .
646 3647 748 3689 rerum
763 3630 836 3690 haec
851 3648 970 3708 quoque
985 3648 1020 3691 ex
1039 3630 1143 3690 eodem
1162 3631 1257 3713 lonte,
1276 3651 1291 3692 3
1311 3650 1369 3710 quo
1389 3631 1543 3710 superiora

245 3739 408 3817 llrrxernnt,
435 3738 526 3816 petita
550 3754 629 3816 esse,
657 3734 765 3796 indicio
790 3744 836 3796 cst
859 3736 1024 3817 exemplum
1051 3739 1083 3798 in
1106 3738 1163 3798 fine
1186 3737 1276 3800 huius
1299 3741 1391 3819 partis
1414 3740 1543 3818 positum

245 3866 272 3926 p.
297 3841 353 3924 35,
381 3847 455 3905 berre
483 3846 568 3920 opud
590 3846 785 3906 Sacerdotem
812 3847 965 3922 studetur,
999 3847 1047 3906 oui
1074 3845 1168 3906 simile
1196 3853 1243 3907 est
1270 3845 1347 3925 apud
1371 3844 1543 3905 Dosithenm

245 3971 273 4031 p.
288 3947 330 4012 23
346 3960 376 4011 31
390 3951 419 4009 in
439 3952 587 4030 excerptis
607 3949 802 4011 Bobiensihns
820 3971 848 4032 p.
867 3947 946 4032 534,
960 3949 1004 4013 24
1025 3955 1163 4015 studente
1182 3955 1349 4015 Sacerdote
1368 3954 1544 4027 deffercutr'o

246 4062 367 4120 inuento
391 4056 508 4119 331.(13
527 4056 649 4137 reliquis
668 4056 802 4137 partibus
821 4060 963 4119 orationis
981 4060 1011 4119 in
1030 4058 1169 4121 Bobiensi
1188 4060 1289 4122 codice
1309 4060 1380 4121 nihil
1400 4061 1544 4139 scriptum

247 4174 292 4228 est
316 4211 322 4227 .
347 4163 498 4225 Charisius
521 4173 620 4225 autem
643 4167 673 4224 in
698 4165 828 4226 secundo
851 4164 927 4226 libro
951 4165 987 4226 de
1011 4165 1057 4227 1113
1083 4177 1241 4248 praecepta
1264 4170 1353 4229 trium
1377 4169 1544 4246 grammati·

247 4290 364 4352 eornm,
392 4271 568 4353 Cominiani,
595 4271 792 4352 Palaemonis,
819 4271 886 4333 lulli
909 4272 1046 4354 Romani,
1075 4277 1254 4356 composuit,
1281 4295 1297 4335 3
1325 4275 1433 4355 quihus
1462 4274 1543 4335 Dosi-

248 4379 334 4440 tlrens
359 4398 392 4439 ea
416 4381 541 4439 maxime
565 4399 639 4459 quae
663 4380 834 4441 Cominiano
858 4379 1032 4441 tribuuntur
1055 4383 1168 4461 recepit
1191 4429 1199 4442 .
1222 4399 1289 4442 nam
1317 4381 1405 4442 huius
1437 4401 1543 4443 nomen

247 4506 263 4546 a
287 4486 420 4547 Charisio
443 4487 620 4567 appellatum
643 4496 689 4548 ost
708 4487 744 4548 de
768 4489 923 4567 participio
946 4506 974 4566 p.
1000 4485 1125 4568 180,11‚
1149 4487 1185 4549 de
1209 4488 1346 4548 adrerhio
1370 4508 1396 4567 p.
1421 4485 1546 4569 181‚t5,
1608 4555 1619 4575 .

248 4595 284 4654 de
308 4596 516 4655 coniunctione
546 4614 574 4674 p.
597 4591 729 4675 22424,
761 4593 797 4654 (13
829 4596 1046 4674 praepositione
1074 4615 1101 4674 p.
1130 4592 1239 4676 23D,4,
1271 4593 1307 4654 de
1338 4596 1545 4656 interiectione

248 4720 276 4779 p.
299 4696 426 4780 238,19.
473 4700 508 4760 ad
532 4700 659 4762 eundem
684 4700 820 4761 videntur
844 4698 1016 4760 referendae
1040 4719 1106 4761 esse
1126 4700 1356 4772 ,observationes
1387 4702 1544 4763 vorborum

249 4808 279 4866 in
308 4808 395 4866 tertio
424 4805 513 4888 libro,
546 4806 582 4867 de
611 4806 719 4887 quihus
747 4806 897 4867 Charisius
929 4817 997 4885 post
1024 4818 1162 4887 excerpta
1190 4806 1352 4868 Cominiani
1385 4808 1421 4869 (13
1455 4809 1545 4869 131113
