3316 5474
250 384 317 449 464
741 382 916 438 ARVSIANI
936 383 1056 438 Mussn

250 485 431 535 amma

468 570 593 630 desine
617 568 824 650 Maenalios,
848 571 915 629 iam
933 569 1059 630 desine
1084 569 1171 630 tibio
1195 588 1337 651 versus,

251 679 318 739 Ter.
341 677 446 740 lleout.
470 680 523 749 (ΙΙ
541 678 633 752 3,64)
657 676 785 738 mulier
808 676 913 738 telem
936 676 1070 737 desiuit
1095 675 1139 753 [et
1161 675 1297 753 deserit].

340 785 455 847 Dormit
477 785 532 846 lmc
556 804 601 866 re,
625 785 709 864 Verg.
733 803 813 865 geor.
838 784 863 845 ll
888 785 986 859 (596)
1015 794 1050 846 et
1077 783 1211 846 Sereno
1239 786 1399 848 dormiat
1430 795 1576 849 ostro.

252 893 360 954 dormit
383 896 414 953 in
437 891 516 953 illam
540 895 587 953 sui
610 894 744 972 eorporis
767 901 895 973 portem,
918 892 985 953 Ter.
1009 891 1112 953 lleeut.
1137 895 1191 966 (II
1209 894 1317 968 3,101)

518 1002 552 1060 iu
576 1002 750 1060 utramvis
774 1017 894 1060 eurem
917 1001 1035 1060 otiose
1058 1008 1097 1060 ut
1120 1000 1286 1061 dormias.
1601 1021 1615 1062 s

341 1107 426 1168 Dolet
441 1107 488 1168 illa
503 1126 548 1187 re,
568 1105 653 1185 Verg.
669 1107 739 1166 Aen.
755 1105 766 1165 l
782 1106 880 1181 (669)
900 1114 936 1166 et
958 1115 1084 1168 nostro
1103 1107 1255 1168 doluisti
1278 1125 1385 1188 saepe
1411 1109 1576 1173 dolore.

252 1215 332 1276 dolet
354 1215 433 1275 illem
457 1233 535 1295 rem,
559 1213 615 1274 Sal.
640 1212 721 1274 Catil.
742 1214 847 1288 (492)
870 1221 905 1274 et
928 1217 1030 1293 quasi
1053 1214 1179 1275 dolens
1203 1216 1280 1275 eius
1303 1234 1428 1277 cesum
1450 1264 1458 1277 .
1479 1217 1575 1280 doleo

251 1325 347 1383 vicem
370 1331 465 1403 tuam,
491 1321 521 1382 id
545 1330 592 1382 est
613 1339 668 1400 per
692 1329 720 1380 te
743 1319 843 1400 doleo,
865 1317 889 1399 †
912 1321 948 1381 de
972 1322 1059 1381 domo
1082 1331 1113 1382 et
1135 1339 1198 1401 rep.
1221 1323 1310 1382 vitam
1333 1321 1425 1402 lugeo
1452 1370 1460 1385 .
1485 1325 1577 1388 dolet

252 1429 300 1490 illa
324 1446 393 1510 pers
417 1427 502 1507 mitri,
525 1427 593 1488 Ter.
618 1429 709 1489 Phar.
733 1428 780 1498 (V
801 1428 892 1502 964)
917 1437 977 1488 tuo
1000 1430 1076 1488 viro
1099 1428 1195 1490 oculi
1218 1427 1373 1490 doleant.

148 1531 152 1539 '
342 1535 481 1596 Deiectus
503 1533 554 1594 ilie·
575 1553 622 1615 re,
645 1533 729 1614 Verg.
753 1535 825 1595 deo.
849 1533 888 1594 lll
911 1536 1005 1609 (317)
1589 1556 1615 1595 ιο

471 1641 539 1702 heu
564 1644 644 1720 quis
667 1650 702 1702 te
726 1660 830 1701 casus
854 1641 1029 1703 deiectam
1053 1645 1205 1722 coniuge
1228 1650 1336 1704 tauto.

254 1752 387 1812 deiectus
410 1750 446 1810 ab
470 1749 518 1811 illo
542 1768 587 1829 re,
607 1751 612 1823 Ι
632 1748 710 1808 idem
734 1750 804 1808 deu.
829 1747 852 1805 V
876 1749 969 1822 (542)

467 1858 626 1935 quemvis
650 1855 748 1917 solus
771 1872 867 1915 avem
890 1853 989 1914 caelo
1013 1855 1147 1916 deiecit
1170 1855 1211 1916 ab
1234 1856 1305 1916 alto
1330 1904 1336 1916 .

254 1967 387 2027 deiectus
411 1965 447 2025 de
471 1962 519 2023 illa
543 1981 589 2043 re,
613 1962 672 2023 Cic.
696 1981 749 2040 pro
768 1961 891 2022 Murena
911 1962 1041 2036 (37‚79)
1064 1962 1160 2023 deici
1183 1964 1223 2023 de
1248 1962 1348 2023 urbis
1372 1969 1574 2044 praesidio

255 2081 290 2133 et
313 2069 500 2132 deturbari
525 2069 565 2129 de
590 2068 754 2129 custodia
779 2070 943 2128 civitatis
966 2068 1120 2129 volunt.
1588 2091 1614 2131 n

345 2178 454 2237 Doctus
478 2176 556 2236 illius
580 2178 637 2256 rei,
661 2174 746 2254 Verg.
769 2175 840 2235 deu.
864 2173 890 2234 X
914 2176 1006 2249 (225)

459 2301 606 2362 querum
632 2301 720 2361 quiae
745 2282 842 2342 laridi
866 2282 1075 2343 doctissima
1100 2283 1317 2362 Cymodocea
1341 2332 1347 2344 .

255 2392 361 2452 doctus
389 2390 437 2450 illo
466 2409 511 2470 re,
541 2389 597 2449 Sal.
627 2388 709 2450 Catil.
738 2390 840 2469 (25‚2)
868 2389 1005 2450 litteris
1034 2393 1175 2470 graecis
1203 2399 1238 2451 et
1269 2390 1395 2452 latinis
1424 2393 1571 2458 docta.

257 2499 363 2559 doetus
387 2496 465 2558 illam
496 2515 573 2577 rem,
603 2496 659 2556 Sal.
684 2497 766 2557 Catil.
790 2498 892 2572 (451)
920 2515 983 2576 per
1015 2480 1153 2577 legatas
1187 2507 1315 2559 cuncta
1348 2500 1508 2564 edoctus
1539 2515 1571 2568 et

255 2608 323 2668 hist.
348 2605 359 2665 l
383 2605 511 2665 doctus
534 2602 698 2664 militiam
723 2652 728 2663 .
753 2603 858 2664 doctus
882 2603 917 2663 ad
942 2604 1019 2666 illam
1043 2624 1120 2686 rem,
1143 2605 1210 2666 Ter.
1234 2604 1323 2685 Hecy.
1347 2609 1401 2679 (II
1419 2610 1491 2684 1,6)
1583 2629 1610 2668 ro

300 2717 335 2774 in
358 2712 553 2790 eodemque
577 2729 698 2771 omnes
723 2711 808 2771 mihi
831 2710 1001 2771 videntur
1024 2711 1106 2772 ludo
1131 2713 1255 2773 doctae
1279 2714 1319 2774 od
1343 2714 1539 2779 militiam.

281 2874 283 2877 ,
345 2818 470 2880 Desiluit
502 2817 571 2897 hoc,
603 2816 688 2896 Verg.
721 2819 792 2878 den.
825 2817 851 2877 ll
884 2819 978 2890 (453)
1015 2818 1166 2879 desiluit
1202 2820 1347 2882 'sturnus
1384 2821 1526 2904 biiugis
1561 2873 1568 2886 .

255 2927 376 2989 desiluit
398 2926 434 2987 ab
458 2926 527 3005 hoc,
550 2924 628 2985 idem
652 2923 691 2983 lll
715 2925 809 2997 (499)
833 2926 1022 3004 portisque
1046 2924 1086 2984 ab
1110 2943 1200 3004 eqrro
1224 2930 1348 3007 regina
1376 2928 1446 2990 sub
1475 2931 1568 2993 altis

256 3035 437 3098 desiluit.

347 3140 501 3222 Digredior
525 3138 567 3200 illi
590 3139 668 3219 loeo,
693 3138 749 3198 Sal.
769 3138 830 3218 lug.
850 3141 952 3214 (top)
976 3139 1143 3202 Numidas
1167 3124 1309 3221 qlrietos
1334 3163 1448 3223 neque
1473 3147 1608 3209 collisi

256 3251 397 3330 digredi
421 3246 677 3308 animadvertit
696 3294 702 3306 .
722 3246 873 3326 digredior
891 3247 974 3308 illum
994 3246 1105 3329 locum,
1129 3249 1186 3343 Dal.
1205 3250 1272 3310 hist.
1288 3250 1340 3310 llll
1359 3254 1565 3315 exercitum

257 3359 409 3437 dimisit,
433 3365 471 3416 ut
495 3357 645 3434 primum
669 3354 775 3434 dlpes
799 3354 985 3435 digressus
1009 3366 1093 3418 est.

256 3499 469 3509 .—-—-.-—.

347 3566 436 3620 Gades
457 3564 605 3618 Parrhasii
642 3560 810 3616 lmenolioe
882 3561 965 3633 tibin]
980 3562 1033 3617 tibi
1106 3564 1235 3634 2telem]
1251 3565 1349 3619 teiam
1424 3568 1567 3626 tdormit

257 3647 287 3701 in
305 3645 395 3716 illam]
416 3645 536 3698 dormiet
554 3643 584 3696 in
603 3641 682 3695 illem
755 3648 770 3694 5
789 3641 818 3695 in
837 3646 901 3695 ante
919 3643 1053 3698 utramvis
1068 3650 1164 3713 postea
1181 3664 1200 3700 a
1218 3651 1377 3713 correctore,
1395 3653 1426 3702 ut
1443 3649 1565 3720 vidant,

258 3728 384 3782 additum
402 3729 440 3779 est
511 3740 607 3778 aurem
626 3739 684 3775 rem
703 3721 804 3787 otiose,
823 3721 869 3775 sed
887 3721 974 3776 deleta
991 3738 1015 3775 u.
1035 3739 1094 3776 rem
1165 3724 1281 3782 9Phor.
1301 3742 1352 3780 om.

346 3907 410 3959 tte
436 3904 492 3956 inm
518 3901 621 3956 desinit
642 3901 661 3954 i.
686 3918 709 3955 e.
733 3901 836 3955 deserit
865 3899 903 3967 G,
931 3900 1018 3954 telem
1046 3901 1150 3956 desinit
1179 3904 1300 3958 Terentii
1326 3907 1429 3961 codices
1455 3911 1566 3978 optimi,

257 3986 344 4041 telem
364 3982 467 4038 deserit
484 3984 536 4038 olii
608 3982 672 4036 tin
691 3999 785 4036 eurem
804 3980 940 4035 utramvis
956 3981 1099 4037 Terentiae
1172 3984 1290 4039 ‘tDoleo
1305 3985 1394 4040 vicem
1408 4004 1502 4043 meam
1517 3991 1565 4046 vel

257 4070 338 4123 tunm
352 4065 390 4119 -id
416 4068 459 4120 est
480 4081 531 4134 per
553 4066 582 4117 to
605 4063 688 4118 doleo
708 4061 764 4116 Cio.
787 4060 823 4114 de
847 4060 930 4114 domo
954 4063 983 4115 et
1006 4061 1176 4131 reipublicae
1198 4064 1289 4119 vicem
1308 4066 1391 4136 lugeo
1414 4066 1448 4135 P,
1474 4069 1566 4126 Doleo
1599 4130 1604 4143 q

257 4147 347 4202 vicem
374 4149 466 4211 tuam,
494 4145 524 4199 id
548 4148 591 4199 est
612 4145 727 4213 propter
751 4145 779 4195 te
803 4141 883 4195 doleo
903 4141 957 4196 Cic.
977 4141 1012 4196 do
1037 4143 1118 4199 domo
1144 4147 1173 4199 et
1190 4163 1248 4215 rep.
1267 4145 1356 4201 vitam
1374 4147 1458 4217 lugeo
1477 4151 1567 4206 edidit

261 4231 372 4293 Maias,
391 4228 489 4281 addita
507 4227 538 4278 in
557 4227 673 4280 editione
687 4224 814 4278 Rornana
829 4226 984 4278 coniectura
1000 4222 1099 4278 Orialii
1113 4223 1167 4279 Cio.
1183 4226 1315 4281 dedomo
1335 4226 1376 4280 ‘et
1387 4227 1457 4297 reip.
1472 4229 1567 4285 vicem

258 4309 356 4379 lugeo'
376 4309 417 4362 oet
437 4306 543 4361 ‘doleo'
566 4349 571 4359 .
591 4308 622 4359 in
641 4306 763 4359 oratione
781 4306 814 4358 de
831 4305 909 4359 dono
927 4307 999 4359 niln't
1017 4307 1089 4374 qnod
1107 4307 1159 4360 linc
1173 4307 1312 4374 pertineat
1330 4307 1429 4376 tepitnr
1449 4350 1455 4362 .
1474 4310 1567 4366 vitem

258 4391 343 4461 lugeo
371 4391 402 4442 in
427 4387 588 4456 {repetentis
615 4386 748 4439 librorum
771 4386 803 4439 de
825 4385 966 4453 republica
984 4386 1048 4439 olim
1071 4391 1201 4453 posuerat
1221 4387 1339 4441 Orellins
1352 4405 1383 4456 p.
1401 4393 1456 4443 493
1533 4399 1568 4446 14

260 4468 332 4524 deici
360 4469 394 4522 de
421 4467 497 4520 urbis
524 4465 663 4537 praesidio
691 4468 721 4520 et
748 4465 783 4520 de
812 4466 939 4520 custodia
967 4467 1090 4522 civitatis
1119 4469 1219 4522 vestris
1247 4468 1392 4522 sententiis
1420 4470 1568 4529 deturbari

260 4550 359 4604 volunt
379 4549 470 4602 Cicero
543 4553 575 4600 21
597 4547 632 4599 ad
651 4546 781 4599 militiam
801 4549 884 4602 eaden
908 4547 1085 4604 Victorianus
1101 4551 1235 4615 Terentii,
1253 4550 1289 4603 ed
1308 4549 1445 4604 malitium
1464 4554 1569 4624 reliqui

306 4635 339 4683 23
360 4628 410 4682 sub
429 4628 505 4698 altis]
526 4629 577 4682 sub
596 4626 665 4696 ipsis
690 4625 827 4694 Verpilius
846 4629 913 4681 Aen.
936 4628 989 4681 XI
1005 4634 1059 4685 499
1079 4652 1087 4683 .·
1106 4633 1140 4698 ef.
1161 4632 1196 4684 to.
1216 4635 1271 4685 485
1290 4629 1434 4699 portisque
1453 4632 1568 4691 effunde

261 4709 312 4762 sub
331 4708 396 4762 eltis
468 4715 502 4760 ut
513 4709 613 4761 rectius
631 4711 690 4760 erat
708 4704 854 4773 degredior
871 4704 921 4759 illo
941 4706 1002 4762 loeo
1021 4715 1045 4762 et
1063 4711 1160 4764 deinde
1178 4710 1250 4764 oolle
1269 4710 1396 4779 degredi,
1416 4710 1569 4780 degredior

260 4788 341 4841 illum
360 4788 465 4844 locum.
484 4788 570 4856 Alpes
590 4787 735 4853 degressus
754 4788 796 4840 est
867 4803 957 4855 neque
977 4789 1048 4843 colle
1066 4788 1183 4860 degredi
1201 4789 1363 4857 Sollicitus,
1382 4807 1473 4860 neque
1493 4794 1568 4851 colle

214 4866 371 4977 ‘digredi
389 4883 422 4920 ea
443 4866 469 4921 G
487 4869 573 4921 edidit
593 4867 802 4920 Lindemannns
