3316 5474
693 339 887 395 Excuuprn
1377 337 1443 402 329

138 454 160 491 p.
176 442 188 480 o
203 440 232 480 6.

139 532 282 604 sequatur
296 522 394 585 littera
409 543 438 606 u,
454 517 458 607 l
474 542 549 603 quae
569 542 637 585 cum
656 523 746 585 altera
766 524 857 585 vocali
876 525 977 585 iuncta
995 521 1060 584 loco
1080 524 1271 584 consonantis
1290 523 1445 603 accipitur,

139 641 174 693 ut
196 631 273 712 apud
296 630 470 693 Lucretium

300 757 388 818 quae
408 738 564 800 calidum
588 739 730 800 iaciunt
753 756 861 818 aqvas
885 746 1018 800 tactum
1042 749 1147 819 atque
1172 755 1352 818 vaporem3

139 853 191 933 aut
213 863 282 907 cum
305 844 555 907 concurrentibus
583 849 661 907 iuter
685 865 717 907 se
746 844 895 906 vocalibus
924 845 999 906 duae
1030 845 1156 925 syllabae
1185 848 1215 906 in
1244 863 1333 906 uuam
1362 843 1446 922 quasi

98 966 114 1008 s
140 971 194 1033 per
213 951 418 1033 diphthongon
436 953 667 1035 contrahuntur,
690 962 724 1013 ut
747 948 821 1014 ‘cui
845 971 912 1012 nou
937 951 1057 1013 dictus
1076 951 1183 1031 Hylas
1202 945 1307 1031 puer'
1328 950 1447 1010 etitem

301 1060 424 1139 Tityre
447 1068 638 1139 pascentes
661 1079 677 1119 a
702 1059 855 1120 flumine
880 1061 978 1119 reice
1001 1057 1171 1139 capellas.

140 1165 197 1227 boc
226 1168 305 1228 euim
338 1165 403 1227 loco
432 1162 513 1228 ‘cui’
543 1175 572 1228 et
601 1160 677 1226 ‘rei’
706 1167 745 1226 ita
775 1166 954 1245 efferuntur,
988 1165 1079 1226 veluti
1106 1169 1135 1226 st
1161 1165 1293 1244 singulae
1321 1163 1448 1244 syllabae

142 1273 215 1353 siut,
245 1290 314 1333 cum
337 1280 435 1334 mmeu
459 1272 533 1334 duas
561 1290 626 1333 esse
656 1278 784 1351 constat3
813 1272 997 1350 maximeque
1026 1278 1057 1331 et
1084 1271 1149 1331 aliis
1177 1271 1327 1354 versibus,
1354 1280 1387 1333 ut
1417 1273 1448 1331 iu

142 1380 301 1460 georgicis,
326 1387 356 1440 et
379 1374 455 1442 ‘cui
479 1389 587 1461 turpe
611 1374 734 1460 caput’
759 1380 884 1439 etitem

104 1501 130 1540 ιο
302 1478 401 1537 reice
425 1497 466 1538 ne
492 1478 642 1539 maculis
665 1479 828 1539 infuscet
851 1476 990 1537 vellera
1013 1476 1133 1556 pullis.

145 1590 220 1653 quae
243 1575 341 1635 omnia
364 1577 394 1634 in
420 1578 523 1637 metris
547 1575 729 1637 observanda
752 1584 831 1636 suut.

612 1686 672 1752 DE
696 1684 974 1753 ACCENTIBVS

232 1789 380 1849 docentus
411 1791 461 1868 qui
496 1785 587 1849 sunt?
627 1790 791 1868 accentus,
824 1791 875 1868 qui
905 1807 1009 1869 graece
1042 1790 1198 1869 prosodiae
1226 1789 1380 1870 dicuntur,
1416 1788 1448 1849 bi
1464 1811 1535 1864 rosas

144 1902 227 1976 suut,
255 1903 376 1976 acutus,
405 1898 515 1976 gravis,
546 1895 763 1957 circumflexus,
807 1897 837 1954 in
869 1897 948 1955 omui
977 1905 1061 1976 parte
1089 1899 1232 1957 orationis
1264 1896 1370 1957 latinae
1399 1905 1450 1956 ant

105 2034 131 2073 15
145 2019 267 2079 graecae
295 2011 347 2063 aut
374 2012 494 2063 acutum
523 2011 574 2062 aut
601 2001 825 2062 circumflexum
856 2010 1010 2063 accentum
1043 2005 1115 2082 poni
1147 2022 1269 2064 necesse
1303 2011 1362 2085 est,
1394 2021 1450 2063 nec

145 2107 271 2187 amplius
294 2127 381 2187 quam
407 2128 513 2190 arnum,
537 2107 582 2168 vel
605 2107 686 2168 bunc
705 2107 750 2168 vel
774 2107 857 2170 illum
876 2129 884 2169 :
903 2127 971 2169 uam
990 2112 1086 2189 gravis
1107 2112 1229 2190 ponitur
1250 2113 1281 2171 iu
1305 2109 1450 2191 pluribus.

145 2222 251 2275 acutus
274 2233 342 2276 cum
366 2215 443 2295 apud
468 2215 597 2284 Graecos
619 2217 676 2276 tria
699 2213 763 2276 loca
785 2223 898 2295 teneat,
929 2215 1061 2276 ultimam
1085 2226 1115 2277 et
1137 2217 1345 2297 paenultimam
1368 2225 1401 2278 et
1423 2219 1451 2278 ei

145 2323 309 2402 proximam
334 2321 487 2403 syllabam,
511 2326 596 2400 apud
617 2341 671 2383 nos
695 2321 812 2383 duobus
837 2331 949 2384 tantum
974 2322 1046 2384 locis
1070 2326 1141 2404 poni
1163 2331 1289 2403 potest.
1314 2320 1451 2396 Quibus?

146 2430 204 2490 Aut
226 2430 256 2488 in
281 2429 473 2510 paenultima,
503 2437 536 2490 ut
559 2429 759 2511 praelegistis,
787 2437 838 2490 aut
865 2432 896 2490 in
925 2449 959 2491 ea
988 2449 1063 2510 quae
1092 2450 1108 2490 a
1137 2432 1194 2492 line
1224 2434 1263 2492 sit
1290 2435 1390 2512 tertia,
1419 2443 1452 2494 ut

106 2536 345 2616 20praele'gimus
376 2583 382 2595 .
414 2536 637 2616 circumllexus,
670 2538 695 2596 si
728 2553 797 2616 pars
829 2539 972 2598 orationis
1004 2540 1096 2598 trium
1126 2545 1177 2599 aut
1206 2539 1331 2619 amplius
1361 2540 1452 2600 luerit

147 2641 338 2722 syllabarum,
361 2660 420 2702 uon
445 2644 502 2703 nisi
525 2643 738 2723 paenultimum
757 2642 857 2703 locum
874 2645 985 2722 poterit
1003 2645 1151 2725 iuvenire,
1175 2655 1208 2706 ut
1227 2644 1362 2727 turbare,
1385 2665 1451 2726 per·

147 2749 267 2809 domare
299 2795 306 2808 .
341 2747 570 2830 monosyllabae,
607 2766 811 2828 quaecumque
848 2751 996 2829 positione
1033 2750 1136 2831 longae
1169 2752 1294 2834 luerint,
1332 2761 1452 2813 acutum

221 2894 233 2939 1
255 2884 351 2940 littera
363 2901 450 2954 uque
467 2885 502 2938 M
515 2885 641 2954 litteray
656 2902 728 2954 quae
742 2885 770 2939 Β
806 2885 914 2957 iuncta]
929 2885 1028 2940 innuba
1044 2886 1081 2939 M
1115 2892 1131 2940 2
1146 2888 1222 2956 apud
1237 2871 1384 2943 lucret¹um
1402 2889 1453 2941 B:

148 2966 255 3020 Lucret.
281 2965 327 3017 VI
344 2970 411 3031 868,
429 2965 478 3018 ubi
496 2965 588 3019 laticis
605 2982 657 3034 pro
676 2982 766 3034 aquae
783 2968 815 3019 in
833 2965 958 3020 lucretii
976 2966 1114 3021 codicibus
1131 2970 1264 3036 scriptum
1283 2975 1336 3037 est,
1363 2975 1453 3039 aquae

148 3046 258 3114 scripsit
272 3044 467 3098 Lachmannus
481 3045 512 3097 in
526 3043 634 3099 Lucret.
656 3044 702 3097 VI
715 3049 771 3099 552
786 3046 937 3100 testimonio
950 3061 1017 3101 auus
1030 3045 1124 3103 Bedae
1137 3050 1170 3103 de
1184 3055 1236 3103 art.
1251 3055 1325 3105 nutr.
1340 3069 1370 3120 p.
1386 3056 1453 3118 253,

148 3130 194 3191 17,
216 3126 265 3194 qui
288 3125 427 3178 Audacem
452 3130 559 3178 secutus
586 3130 652 3179 erat.
689 3126 752 3193 ipsa
774 3125 900 3179 Audacia
925 3129 1008 3183 uerba
1035 3130 1100 3183 olim
1122 3148 1140 3183 6
1159 3129 1277 3185 Sinnero
1295 3133 1375 3186 66161.
1395 3133 1452 3185 cod.

148 3222 208 3262 nass.
228 3206 291 3260 bibl.
310 3204 394 3258 Bern.
409 3222 433 3258 o.
451 3206 469 3258 l
479 3223 509 3274 p.
525 3208 582 3261 623
601 3223 615 3261 e
633 3205 723 3271 codice
735 3204 871 3258 Bareas
884 3207 959 3262 edita
972 3209 1010 3262 ad
1023 3211 1136 3265 666666
1149 3227 1254 3265 ausum
1269 3212 1454 3266 adluibuerunt

148 3284 284 3354 Berplcius
303 3284 433 3338 Zeitscbr.
453 3286 474 3350 f.
490 3286 690 3340 Attertltumsw.
704 3303 730 3340 6.
745 3290 816 3340 1851
833 3301 864 3352 p.
879 3289 937 3340 218
950 3291 976 3340 et
988 3286 1153 3344 Ritsclutins
1167 3307 1256 3360 opusc.
1267 3292 1363 3360 philol.
1377 3308 1402 3345 6.
1414 3291 1456 3344 ΙΙ

145 3381 175 3433 p.
190 3369 246 3419 606
300 3370 316 3417 3
336 3380 425 3433 aquae
439 3365 467 3417 B
485 3382 557 3434 aque
573 3367 610 3420 M
662 3373 678 3420 4
698 3384 761 3421 cum
775 3382 826 3420 om.
841 3366 877 3433 B,
896 3369 959 3423 add.
976 3370 1014 3424 M
1066 3377 1082 3424 5
1101 3373 1134 3424 ut
1152 3372 1197 3425 cui
1215 3389 1270 3426 non
1290 3372 1382 3425 dictus
1400 3370 1454 3424 ilas

148 3459 218 3513 puer
241 3443 360 3497 etitem
384 3443 421 3496 Μ
443 3445 472 3497 et
494 3445 539 3499 cui
564 3463 620 3502 non
642 3446 720 3501 dictu
743 3445 810 3500 silas
834 3446 954 3501 etitem
976 3449 1030 3503 B:
1055 3448 1133 3519 Vera.
1157 3467 1245 3520 georg.
1266 3452 1329 3504 III
1346 3456 1364 3506 6
1436 3458 1452 3504 6

150 3522 258 3593 Tityre]
284 3522 362 3591 Vera.
381 3524 439 3578 buc.
460 3529 505 3590 3,6
525 3584 529 3589 ,
578 3526 701 3581 lveluti
719 3526 847 3596 singulae
865 3525 967 3582 sillabe
984 3527 1040 3582 sint
1058 3528 1085 3582 B
1104 3529 1193 3585 ueluti
1216 3529 1320 3601 singuli
1343 3530 1400 3585 sint
1419 3531 1457 3584 M

145 3645 147 3649 -
185 3609 202 3658 8
221 3602 414 3672 maximaeque
434 3605 472 3658 Μ
487 3649 494 3660 .
513 3608 629 3672 sortasse
647 3610 676 3662 et
695 3605 757 3661 aliis
777 3607 902 3661 versibus
921 3606 1098 3677 maximeque
1124 3609 1154 3662 in
1176 3610 1327 3681 georgicis,
1354 3613 1386 3664 ut
1409 3610 1454 3665 cui

149 3686 231 3754 turpe
250 3685 347 3752 caput,
370 3684 428 3737 nusi
445 3686 542 3752 potius
560 3688 618 3741 alia
640 3689 826 3757 peorpicorurn
848 3690 983 3757 exempla,
1006 3691 1038 3745 in
1060 3693 1159 3760 quulrus
1184 3692 1228 3746 cui
1250 3694 1383 3761 scriptum
1408 3696 1455 3755 est,

151 3769 214 3819 ante
231 3764 262 3817 et
280 3761 325 3817 cni
342 3762 505 3817 exciderunt
576 3772 592 3820 9
612 3768 641 3821 et
659 3766 704 3822 eui
722 3768 821 3837 turpae
840 3768 931 3837 capud
952 3769 1010 3822 M:
1030 3769 1107 3840 Vera.
1127 3787 1215 3841 georg.
1236 3772 1299 3825 ΙΙΙ
1316 3777 1353 3827 52
1426 3771 1457 3824 et

150 3844 218 3899 item
241 3841 334 3897 reniae
357 3858 392 3896 ne
417 3843 454 3895 M
474 3843 594 3900 etitem
617 3848 647 3900 et
669 3845 710 3901 rei
734 3862 800 3900 cene
826 3847 854 3899 B
877 3868 884 3900 :
913 3848 992 3918 Verp.
1015 3867 1103 3921 georg.
1131 3853 1194 3905 ΙΙΙ
1216 3857 1271 3906 369
1348 3857 1381 3906 11
1406 3850 1455 3904 DE

151 3920 394 3992 accusamus]
424 3927 449 3976 et
475 3923 541 3977 baec
564 3930 589 3979 et
617 3942 686 3994 qnae
712 3927 745 3978 in
771 3927 825 3992 dne
852 3927 918 3982 libri
940 3931 971 3983 in
993 3933 1220 4000 recapitulatione
1242 3934 1275 3986 de
1298 3932 1453 3986 accentibus

150 4005 255 4072 scripta
277 4007 342 4056 sunt
365 4003 463 4056 omisso
485 4005 606 4058 cauata
628 4005 737 4058 nornine
761 4004 889 4073 leguntur
916 4010 948 4064 in
977 4012 1084 4066 duobus
1110 4012 1263 4079 codicibus,
1292 4013 1457 4067 Monacenai

151 4090 225 4141 6399
244 4084 310 4138 otim
328 4081 506 4151 Frisinpensi
524 4089 577 4138 199
596 4090 623 4138 et
640 4084 770 4142 Leidensi
793 4086 867 4144 Voss.
890 4090 920 4159 Q.
940 4098 994 4147 116
1014 4136 1019 4147 .
1039 4109 1053 4147 e
1070 4094 1170 4162 quibus
1192 4094 1332 4160 scriptura
1355 4093 1456 4147 cadim

151 4165 341 4235 Frisinpensis
360 4162 411 4231 (F)
429 4181 488 4218 una
510 4181 570 4219 6666
593 4165 753 4220 ludionibus
777 4168 899 4222 codicum
921 4171 949 4223 B
967 4176 992 4225 et
1012 4172 1049 4225 M
1065 4174 1173 4242 integra
1196 4172 1317 4226 eoebibitn
1341 4178 1380 4227 est
1398 4214 1404 4228 .
1424 4187 1457 4224 ex

151 4247 281 4302 Leidensi
312 4244 401 4299 codice
433 4249 576 4314 utrunque
608 4247 829 4301 commentarium
860 4249 947 4303 edidit
973 4250 1007 4305 L.
1037 4251 1191 4306 Muellerus
1218 4268 1285 4306 mus.
1314 4252 1411 4306 Rben:
1430 4268 1455 4305 6.

154 4325 278 4380 XVIII
291 4324 429 4394 (6.1863)
445 4340 473 4391 p.
488 4329 542 4380 169
561 4341 616 4395 sqq.
691 4333 723 4380 13
743 4329 883 4382 Accentus
903 4329 971 4399 quid
986 4332 1058 4383 ÷F
1070 4330 1101 4385 F
1169 4331 1326 4402 praesidius
1341 4332 1379 4386 M
1392 4347 1457 4401 pro-

153 4403 269 4461 solidiae
295 4404 325 4458 F
397 4407 430 4454 14
455 4404 545 4459 acutis
568 4404 701 4475 grauibus
726 4407 764 4460 M
833 4410 883 4462 aut
909 4415 972 4464 ante
994 4427 1112 4480 graecae
1136 4429 1186 4468 orn.
1206 4412 1236 4465 F
1308 4417 1340 4466 l'l
1359 4413 1457 4467 acutus

155 4514 187 4525 -
200 4483 308 4554 teneat]
323 4483 397 4552 apud
416 4500 532 4552 graecos
550 4487 648 4541 acutus
666 4486 722 4540 tria
740 4487 802 4542 loca
820 4489 898 4544 tenet
912 4490 942 4543 F
1012 4491 1113 4545 ultima
1132 4494 1161 4546 et
1179 4491 1236 4559 (uel
1249 4492 1288 4561 B)
1302 4492 1458 4562 penultima

154 4566 184 4619 et
200 4562 230 4617 in
248 4562 404 4634 proximam
424 4563 553 4620 sillabam
572 4566 669 4636 (labne
689 4569 752 4622 add.
772 4568 816 4637 F)
842 4569 949 4624 duobus
972 4569 1046 4624 ΒΜ
1050 4570 1081 4625 F
1152 4577 1184 4625 19
1203 4571 1264 4642 aut]
1291 4574 1323 4626 ut
1345 4579 1460 4644 utraque

154 4645 211 4699 loeo
226 4644 264 4698 M
316 4643 504 4716 praelegistis]
520 4653 600 4702 natm
614 4652 773 4703 accentuum
791 4653 816 4702 et
834 4649 866 4702 in
882 4649 933 4704 hoc
950 4655 975 4705 et
992 4652 1024 4705 in
1041 4652 1154 4721 reltania
1172 4652 1313 4707 uocabulis
1330 4654 1362 4707 tn
1380 4655 1460 4709 libris

154 4724 267 4779 mausus
289 4724 388 4778 addidi
459 4726 497 4779 sit
519 4726 549 4779 F
570 4730 636 4782 sunt
658 4728 732 4782 ΒΜ
802 4734 834 4783 21
862 4729 979 4801 poterit]
1003 4732 1128 4801 potuerit
1146 4731 1174 4785 Β
1245 4733 1411 4802 prodomare
1431 4733 1462 4788 F

189 4812 223 4859 29
242 4807 446 4877 quaecumque]
467 4822 621 4874 quaecum
640 4807 668 4861 Β
740 4809 853 4863 acutum
872 4809 910 4865 bu
927 4816 1073 4868 somatum
1092 4812 1236 4868 habebunt
1256 4814 1292 4866 M

208 4914 364 4964 omunstat
377 4915 464 4944 Irssffl
479 4915 523 4944 vn.
1212 4912 1245 4958 22
