3316 5474
243 364 309 434 378
805 366 977 428 bostrum

241 479 266 516 o.
279 471 299 511 a.
314 471 326 510 ο
339 471 370 514 rr.

244 575 319 637 quae
347 575 363 617 a
391 557 450 619 fine
478 559 517 618 sit
545 559 646 638 tertia,
679 566 713 619 ut
739 557 945 639 praelegimus.
996 558 1217 639 circumflexus,
1250 560 1275 619 si
1307 576 1376 639 pars
1404 557 1550 618 orationis

243 666 335 725 trium
358 673 409 725 aut
432 664 557 745 amplius
580 666 671 726 luerit
689 663 880 746 syllabarum,
903 683 962 726 non
981 666 1115 746 ponitur,
1138 667 1195 725 nisi
1214 665 1429 744 paenultimum
1446 664 1548 726 looum

242 772 355 850 poterit
384 772 531 846 invenire,
565 780 599 833 ut
630 770 761 834 turbare.
811 772 1019 854 monosyllaba,
1052 791 1256 852 quaecumque
1290 776 1436 854 positione
1460 772 1548 851 longa

245 878 366 960 luerint,
389 887 509 940 acutum
531 877 683 939 habebunt
705 886 875 960 noeentum,
898 887 932 939 ut
954 880 1017 960 pl13
1041 897 1115 959 quae
1140 886 1245 941 natura
1263 880 1348 960 longa
1368 888 1465 962 erunt,
1488 881 1548 939 cir-

244 985 389 1048 cumflexo
413 995 537 1048 aeeontn
561 985 847 1068 pronuntiabuntur,
870 995 904 1047 ut
927 989 984 1047 res.
1015 980 1019 1065 Ι
1049 985 1261 1069 indisyllabis‚
1285 988 1311 1047 si
1334 989 1416 1067 prior
1439 993 1549 1046 natura
1576 1000 1590 1039 ο

242 1092 329 1173 longa
357 1095 415 1154 erit
442 1095 608 1174 posteriore
632 1104 782 1175 correpta,
809 1095 892 1174 prior
915 1093 1182 1175 circumflectetur,
1209 1103 1242 1155 αι
1269 1096 1348 1156 bora
1376 1094 1488 1154 Romo:
1522 1095 1549 1153 si

241 1200 391 1280 posterior
414 1200 559 1281 producta
583 1203 634 1281 sit,
656 1203 752 1288 prior,
775 1219 829 1262 seu
847 1199 938 1290 'longa
962 1219 1015 1263 seu
1038 1200 1136 1262 brevis
1156 1203 1258 1283 luerit,
1281 1210 1404 1263 acuatur
1423 1219 1548 1261 neeesse

242 1315 300 1390 est,
322 1315 356 1368 ut
378 1306 459 1387 leges
483 1307 575 1390 silum
599 1316 629 1369 et
651 1311 677 1369 si
696 1307 798 1369 ambae
817 1306 923 1370 breves
942 1310 1015 1390 sint,
1037 1317 1161 1370 acuetur
1184 1311 1279 1390 prior,
1303 1316 1337 1370 ut
1354 1308 1428 1369 de'us
1448 1307 1547 1368 bomo.

241 1416 273 1474 in
296 1413 456 1495 trisyllabis
479 1413 711 1495 tetrasyllabisve
735 1423 786 1475 aut
808 1433 883 1495 quae
906 1414 1008 1495 plures
1031 1413 1155 1495 syllabas
1177 1414 1342 1496 habebunt,
1370 1415 1395 1474 si
1425 1413 1548 1492 paenul-

242 1523 313 1583 tima
336 1521 434 1583 brevis
457 1523 561 1604 fuerit,
584 1541 659 1602 quae
683 1541 747 1584 eam
770 1523 921 1603 praeeedit
943 1532 1081 1604 acuetur,
1103 1531 1138 1583 αι
1162 1521 1275 1584 Tullius
1297 1520 1492 1582 Hortensius:
1521 1522 1548 1581 si
1564 1535 1590 1574 ιο

241 1629 423 1710 paenultima
444 1631 591 1710 positione
615 1629 702 1709 longa
724 1630 828 1711 luerit,
855 1630 919 1709 ipsa
942 1615 1062 1690 acutum
1085 1627 1206 1690 babebit
1227 1636 1397 1709 accentum,
1425 1646 1547 1707 praeee-

242 1735 362 1797 dentem
399 1745 497 1798 autem
534 1754 652 1815 gravem
690 1737 790 1817 saciet,
826 1744 860 1797 ut
896 1728 1041 1797 Catullus:
1096 1738 1120 1796 si
1157 1735 1336 1816 paenultima
1372 1734 1548 1795 nattrralitor

241 1843 387 1924 producta
411 1846 481 1925 orit,
508 1845 549 1904 ita
571 1852 605 1904 ut
628 1842 731 1904 ultima
757 1841 857 1903 brevis
884 1845 938 1924 sit,
964 1842 1174 1922 paenultimam
1202 1841 1484 1922 oiroumllootomuS,
1513 1851 1549 1902 ut

243 1949 410 2031 Cethegus:
456 1953 481 2010 si
514 1959 612 2012 autem
649 1949 735 2030 longa
771 1951 830 2011 erit
866 1949 982 2031 ultima,
1017 1947 1214 2030 paenultimae
1252 1957 1372 2010 acutum
1409 1946 1547 2010 dabimus

241 2068 415 2140 accentum,
436 2066 470 2118 ιιι
493 2056 629 2119 Αίλέιιαε
652 2056 795 2119 Fidenae.
1563 2073 1590 2113 ιι

331 2249 423 2305 Codex
440 2246 638 2318 Saopollensis.
688 2247 808 2303 afuerit
830 2249 960 2302 aooutum
1036 2246 1091 2300 orit
1168 2249 1235 2301 out
1257 2245 1327 2301 bora
1344 2244 1434 2299 Roma
1457 2260 1508 2298 om.

136 2343 139 2348 ’
242 2334 389 2385 ineoesoo
413 2329 491 2400 loges
515 2327 585 2382 sal'u
656 2329 724 2382 8nt
746 2331 809 2381 onte
836 2327 904 2382 dous
927 2343 978 2382 om.
1051 2326 1259 2395 ipeneultima
1332 2332 1365 2380 10
1384 2328 1416 2379 ut
1435 2323 1547 2378 Tullius

241 2407 404 2464 Hortensius
423 2423 473 2463 om.
552 2414 585 2461 13
603 2404 817 2479 paenultimam]
836 2407 1037 2478 ponenltimum
1113 2410 1226 2462 utente
1245 2406 1384 2476 Cethegus
1403 2421 1452 2460 οικ.

243 2493 277 2542 14
295 2486 497 2558 paenultimae]
516 2485 688 2556 peuoultimn
706 2503 774 2541 corr.
795 2518 827 2527 -
847 2504 881 2542 ae
963 2493 995 2542 15
1014 2490 1047 2543 ub
1064 2488 1192 2543 Athenae
1211 2488 1332 2543 Fidenae
1351 2505 1401 2542 ουι.

243 2716 288 2800 ὡς
309 2718 347 2789 τὸ
369 2722 599 2808 προανέγνοις,
627 2714 648 2806 ἣ
673 2720 725 2787 ἐπὶ
747 2719 870 2807 ταύτης
891 2718 964 2808 ἥτις
985 2727 1078 2809 τρίτη
1102 2719 1167 2789 άπὸ
1189 2721 1305 2802 τέλους
1328 2723 1419 2790 ἐστίν
1493 2775 1500 2789 .
1523 2719 1545 2809 ἡ

242 2827 492 2913 περισπωμένη,
529 2826 589 2893 έάν
625 2823 663 2893 τὸ
701 2827 800 2912 μέρος
835 2831 896 2895 τοῦ
929 2827 1034 2914 λόγου
1065 2832 1168 2917 τριῶν
1201 2824 1222 2915 ἢ
1254 2828 1421 2897 πλειόνων
1454 2833 1565 2896 ἔσταιΙ

243 2937 435 3018 συλλαβῶν,
468 2931 509 3001 ού
541 2937 685 3018 πύθεται,
722 2937 753 3000 εί
784 2933 828 3021 μὴ
859 2934 920 3003 τὸν
952 2937 1196 3023 παρατέλευτον
1227 2936 1331 3004 τόπον
1365 2933 1546 3022 δυνήσεται

243 3038 369 3128 εὑρετν,
393 3037 438 3120 ὡς
459 3039 497 3108 τό
565 3091 573 3108 .
595 3037 636 3107 τά
659 3040 911 3126 μονοσύλλαβα,
934 3038 1017 3131 άπερ
1036 3039 1078 3111 ἂν
1098 3045 1191 3111 θέσει
1214 3041 1323 3130 μακρά
1341 3051 1409 3128 είη,
1433 3040 1546 3124 ὀξεῖαν

242 3149 376 3230 ἕξουσιν
408 3150 603 3238 προσῳδίαν
679 3200 686 3215 .
714 3144 812 3216 ἅτινα
843 3147 881 3216 δέ
908 3149 1008 3238 φύσει
1036 3148 1145 3238 μακρά
1173 3155 1279 3235 ἔσται,
1311 3152 1545 3238 περισπωμέυη
1574 3187 1587 3226 5

242 3258 415 3346 προσῳδίᾳ
435 3259 440 3337 Ι
461 3252 737 3341 έκῳωνηθησεται
763 3285 772 3298 ·
806 3257 980 3326 ,ἐπὶτῶν
1008 3254 1238 3343 δισυλλάβων,
1266 3255 1324 3325 έάν
1353 3255 1373 3344 ἡ
1400 3257 1546 3345 προτέρα

242 3361 343 3449 φύσει
372 3360 480 3450 μακρά
508 3370 559 3447 εἴη
587 3365 645 3447 τῆς
671 3359 813 3450 ὑστέρας
840 3363 1119 3450 συνεσταλμένης,
1151 3360 1171 3450 ἡ
1199 3366 1344 3452 προτέρα
1366 3383 1545 3452 περισπασ-

241 3468 398 3556 θήσεται,
416 3465 472 3549 ,ὦς
498 3467 535 3536 τὸ
564 3464 649 3556 [ὥρα
671 3465 805 3556 Ῥωμη].
856 3466 915 3536 έάν
944 3468 981 3536 δὲ
1007 3466 1028 3556 ἡ
1056 3467 1178 3557 ὑστέρα
1206 3472 1400 3557 ἐκτεταμένη
1428 3479 1494 3557 είη,
1522 3468 1544 3557 ἡ

242 3577 402 3663 προτέρα,
425 3584 490 3644 εἴτε
513 3572 621 3663 μακρά
645 3582 708 3641 είτε
731 3580 870 3662 βραχεῖα
893 3580 999 3661 ἔσται,
1023 3573 1307 3662 ύξυτονηθήσεται
1331 3579 1364 3658 ἐξ
1387 3574 1545 3663 ἀνάγκης,

244 3680 288 3762 ὡς
310 3680 348 3751 τό
418 3682 499 3749 ’καὶ
518 3685 549 3749 εί
565 3678 750 3767 άμῳότεραι
769 3687 920 3768 βραχεῖαι
943 3679 1024 3769 elev,
1047 3678 1331 3769 ὀξυτονηθησεται
1350 3681 1370 3770 ἡ
1389 3683 1545 3771 προτέρα,
1562 3723 1587 3761 10

244 3784 289 3868 ὡς
315 3788 352 3856 τό
422 3789 490 3857 ,έν
517 3802 587 3868 τοῖς
613 3785 847 3875 τρισυλλάβοις
877 3783 898 3875 ἢ
931 3803 1001 3868 τοῖς
1031 3787 1309 3876 τετρασυλλάβοις
1340 3784 1361 3875 ἢ
1390 3786 1472 3876 άπερ
1500 3784 1545 3858 άν
1615 3805 1620 3816 “

241 3899 377 3972 πλείους
400 3889 599 3977 συλλαβάς
622 3894 701 3977 ἕξει,
725 3890 783 3959 ἐὰν
806 3889 828 3979 ἡ
852 3881 1091 3981 παρατέλέυτος
1114 3894 1262 3982 συλλαβὴ
1286 3895 1423 3983 βραχεῖά
1442 3899 1545 3983 ἐστιν,

242 3997 409 4088 ἡταύτης
430 3997 626 4087 προάγουσα
650 3998 888 4087 ὀξυνθησεται,
923 3998 968 4081 ὦς
1002 4001 1163 4083 Τούλλιος
1185 4000 1385 4091 Ὁρτήνσιος.
1436 4001 1495 4071 έάν
1522 4002 1544 4092 ἡ

242 4107 485 4195 παρατέλευτος
507 4106 600 4174 θέσει
624 4104 733 4195 μακρά
755 4116 822 4195 είη,
846 4102 929 4195 αὐτὴ
952 4106 1013 4196 τὴν
1038 4105 1148 4190 ὀξεῖαν
1173 4111 1236 4192 ἔξει
1254 4113 1459 4202 προσῳδίαν,
1482 4109 1545 4198 τὴν
1573 4183 1579 4196 y

242 4213 459 4302 προάγουσαν
492 4214 529 4282 δέ
561 4220 700 4302 βαρεῖαν
732 4212 863 4302 ποιήσει
937 4269 945 4285 .
977 4214 1036 4284 ἐάν
1069 4207 1363 4305 ἡπαρατέλευτος
1395 4217 1544 4306 συλλαβὴ
1562 4256 1588 4296 15

243 4325 393 4410 φυσικῶς
435 4323 628 4410 ἐκτεταμένη
671 4327 776 4408 ἔσται,
818 4320 923 4404 οὕτως
955 4322 1038 4393 ὥστε
1070 4322 1132 4411 τὴν
1163 4330 1353 4394 τελευταίαν
1385 4332 1545 4413 βραχεῖαν

236 4425 345 4517 εἶναι,
368 4426 428 4516 τὴν
451 4431 695 4517 παρατέλευτου
717 4429 1045 4518 προπερισπάσομευ,
1073 4429 1118 4511 ὡς
1144 4434 1182 4500 τό
1249 4485 1257 4500 .
1280 4431 1339 4500 ἐὰν
1367 4433 1405 4499 δὲ
1435 4432 1545 4521 μακρὰ

243 4543 294 4620 είη
326 4533 347 4622 ἡ
379 4542 564 4625 τελευταία,
600 4541 639 4626 τῇ
672 4536 900 4628 παρατελεύτῳ
934 4534 1045 4618 ὀξεῖαν
1074 4540 1225 4626 δαίσομεν
1254 4543 1465 4630 προσῳδίαν,
1501 4538 1546 4621 ὥς

244 4638 399 4727 [Ἀθηναι
425 4648 594 4730 Φιδηναι].

243 4786 456 4800 *-

333 4844 586 4918 tervanensem
659 4854 833 4917 6πρστεραν
906 4856 939 4905 12
958 4846 1097 4924 συλλαβάς
1115 4867 1165 4907 οπο.
1239 4859 1271 4905 13
1290 4872 1377 4921 ταυτη
