3316 5474
656 361 704 414 ne
723 361 1010 417 onrnoonxrma
1443 369 1484 433 87

179 544 332 604 codicibus
361 549 477 606 correxi
507 547 551 605 vel
582 548 723 627 supplevi,
772 569 806 608 ex
840 548 886 607 his
914 558 1013 608 autem
1042 551 1072 609 iu
1101 552 1196 628 Capro
1228 554 1356 629 primum
1389 554 1486 614 locum

179 660 262 711 tenet
286 653 379 712 codex
404 650 469 713 330
493 647 563 734 (B),
590 656 620 714 in
645 655 789 733 Agroecio
813 655 905 715 codex
929 648 1031 735 432(
1061 650 1089 737 ),
1112 657 1276 717 secundum
1305 661 1334 717 in
1360 670 1487 738 utroque

177 762 369 837 grammatico
400 759 491 820 codex
524 757 588 821 338
619 754 684 842 (C)
728 771 758 821 et
788 764 818 821 in
849 761 937 840 Capri
968 762 1086 839 quidem
1117 762 1200 822 libris
1231 782 1298 824 cum
1327 764 1488 826 bernensis

178 864 270 924 codex
290 862 500 926 {leumaniae
525 865 672 926 diversam
695 867 988 946 aMontepessulauo
1013 872 1218 928 recensionem
1243 869 1389 950 exhibeat,
1413 871 1487 932 alter

176 970 337 1031 Berucusis
362 972 491 1032 medium
515 973 663 1052 quendam
687 977 766 1034 inter
784 985 945 1053 utrumque
966 975 1063 1035 locum
1082 986 1171 1036 tenet.
1210 976 1261 1037 sed
1282 978 1360 1037 idem
1379 987 1481 1058 postea

175 1076 212 1136 ab
241 1077 297 1137 alio
327 1079 445 1139 homine
474 1082 513 1138 ita
544 1089 698 1140 correctus
726 1090 785 1160 est,
816 1090 850 1141 ut
879 1082 1055 1161 plerumque
1086 1081 1180 1142 deleta
1210 1086 1309 1162 priore
1339 1087 1486 1164 scriptura

175 1184 319 1244 lectiones
342 1184 464 1245 alterius
488 1189 671 1247 recensionis
695 1186 958 1248 substituerentur.
996 1190 1027 1247 in
1051 1188 1096 1248 his
1116 1180 1207 1267 igitur
1226 1189 1299 1251 locis
1319 1210 1387 1253 cum
1407 1201 1485 1253 utra-

175 1310 234 1370 que
263 1294 410 1371 scriptnra
442 1291 606 1353 adnotanda
635 1301 728 1373 esset,
758 1293 845 1352 modo
870 1293 1044 1373 simpliciter
1068 1295 1138 1373 quid
1157 1305 1327 1357 correctum
1351 1306 1430 1357 esset
1453 1301 1483 1359 in

175 1401 276 1478 priore
304 1401 452 1477 scriptura
480 1399 619 1478 iudicari,
647 1399 747 1478 modo,
775 1401 800 1458 si
824 1401 864 1459 ita
888 1400 1074 1460 commodum
1099 1420 1165 1461 esse
1189 1403 1357 1476 videbatur,
1387 1403 1484 1464 addita

176 1504 315 1565 clittera
347 1522 381 1564 ea
409 1522 483 1582 quae
513 1507 676 1566 correctori
704 1505 852 1566 debentur
879 1526 895 1566 a
923 1510 1017 1585 prima
1047 1511 1194 1588 scriptura
1219 1510 1348 1570 distinxi.
1387 1512 1484 1569 omnia

175 1620 272 1671 tamen
304 1630 379 1690 quae
410 1621 544 1671 correcta
575 1629 641 1671 esse
673 1614 703 1672 in
733 1612 834 1672 codice
867 1612 993 1672 indicavi
1027 1615 1078 1673 uui
1111 1623 1140 1673 et
1169 1616 1290 1693 antiquo
1319 1619 1482 1676 correctori

173 1718 312 1778 videntur
341 1717 498 1778 tribuenda
527 1737 601 1778 esse.
650 1727 783 1780 ceterum
812 1719 884 1779 haec
914 1738 1002 1779 manu
1031 1722 1210 1798 scriptorum
1240 1721 1383 1782 librorum
1413 1741 1481 1782 con·

174 1825 251 1886 dicio
275 1843 368 1904 quam
397 1824 456 1885 dixi
485 1826 584 1885 ellecit
612 1829 781 1885 necessario
810 1832 842 1885 ut
874 1843 976 1904 magna
1005 1833 1035 1885 et
1063 1844 1151 1904 saepe
1180 1827 1302 1888 molesta
1336 1831 1482 1889 variarum

174 1932 335 1992 lectionum
356 1934 438 2011 copia
459 1931 548 1991 editio
568 1934 778 2012 instrueretur,
797 1934 936 2011 qnoniam
957 1951 1015 1992 non
1035 1933 1130 1992 solum
1156 1932 1344 1996 librariorum
1365 1955 1484 1995 errores

174 2038 334 2119 indicandi,
359 2038 410 2098 sed
427 2041 515 2098 etiam
530 2038 714 2099 diversarum
735 2041 943 2099 recensionum
959 2038 1102 2099 lectiones
1121 2048 1150 2098 et
1170 2044 1369 2118 posteriorum
1389 2060 1483 2119 gram·

176 2147 350 2205 maticorum
381 2147 559 2205 mutationes
589 2145 797 2225 proponendae
823 2154 916 2206 erant.
959 2164 993 2205 ac
1017 2164 1053 2204 ne
1079 2145 1204 2205 leviores
1228 2147 1347 2226 quidem
1372 2147 1482 2207 discre-

173 2256 288 2332 pantiae
323 2254 387 2312 sine
423 2252 529 2311 damno
565 2254 721 2330 praeteriri
752 2260 897 2331 poterant.
947 2251 1072 2312 similem
1103 2254 1248 2312 rationem
1282 2256 1311 2314 in
1346 2255 1482 2333 Agroecii

173 2358 249 2419 libro
269 2366 391 2418 secutus
410 2376 485 2438 sum,
509 2376 687 2437 quamquam
711 2361 736 2417 is
755 2377 809 2436 per
829 2376 860 2417 se
880 2358 1003 2417 eandem
1022 2358 1203 2437 diligentiam
1224 2378 1282 2418 uon
1302 2360 1482 2438 requirebat.

175 2466 294 2525 codices
317 2474 415 2525 antem
441 2465 549 2544 quibus
573 2484 646 2525 usus
670 2482 735 2524 sum
759 2467 822 2543 ipse
853 2482 921 2524 erim
945 2463 1078 2523 Putscbii
1103 2464 1231 2524 editione
1256 2465 1325 2524 olim
1350 2467 1481 2527 contule-

175 2592 246 2632 ram.
285 2575 314 2632 in
334 2572 592 2651 hloutepessulano
616 2580 769 2652 praeterea
794 2571 917 2631 schedas
942 2569 1100 2651 Dnebneri,
1124 2574 1174 2648 qui
1199 2590 1267 2631 eum
1295 2571 1427 2632 codicem
1451 2574 1480 2633 in

175 2698 262 2739 usum
287 2678 480 2739 Lindemanni
504 2686 688 2758 excusserat,
712 2677 863 2737 habebam.
906 2696 997 2756 quare
1022 2679 1051 2736 in
1076 2676 1132 2736 hoc
1156 2677 1274 2755 quidem
1300 2678 1370 2738 nihil
1394 2698 1410 2739 a
1435 2698 1480 2738 me

172 2788 315 2846 omissum
339 2803 405 2845 esse
428 2760 509 2864 puto.
560 2787 590 2844 in
615 2783 760 2843 Rernensi
785 2781 850 2844 330
881 2802 999 2862 qnoque
1027 2784 1205 2844 excutiendo
1237 2804 1330 2845 meam
1360 2804 1480 2865 operam

171 2892 334 2952 liberaliter
358 2892 505 2971 supplevit
531 2891 717 2952 llermannns
742 2890 888 2969 llagenus.

261 2998 416 3059 Editorum
440 2998 664 3078 exemplarium,
687 3001 717 3058 in
741 2998 850 3077 quibus
875 2998 904 3057 hi
928 2998 995 3057 libri
1019 2996 1115 3057 adbuc
1139 2998 1221 3057 valde
1246 3002 1379 3076 corrupti
1404 3001 1478 3059 lere·

171 3106 292 3187 bantur,
321 3124 388 3165 raro
420 3108 565 3164 rationem
600 3104 697 3165 habui.
742 3107 870 3183 primum
901 3114 1000 3165 autem
1031 3103 1200 3164 Nicolaus
1231 3104 1361 3163 lensou
1392 3102 1478 3183 Capri

172 3214 279 3274 librum
311 3212 347 3271 de
378 3211 590 3290 orthographia
617 3219 647 3270 et
679 3209 788 3270 librum
819 3211 953 3287 Agroecii
990 3229 1049 3270 nna
1081 3228 1148 3270 enm
1182 3208 1322 3268 Diomede
1353 3218 1382 3270 et
1415 3210 1479 3269 aliis

171 3321 370 3399 grammaticis
398 3318 490 3378 edidit
519 3317 648 3377 Venetiis
677 3319 755 3376 circa
785 3335 894 3375 annum
928 3312 1019 3376 1476.
1064 3318 1093 3375 in
1123 3333 1179 3394 qua
1205 3315 1332 3375 editione
1356 3314 1479 3375 bilibri

172 3446 207 3487 ex
239 3426 340 3486 codice
373 3426 471 3504 aliquo
505 3427 569 3484 eius
598 3426 782 3485 recensionis
816 3441 903 3502 quam
937 3423 1022 3482 uobis
1054 3422 1329 3501 blontepessulauus
1362 3441 1478 3502 reprae-

172 3541 269 3592 sentat
292 3535 425 3612 expressi
448 3540 531 3611 sunt;
560 3531 681 3592 sedvel
709 3533 778 3590 vitio
808 3530 919 3591 codicis
948 3530 991 3589 vel
1021 3529 1206 3608 neglegentia
1235 3529 1357 3589 editoris
1386 3531 1477 3610 pluri·
1517 3614 1520 3618 .

172 3641 228 3698 mis
260 3638 332 3698 loeis
365 3639 452 3699 lectio
483 3646 623 3716 corrupta
656 3645 709 3696 est.
757 3637 863 3697 deiude
898 3638 987 3698 iidem
1017 3636 1085 3697 libri
1114 3655 1173 3696 nou
1207 3643 1317 3696 mutata
1350 3636 1476 3697 lectione

172 3765 240 3806 cum
279 3746 399 3824 rehquis
437 3747 649 3823 grammaticis,
691 3743 869 3823 quibuscum
914 3747 943 3803 in
980 3746 1115 3824 principe
1157 3742 1284 3802 editione
1326 3745 1477 3803 coniuncti

173 3863 270 3932 erant,
299 3854 416 3930 saepius
445 3854 564 3930 repetiti
592 3860 669 3912 snut.
715 3861 818 3930 postea
846 3850 1044 3911 Putscbins
1072 3868 1107 3908 ex
1137 3848 1220 3908 libris
1249 3848 1417 3930 Bongarsii,
1445 3858 1478 3911 nt

172 3964 226 4041 ait,
253 3961 309 4021 hoc
338 3967 383 4019 est
412 3957 627 4038 bernensibnS,
654 3961 705 4037 qni
734 3967 798 4018 tum
826 3956 980 4036 bongarsii
1008 3965 1106 4036 erant,
1140 3974 1243 4015 noram
1272 3960 1477 4017 recensionem

172 4070 291 4147 paravit
339 4074 459 4127 secutus
490 4073 588 4126 autem
612 4074 657 4124 est
684 4066 714 4124 in
743 4063 838 4143 Capro
869 4063 1050 4124 Rernensem
1081 4063 1214 4123 codicem
1244 4059 1322 4142 330,
1352 4082 1387 4122 ex
1419 4081 1477 4142 quo

172 4172 303 4233 libellum
334 4173 370 4231 de
401 4171 499 4231 dubiis
529 4171 627 4231 verbis
655 4174 783 4251 primum
815 4170 920 4248 edidit,
947 4172 978 4230 in
1009 4171 1154 4248 Agroecio
1185 4169 1365 4252 Beruensepx
1397 4169 1477 4251 4323

173 4279 224 4339 sed
253 4298 288 4338 ex
317 4279 405 4337 tertio
434 4296 552 4356 quoque
585 4276 661 4337 libro
690 4274 754 4339 338
789 4277 931 4355 quaedam
961 4279 1083 4357 recepit.
1127 4276 1173 4335 bis
1202 4277 1292 4354 igitur
1320 4276 1403 4337 libris
1426 4278 1475 4337 ad-

173 4385 273 4446 hibitis
298 4384 388 4444 multa
417 4403 492 4462 quae
520 4387 551 4443 in
579 4383 796 4463 antiquioribus
820 4383 999 4444 editionibus
1028 4389 1169 4461 corrupta
1193 4392 1277 4441 eraut
1301 4382 1475 4464 emendavit,

172 4492 255 4572 plura
289 4501 387 4552 tamen
416 4489 596 4551 emendanda
634 4491 768 4569 reliquit,
810 4488 953 4567 quaedam
986 4507 1056 4548 roro
1084 4490 1173 4548 etiam
1206 4505 1280 4564 quae
1313 4488 1383 4547 olim
1412 4508 1475 4549 rec·

173 4601 231 4659 tius
254 4598 331 4659 edita
360 4606 445 4658 erant
473 4599 615 4676 corrupit.
662 4616 741 4657 nnnc
767 4593 944 4656 lectionibus
968 4595 1103 4655 codicum
1128 4595 1338 4674 bernensium,
1366 4594 1476 4673 quibus

172 4704 331 4764 Pntschins
359 4723 432 4765 usus
460 4713 518 4785 est,
547 4705 707 4783 propositis
735 4703 911 4783 plerumque
940 4720 1015 4781 opus
1039 4720 1097 4761 non
1123 4702 1178 4761 luit
1202 4701 1274 4761 editi
1299 4701 1475 4780 exemplaris

172 4809 328 4872 lectionem
351 4811 490 4871 indicare.
528 4830 586 4871 non
611 4808 701 4870 nullis
724 4816 823 4869 minen
846 4808 919 4868 locis
942 4807 1013 4868 utile
1038 4827 1103 4869 esse
1128 4807 1282 4870 videbatur
1305 4809 1381 4867 scire
1405 4807 1475 4887 qnid
