3316 5474
613 427 661 481 DE
681 426 968 482 ouruooutrflm
1403 429 1442 491 19

139 537 161 573 p.
175 526 234 566 raes.
249 526 275 565 ao
289 526 314 566 Ρ.

272 607 386 671 ‘mille
410 607 615 690 bominum'‚
639 607 723 672 ‘duo
748 608 895 673 meilia’:
924 616 1008 672 item
1038 613 1137 674 bisce
1163 623 1314 692 utroque
1338 632 1441 693 opus,

1075 716 1232 802 ‘tireiles‚

273 821 487 886 mellitiam'.
533 834 660 886 tenues
685 828 709 906 i,
732 820 882 907 ‘pilam’,
907 844 974 904 qua
998 825 1168 888 ludimus:
1192 823 1344 908 ‘pilum'‚

274 951 342 1011 quo
364 934 506 1013 pisunt,
530 941 671 1013 tenues;
695 935 724 992 si
748 932 849 1011 plura
874 933 960 993 liaeo
984 935 1132 1014 leceris,
1155 935 1238 1013 pila:

111 1049 124 1087 ⁵
275 1058 363 1118 quae
387 1041 552 1119 iacimus,
575 1038 683 1099 addes
707 1058 736 1119 e,
760 1040 869 1121 polla,
894 1049 931 1101 ut
954 1040 1097 1119 plenius
1121 1043 1194 1102 liat.

138 1165 227 1224 quam
252 1148 480 1206 inconstantiam
500 1143 592 1204 Varro
616 1164 744 1223 arguens
770 1148 798 1204 in
823 1146 950 1206 eundem
975 1166 1107 1207 errorem
1128 1147 1243 1207 diversa
1267 1150 1312 1208 via
1336 1146 1443 1217 delabi·

138 1265 198 1333 tur,
221 1253 324 1313 (licens
348 1255 377 1311 in
398 1250 505 1331 plurali
530 1251 649 1329 quidem
674 1270 798 1312 numero
821 1252 931 1313 debere
951 1254 1066 1314 litterae
1086 1257 1095 1314 i
1119 1275 1136 1314 e
1159 1257 1310 1334 praeponi,
1334 1257 1363 1313 iu
1384 1257 1442 1313 siu-

137 1359 233 1437 gulari
262 1377 332 1419 rero
362 1360 496 1437 minime,
524 1375 591 1416 earm
621 1356 729 1436 alioqui
753 1361 762 1417 i
787 1378 845 1419 nou
874 1360 952 1420 aliud
977 1363 1007 1421 iu
1036 1361 1177 1438 singulari
1205 1379 1293 1439 quam
1322 1365 1352 1420 r'n
1378 1365 1445 1436 plu·

138 1469 213 1538 roll,
242 1484 339 1542 neque
368 1467 456 1523 oliveri
477 1467 507 1522 iu
532 1466 632 1522 medlo
659 1482 747 1541 quam
770 1468 801 1527 in
825 1474 956 1526 extrema
980 1467 1087 1546 syllaba
1111 1477 1210 1547 scuret,
1237 1469 1323 1527 utin
1348 1465 1446 1525 verbis

102 1582 127 1620 1⁰
142 1573 331 1633 manifestum
355 1582 409 1631 est.
456 1570 583 1630 dicimus
606 1574 684 1631 euim
709 1567 809 1633 ‘mitto
834 1574 900 1632 misi
924 1569 1083 1653 misimus',
1112 1576 1168 1633 uisi
1198 1574 1281 1634 aliam
1310 1572 1357 1631 bio
1383 1571 1446 1630 ruit

138 1698 206 1739 esse
235 1681 379 1739 rationem
410 1677 503 1757 [tpirud
532 1676 693 1738 absurdum
722 1678 796 1760 est],
825 1687 871 1759 ul,
899 1698 967 1739 otim
997 1679 1085 1739 verba
1114 1698 1232 1759 quoque
1260 1698 1295 1739 ex
1325 1676 1443 1758 syllabis

140 1794 293 1860 constent,
316 1804 352 1844 ex
366 1785 491 1845 diversa
511 1783 517 1861 Ι
538 1783 638 1862 regula
662 1787 857 1863 corrigantur.

228 1891 370 1952 Similiter
393 1901 518 1969 peceant
540 1894 639 1970 etqui
660 1911 719 1952 nux
739 1901 769 1952 et
793 1902 859 1953 trux
885 1901 914 1953 et
938 1895 1024 1969 teror,
1044 1896 1074 1953 in
1100 1894 1287 1952 novissimam
1311 1891 1440 1952 litteram

137 2019 153 2059 s
175 1999 316 2077 dirigunt,
340 2016 408 2057 crim
431 1998 540 2076 alioqui
564 1997 672 2077 duplex
695 1998 832 2076 srrllroiat,
856 2016 930 2078 rpuae
954 2001 985 2058 in
1009 1977 1045 2059 so*
1065 2009 1095 2060 et
1119 2019 1132 2057 s
1156 1998 1252 2058 babet.
1293 2001 1364 2057 item
1387 1999 1439 2075 qui

100 2114 125 2152 ¹⁶
141 2103 343 2184 reprehensus
366 2121 435 2163 orrm
454 2106 633 2183 aspiratione
656 2104 800 2184 scribunt,
823 2122 891 2164 oum
918 2122 981 2166 eam
1006 2108 1100 2184 prima
1120 2107 1228 2184 positio
1252 2123 1311 2164 non
1330 2102 1445 2182 habeat,

139 2220 170 2272 et
194 2210 330 2270 similiter
361 2210 537 2293 vehemens,
567 2229 635 2271 erim
666 2229 681 2270 a
714 2213 739 2270 ri
770 2214 879 2271 meutis
908 2212 1032 2273 diratur.
1079 2230 1165 2291 quam
1196 2211 1314 2290 quidam
1342 2219 1447 2290 putant

230 2406 245 2453 7
263 2400 293 2452 in
311 2399 415 2468 plurali
433 2398 546 2469 quidem
565 2415 680 2454 numero
695 2417 725 2468 p.
744 2404 793 2466 32,
811 2405 848 2455 21

213 2576 226 2622 1
247 2569 324 2623 mitte
342 2569 487 2624 hominum
507 2569 562 2623 auo
581 2569 660 2623 mma
679 2569 733 2622 Ρω
752 2568 829 2623 mute
848 2568 1000 2624 hominum.
1020 2557 1053 2626 u.
1072 2570 1100 2624 a
1119 2570 1202 2624 mein
1227 2570 1371 2625 nominum
1390 2569 1445 2624 auo

138 2649 236 2704 meilia
258 2649 356 2702 Douau
378 2647 468 2703 Luerl.
492 2653 543 2703 eet.
567 2650 613 2703 rel.
636 2667 665 2718 p.
684 2655 719 2704 44
740 2651 784 2706 ‘eu
807 2652 977 2705 restitutione
1000 2651 1161 2720 Scaligeri',
1183 2649 1277 2703 meille
1301 2649 1445 2702 hominum

138 2730 195 2781 duo
220 2726 327 2781 meillia
350 2727 545 2781 Loebmuuuus
568 2728 658 2786 Lucil.
683 2735 769 2784 eatur.
790 2746 820 2798 p.
844 2735 891 2784 36.
925 2732 1029 2785 retiarii
1052 2730 1143 2783 mille:
1173 2746 1238 2781 uoru
1260 2730 1309 2781 lroe
1331 2729 1447 2781 uoluisse

140 2810 247 2861 ridetur
264 2808 404 2872 duellius,
427 2806 504 2861 mille
527 2810 666 2875 porriuute
688 2810 699 2863 l
721 2812 816 2863 littera
834 2827 886 2878 per
910 2810 932 2876 i,
956 2816 1052 2865 eoulro
1070 2811 1166 2865 meilia
1184 2810 1280 2864 meilen
1298 2809 1447 2863 mollitiam

137 2904 188 2955 per
206 2888 232 2941 ei
250 2888 394 2942 scabendo
412 2904 466 2942 esee
572 2888 661 2959 hisee]
686 2889 757 2943 huoe
780 2889 868 2942 BPeo
892 2891 957 2944 huie
980 2890 1112 2959 Seuliper,
1136 2890 1215 2944 heiee
1240 2890 1274 2943 L.
1295 2889 1447 2942 Muellerus

138 2969 230 3024 Lucil.
248 2973 301 3024 eut.
319 2968 365 3022 rel.
382 2983 411 3035 p.
430 2971 467 3020 46
567 2975 582 3021 2
606 2968 704 3023 molles
728 2968 876 3023 mollitiam
896 2969 1027 3039 Scaliger,
1046 2970 1123 3026 mille
1143 2969 1270 3023 militiam
1290 2969 1345 3022 Βω
1369 2967 1447 3021 millo

141 3049 275 3103 miliciam
299 3048 327 3101 P
430 3053 446 3101 3
471 3050 569 3103 tenues
591 3049 602 3102 i
624 3049 712 3118 pilam
736 3065 792 3116 qua
816 3047 931 3101 ludimu'
951 3048 1082 3117 Scaliger,
1106 3050 1231 3103 tenuem
1255 3047 1446 3117 (tornesio)

140 3129 227 3199 pilam
246 3129 276 3183 in
294 3144 351 3196 qua
367 3127 484 3182 lusimus
503 3128 606 3197 BPa,
630 3132 741 3184 tenuest
763 3129 773 3183 i
796 3129 866 3199 pilai
885 3144 941 3197 qua
964 3128 1087 3182 ludimus
1109 3128 1261 3183 Muellerus
1356 3128 1447 3198 pilum

353 3219 367 3247 0

82 3304 86 3308 .
140 3281 196 3332 quo
215 3261 278 3331 ipso
295 3261 365 3330 (ipse
379 3261 419 3330 Β)
437 3263 535 3316 tenues
553 3262 577 3316 si
594 3263 677 3331 plura
695 3263 765 3317 haee
782 3261 881 3316 leceris
900 3259 959 3329 pila
972 3260 1061 3313 BPu
1081 3261 1169 3330 pilum
1184 3279 1239 3330 quo
1254 3261 1334 3329 pinso
1349 3263 1446 3314 tenum

141 3344 164 3397 i:
187 3344 268 3413 plura
289 3342 358 3395 haee
381 3338 473 3394 feeeri'
497 3340 573 3409 pella
595 3341 730 3410 Seuliper,
754 3342 854 3409 pilam,
877 3357 933 3407 qua
956 3340 1062 3407 pisunt,
1086 3343 1195 3394 tenues:
1226 3343 1249 3394 si
1273 3340 1354 3410 plura
1377 3342 1447 3393 haee

142 3422 234 3477 teceri*
253 3421 313 3491 pila
329 3419 481 3473 Muellerus
499 3437 532 3472 ee
552 3419 628 3473 Velio
642 3421 738 3489 Loupo
753 3436 782 3487 p.
798 3424 877 3474 2221
898 3418 984 3487 pilam
1002 3436 1059 3486 qua
1077 3420 1171 3488 pisunt
1180 3438 1238 3493 per
1256 3421 1267 3473 i
1326 3428 1342 3474 o
1361 3421 1446 3474 addes

141 3522 156 3558 e
174 3503 264 3573 pella,
283 3504 315 3555 ut
340 3498 443 3568 pleniu'
463 3500 512 3552 liat
530 3501 661 3570 Scaliger,
680 3500 749 3554 odie
768 3499 845 3568 pella
863 3502 895 3552 nt
912 3498 1011 3566 plenus
1031 3500 1081 3553 liat
1098 3499 1125 3550 B
1144 3500 1215 3554 adde
1233 3517 1262 3554 ee
1281 3499 1395 3567 (addere
1414 3503 1446 3564 ω)

142 3634 217 3705 pera
235 3637 267 3688 ut
284 3632 393 3702 plenius
412 3632 462 3686 nat
482 3633 534 3685 ea
625 3640 641 3688 e
660 3633 794 3688 orantur
811 3631 838 3683 Β
927 3637 942 3684 ι
961 3631 1074 3686 liturae
1093 3633 1103 3686 i
1122 3633 1256 3703 praeponi
1277 3634 1333 3686 Ρω
1353 3591 1447 3704 titur}

141 3714 276 3785 praeponi
293 3714 330 3781 B,
348 3712 358 3766 i
377 3711 488 3766 litterae
508 3728 523 3765 a
541 3712 675 3781 praeponi
701 3711 902 3766 ll'ibuouusius
919 3711 952 3764 de
976 3712 1057 3766 Vurr.
1076 3713 1137 3767 libr.
1156 3731 1269 3783 gramm.
1292 3717 1449 3781 p.175ea

141 3849 296 3901 univero
314 3845 426 3899 Usenero*
519 3849 536 3897 8
555 3861 618 3898 omn
638 3845 744 3913 alioqui
764 3794 951 3898 n0n⁸aliundo
968 3844 996 3898 in
1015 3844 1152 3914 singulari
1172 3863 1257 3913 quam
1276 3844 1305 3897 in
1324 3848 1448 3898 extrema

141 3927 250 3996 syllaba
271 3926 353 3981 sonat
374 3925 407 3975 ut
424 3922 452 3974 B
476 3940 539 3977 cum
563 3923 668 3991 alioqui
691 3926 721 3978 et
742 3924 772 3978 in
795 3923 931 3991 singulari
955 3941 1010 3979 non
1035 3924 1147 3980 aliunde
1171 3943 1257 3994 quom
1276 3925 1304 3978 in
1323 3929 1448 3982 extrema

140 4006 251 4076 syllaba
272 4009 355 4060 sonat
376 4004 409 4055 ut
432 4002 485 4055 Por
512 4019 575 4056 oum
598 4003 703 4072 alioqui
728 4006 757 4057 et
779 4019 835 4057 non
858 4002 935 4056 aliud
962 4004 993 4058 in
1016 4005 1152 4075 singulari
1175 4021 1258 4073 quam
1288 4005 1317 4059 in
1345 4005 1448 4074 plurali

141 4088 267 4139 extrema
285 4085 394 4155 syllaba
412 4085 491 4138 sonet
509 4085 538 4137 et
556 4100 572 4135 a
592 4085 624 4136 ut
647 4082 684 4136 W
685 4085 849 4137 iluruuusiue
923 4090 956 4136 10
975 4083 1058 4139 mitto
1077 4084 1139 4137 misi
1155 4083 1279 4137 misimus
1294 4085 1448 4139 ll'ilmouu·

141 4167 207 4233 siue,
226 4165 308 4219 mitto
327 4165 469 4220 emisimus
487 4163 574 4215 BPu
639 4162 725 4216 aliam
744 4179 793 4218 om.
816 4162 883 4230 Po,
903 4165 966 4217 odd.
986 4162 1014 4215 B
1092 4170 1122 4215 11
1143 4162 1217 4230 quod
1236 4165 1279 4217 est
1297 4165 1448 4218 absurdum

143 4244 210 4312 Pu,
228 4246 337 4299 reclausit
361 4246 563 4301 ll⁷elueauueiuo
635 4245 667 4297 ut
685 4242 761 4313 cum]
781 4242 882 4296 uitium
902 4243 930 4294 P
1002 4248 1034 4294 ta
1054 4243 1182 4296 wustent
1202 4242 1255 4294 Por
1274 4246 1403 4297 constant
1421 4245 1448 4295 Il

195 4341 228 4378 ex
247 4324 369 4394 diversa]
390 4329 427 4380 eb
437 4326 549 4380 diuersa
566 4323 668 4390 ΒΡω,
687 4326 717 4377 at
736 4322 847 4378 diuersa
867 4322 1068 4376 ll'ilmuuueius
1143 4328 1173 4373 13
1192 4338 1259 4374 nuos
1279 4326 1308 4375 ot
1326 4324 1401 4377 truce
1420 4328 1462 4386 et,

44 4417 50 4427 ·
140 4404 231 4459 feroce
249 4425 271 4457 ω
336 4412 369 4459 14
387 4404 568 4461 somBPto
635 4402 741 4473 alioqui
759 4404 861 4473 duplex
881 4401 1002 4456 sufficiat
1017 4401 1069 4453 Ρω
1091 4400 1178 4468 aliqui
1196 4400 1280 4469 duple
1299 4399 1449 4456 suffieiaB

195 4484 225 4539 in
244 4500 273 4538 se
292 4502 307 4540 o
326 4488 356 4540 et
374 4504 387 4539 a
405 4485 492 4540 habet
510 4504 531 4537 ω
639 4489 671 4536 15
689 4483 873 4553 reprehensus
898 4481 990 4536 Velius
1008 4481 1122 4549 Loupus
1136 4498 1166 4548 p.
1186 4485 1278 4547 2234,
1296 4482 1449 4551 prehensus

142 4564 229 4617 RPo
337 4565 452 4637 positio]
475 4581 596 4634 persona
613 4560 715 4616 BPa:
739 4563 774 4628 es.
799 4562 855 4616 Vel.
875 4561 962 4632 Loup.
983 4580 1012 4631 p.
1032 4567 1113 4617 2229
1133 4559 1277 4629 reprendit
1295 4563 1449 4616 seeundum

142 4642 263 4713 primam
282 4644 463 4712 positionemr
483 4645 587 4714 prendo
606 4644 681 4697 enim
700 4644 831 4710 dicimus,
849 4659 905 4697 non
923 4640 1066 4711 prehendo
1149 4647 1182 4695 to
1201 4655 1332 4695 ueomens
1350 4641 1378 4693 B

141 4740 225 4793 qnam
248 4724 364 4792 qnidam
387 4726 489 4794 putant
513 4723 715 4790 adiiciendum,
739 4722 869 4791 quoniam
892 4724 947 4782 hoe
969 4740 1024 4776 non
1049 4719 1126 4774 aliud
1149 4723 1251 4789 putant
1272 4738 1334 4775 esse
1361 4739 1446 4789 quum

141 4802 226 4858 altius
243 4803 323 4872 vehi,
342 4821 406 4858 oum
424 4805 477 4857 hoo
496 4803 612 4857 verbum
631 4801 691 4856 sine
710 4802 887 4856 dubitatione
906 4802 1047 4871 aspiratur
1065 4800 1245 4853 Schneidemo
1267 4817 1379 4869 gramm.
1399 4802 1448 4856 lut.

140 4901 164 4937 e.
182 4885 202 4937 I
214 4890 322 4953 p.188,
341 4902 425 4952 quam
445 4883 560 4952 quidam
580 4886 681 4952 putant
698 4881 890 4949 adiciendum,
910 4882 1041 4951 quoniam
1060 4880 1088 4932 id
1106 4896 1160 4932 non
1175 4880 1251 4933 aliud
1271 4882 1372 4948 putant
1390 4896 1449 4932 esse

1201 4977 1216 5022 2
1222 4969 1237 5001 t
