3316 5474
93 384 117 423 ο
659 378 948 436 οιιιιιοεειιιιιι
1392 381 1459 446 297
1508 361 1517 375 ’

151 493 174 529 p.
188 479 249 519 assa.
263 480 290 520 so
302 479 327 518 ε.

153 582 227 643 uno;
255 565 374 624 sivero
403 583 418 622 a
443 572 624 625 consonante
653 583 722 643 pars
749 567 892 626 orationis
920 569 1037 648 incipit,
1066 586 1081 627 a
1106 567 1201 626 solum
1225 577 1361 646 ponatur,
1385 577 1418 629 ut
1442 587 1458 628 a

154 671 254 731 iratae.
283 668 335 730 abs
355 679 452 730 tamen
472 671 502 729 in
521 671 726 748 conpositione
746 674 864 751 saepius
883 659 1007 752 propter
1021 671 1199 752 euphoniam
1218 674 1332 752 integra
1353 684 1460 754 manet,

154 784 187 836 ut
215 776 268 836 abs
295 784 325 836 te
349 774 498 836 abscondo
521 775 628 836 melius
656 787 742 838 sonat
769 796 857 856 quam
885 778 921 839 ab
950 788 979 839 tc
1003 777 1049 837 rel
1077 778 1226 857 abcond03
1252 782 1331 841 sicut
1353 781 1460 842 melius

153 892 238 944 sonat
257 883 293 944 ab
311 883 387 944 urbe
406 901 493 961 quam
513 881 566 942 abs
585 881 668 943 urbe.
705 884 877 945 Avunculus
899 903 953 963 per
977 885 1035 944 duo
1055 903 1089 965 u,
1112 889 1181 965 quia
1205 885 1241 945 ab
1261 906 1313 947 avo
1333 887 1459 949 diminu-
1551 875 1557 880 ⁵

125 993 248 1050 stiram
267 1000 326 1072 est,
350 1009 384 1050 vo
405 988 512 1068 syllaba
536 992 566 1049 in
587 1008 644 1049 run
664 1008 815 1051 conversa.
853 991 955 1071 Alvus,
979 1010 1047 1052 cum
1066 1002 1200 1052 ventrem
1224 996 1384 1076 signiticat,
1407 1015 1461 1075 per

154 1096 375 1177 sdigammon3
399 1115 466 1156 enm
491 1114 560 1156 vero
585 1097 729 1177 colorem,
752 1115 807 1176 ρει
830 1097 848 1157 Ι)
872 1097 1023 1158 scribitur.
1070 1099 1139 1177 Ara,
1164 1117 1232 1158 cum
1255 1100 1346 1160 altare
1370 1104 1460 1180 signi·

154 1204 235 1284 licat,
255 1207 318 1264 sine
338 1206 531 1284 aspiratione,
550 1221 619 1263 cum
638 1221 708 1262 vero
727 1202 825 1264 cubile
844 1222 1018 1284 porcorum,
1042 1222 1110 1263 cum
1130 1207 1317 1283 aspiratione.
1354 1209 1459 1269 Aemu-

154 1309 201 1369 lus
220 1318 250 1369 et
268 1309 404 1371 aedituus
423 1320 453 1370 et
472 1327 626 1390 aerumna,
645 1312 742 1369 omnia
762 1328 816 1388 per
835 1309 1038 1389 diphthongon
1054 1310 1236 1373 scribuntur.
1267 1316 1460 1393 aequimanus

154 1435 274 1495 quoque
301 1435 355 1496 per
379 1436 426 1495 ac,
454 1416 482 1475 id
511 1425 557 1477 est
584 1416 778 1498 ambidexter,
806 1419 857 1496 qui
886 1426 1011 1496 utraque
1034 1435 1123 1477 manu
1147 1421 1323 1500 utitur'pro
1347 1420 1458 1482 dextra.

114 1543 140 1578 10
155 1525 280 1603 Avarus,
304 1525 329 1582 si
353 1525 456 1584 vitium
480 1523 638 1602 significat,
661 1542 715 1602 per
738 1543 768 1604 r3
798 1525 824 1584 si
846 1531 979 1603 gentem,
1003 1543 1056 1603 ρει
1080 1523 1098 1583 b
1123 1524 1279 1587 scribatur.
1325 1527 1460 1587 acclamo

154 1647 209 1708 per
231 1628 290 1688 dun
314 1648 343 1709 c,
367 1629 396 1689 id
420 1639 465 1689 εει
494 1648 561 1689 ειιιιι
593 1630 665 1689 salso
694 1630 823 1723 alinpem
850 1649 972 1710 accuso,
1000 1630 1128 1691 reclamo
1151 1631 1279 1710 aliquem
1303 1642 1459 1694 exeuntem

156 1739 299 1816 vocitans3
319 1735 444 1795 inclamo
460 1745 489 1796 et
504 1736 653 1798 succlamo
668 1736 950 1817 murmurandi’est3
970 1736 1119 1817 proclamo
1139 1737 1276 1799 laudandi
1292 1740 1336 1799 vel
1356 1741 1459 1818 depre-

154 1842 239 1903 candi
263 1842 415 1923 exaltatio,
438 1843 570 1904 declamo
594 1842 805 1922 rhetorizandi,
835 1843 979 1923 exclamo,
1003 1844 1120 1920 quando
1143 1863 1198 1923 pro
1222 1844 1334 1905 viribus
1358 1863 1459 1906 rocem

154 1948 259 2009 exalto.
296 1949 379 2023 Alea,
399 1952 424 2009 si
443 1949 545 2011 ludum
565 1952 722 2029 significat,
742 1968 796 2029 ρει
810 1969 839 2031 e;
858 1952 883 2010 si
902 1949 938 2009 ab
958 1949 1032 2010 alins
1050 1950 1106 2010 alia
1127 1954 1219 2031 verrit,
1237 1970 1291 2031 per
1313 1954 1324 2012 i
1343 1952 1459 2031 legitur.

114 2073 139 2111 ιε
154 2057 269 2116 limittit
292 2075 346 2135 per
370 2075 462 2117 rrrrum
486 2075 528 2137 m,
557 2056 585 2116 id
610 2064 656 2117 est
679 2056 835 2136 relinquit;
862 2058 1001 2116 ammittit
1029 2074 1084 2135 ρει
1107 2056 1166 2116 duo
1191 2075 1232 2137 m,
1257 2058 1284 2118 id
1309 2066 1355 2118 εει
1378 2078 1458 2119 εεειι-

137 2166 221 2224 mit:
244 2163 311 2223 iden
335 2166 365 2223 in
389 2166 477 2224 missa
501 2162 660 2224 dicendum
684 2172 730 2224 est
753 2165 878 2224 ammitti
903 2163 947 2222 vel
970 2162 1094 2223 admitti.
1115 2162 1120 2238 l
1145 2165 1261 2225 Allatim
1286 2183 1339 2243 per
1362 2164 1421 2225 dno
1441 2167 1461 2246 l,

154 2268 184 2328 id
207 2278 253 2328 est
275 2270 375 2330 statim
398 2269 443 2328 vel
466 2271 545 2329 satis.
583 2269 679 2348 Agger
701 2288 757 2349 ρει
780 2270 876 2349 dung
900 2269 1090 2330 scribendum
1114 2279 1173 2351 est,
1196 2271 1313 2349 quando
1337 2280 1460 2332 stratam

154 2376 313 2454 significat3
337 2377 363 2434 si
385 2384 484 2434 atatem
508 2394 658 2455 campum,
681 2375 733 2436 ubi
756 2363 896 2436 seminari
919 2384 1032 2456 potest,
1055 2395 1108 2456 ρει
1132 2396 1224 2438 unum
1248 2396 1274 2456 g.
1312 2380 1460 2439 docentus

153 2500 207 2562 ρει
226 2482 284 2542 dno
304 2501 334 2562 c,
358 2480 408 2542 uhi
429 2501 483 2541 vox
502 2482 616 2543 levatur
634 2484 664 2542 in
684 2481 784 2543 verbo.
819 2484 927 2564 fingor,
945 2481 975 2542 id
995 2493 1042 2542 est
1059 2486 1224 2562 angustiam
1244 2485 1349 2563 patior,
1367 2502 1421 2563 ρει
1441 2503 1459 2543 n

114 2607 141 2644 so
155 2601 185 2650 ει
207 2609 226 2669 g
249 2588 440 2649 scribendum
460 2601 513 2648 est.
560 2589 742 2669 diripidem,
766 2589 795 2648 id
819 2596 864 2648 est
888 2588 1031 2669 velocem,
1054 2608 1143 2668 pera
1168 2599 1197 2649 et
1220 2609 1236 2649 e
1256 2590 1364 2649 divisas
1387 2593 1459 2651 scri·

156 2697 285 2756 bendum
309 2706 363 2756 est.
409 2696 512 2756 dilecti
540 2685 595 2774 ρει
618 2695 677 2756 (ιιιο
700 2695 723 2775 l,
751 2695 849 2756 idest
873 2694 971 2775 electi,
1000 2694 1069 2778 inde
1092 2694 1202 2775 allegit;
1235 2694 1337 2775 allicit,
1361 2696 1389 2755 id
1414 2708 1460 2758 est

156 2804 275 2883 inritat,
299 2801 443 2863 similiter.
490 2802 600 2882 hltilia,
623 2804 708 2880 quasi
735 2801 855 2881 alatilia,
882 2801 912 2861 id
940 2811 987 2861 est
1009 2820 1078 2861 arcs
1107 2804 1264 2880 saginatae.
1311 2804 1460 2864 Attonitus

155 2927 209 2988 ρει
233 2908 292 2969 duo
317 2919 341 2988 t,
365 2909 392 2969 id
418 2917 465 2968 est
489 2912 621 2969 intentus
646 2907 690 2967 vel
715 2917 837 2988 stupore
862 2908 995 2968 dillusus.
1041 2909 1166 2986 Attingit
1194 2926 1247 2986 ρει·
1270 2907 1329 2967 dno
1353 2917 1365 2968 t
1388 2912 1459 2969 scri·

156 3015 251 3077 batur.
297 3017 387 3076 Arrlea
415 3035 470 3095 per
493 3036 523 3097 e,
550 3019 576 3076 si
605 3017 732 3077 tentoria
759 3016 918 3094 significan
946 3013 1024 3074 unde
1053 3024 1083 3073 et
1110 3016 1139 3073 in
1167 3012 1251 3073 Esaia
1279 3016 1360 3074 iuxta
1388 3030 1459 3076 Lxx

116 3138 143 3176 aa
158 3124 338 3202 interpretes
362 3119 487 3183 ‘dilata
511 3123 626 3184 locum
650 3121 878 3183 tabernaculi
907 3123 960 3182 tui
983 3130 1017 3180 et
1041 3121 1161 3181 auleas
1185 3131 1264 3180 tuas
1288 3118 1460 3200 conlige'.
1513 3130 1517 3137 '

156 3227 227 3289 rlula
247 3227 336 3288 latine
355 3229 460 3292 domus
480 3232 560 3308 regia
579 3238 625 3290 est
644 3238 674 3289 et
692 3248 746 3308 per
765 3249 780 3290 a
800 3228 954 3289 scribitur:
977 3228 1043 3288 aule
1063 3246 1116 3306 ρει
1135 3227 1300 3306 simplicem
1319 3247 1335 3288 e
1355 3247 1460 3306 graece

156 3337 264 3395 atrium
283 3336 400 3396 dicitnr.
438 3337 504 3397 idco
525 3339 553 3397 in
574 3335 698 3416 psalmo,
718 3334 768 3394 nbi
787 3334 913 3413 legimus
933 3329 1093 3394 ‘adorate
1118 3334 1260 3393 dominu
1269 3352 1298 3392 nr
1321 3336 1355 3393 in
1380 3335 1461 3395 aula

156 3452 280 3503 sancta
308 3439 414 3523 eius',
443 3462 502 3503 non
530 3442 668 3522 palatium
697 3441 779 3502 aulae
809 3443 943 3519 nomine,
970 3440 1022 3501 sed
1050 3443 1159 3500 atrium
1188 3458 1296 3517 graeco
1319 3441 1460 3501 vocabulo

157 3547 245 3609 dehet
268 3549 407 3627 intellegi.
454 3552 552 3628 hrguo
577 3551 660 3628 argui
684 3556 837 3628 argutum,
863 3546 962 3607 idest
994 3549 1175 3626 convictum,
1198 3553 1360 3624 arguturus
1385 3549 1461 3608 lacit.

118 3672 143 3709 ao
158 3657 230 3715 Amo
249 3659 343 3716 amari
362 3661 503 3716 amoenati
521 3666 550 3716 et
569 3657 671 3716 amasti
693 3656 769 3716 lacit.
807 3663 837 3714 ει
855 3672 943 3733 saepe
963 3652 1010 3712 illa
1029 3652 1132 3730 verba,
1156 3655 1281 3730 quaein
1301 3656 1461 3731 praeterito

157 3763 290 3840 perlecto
314 3782 330 3820 r
354 3771 565 3823 consonantem
589 3770 759 3843 assumunt,
782 3764 812 3822 in
836 3761 965 3822 secunda
990 3768 1019 3820 et
1041 3762 1128 3820 tertia
1153 3777 1278 3838 persona
1303 3777 1461 3840 syncopam

158 3871 325 3950 patiuntur,
354 3881 387 3930 nt
415 3889 471 3930 neo
500 3873 566 3930 nevi
596 3872 702 3930 nevisti
730 3869 775 3929 vel
804 3872 889 3930 nesti.
931 3869 978 3930 illa
1008 3887 1076 3928 vero
1105 3885 1180 3945 quae
1208 3868 1238 3925 in
1268 3871 1417 3944 praesenti
1446 3887 1463 3926 v

158 3976 267 4036 habent
281 3987 493 4038 consonantem
509 3996 567 4038 non
587 3985 713 4057 possunt
731 3980 761 4037 in
780 3979 942 4057 praeterito
957 3993 1115 4054 syncopam
1135 3975 1204 4052 pati,
1219 3981 1251 4032 nt
1270 3971 1332 4031 laro
1353 3973 1464 4034 lavisti:

159 4094 245 4143 nemo
270 4085 341 4143 dicit
365 4083 431 4144 lasti
456 4084 500 4143 rcl
524 4084 615 4144 lastis.
652 4083 806 4162 Adipiscor
830 4083 955 4163 adeptus
979 4100 1045 4143 sum
1070 4082 1146 4141 lacit.

249 4209 261 4255 1
282 4205 404 4270 ponatur
423 4202 486 4255 MS
504 4201 617 4270 ponitur
633 4218 653 4268 ρ
739 4205 771 4255 ut
790 4217 808 4254 a
825 4202 916 4255 fronte
935 4218 953 4254 a
970 4198 1057 4253 fratre
1077 4198 1098 4251 S
1187 4202 1202 4248 3
1222 4195 1272 4249 aba
1290 4197 1319 4249 te
1338 4197 1383 4249 uel
1401 4197 1464 4250 abs-

159 4281 248 4335 condo
267 4300 289 4350 ρ
361 4283 397 4336 ab
419 4285 448 4337 te
471 4282 517 4335 vel
540 4280 667 4335 abcondo
688 4299 709 4349 p
732 4281 768 4336 ab
790 4285 819 4335 te
838 4283 884 4336 nel
907 4280 1048 4338 abscondo
1067 4277 1090 4332 S
1111 4276 1153 4330 al>
1165 4277 1194 4328 te
1214 4273 1339 4330 abcondo
1358 4277 1395 4329 Μ

159 4368 175 4414 5
198 4360 227 4414 in
250 4362 318 4432 vnn]
342 4363 370 4415 in
394 4380 460 4415 unm
486 4362 522 4414 M
607 4367 620 4413 i
645 4377 709 4413 cum
727 4360 897 4430 aspiratione
916 4359 1046 4414 scribitur
1067 4357 1103 4410 M
1187 4361 1202 4407 9
1228 4369 1278 4420 ρει
1296 4370 1329 4408 ac
1348 4372 1400 4410 om.
1419 4357 1463 4424 Μ,

157 4443 223 4495 odd.
238 4443 288 4510 pS
375 4448 406 4495 12
426 4440 595 4510 deprecandi
615 4440 651 4493 M
669 4439 886 4510 depraedicandi
901 4440 950 4509 pS
1036 4444 1069 4491 14
1088 4436 1123 4491 ab
1143 4433 1214 4487 alins
1233 4432 1326 4503 aliap
1345 4437 1381 4490 ab
1399 4436 1463 4492 aliis

159 4521 216 4575 alia
234 4521 256 4575 S
273 4522 310 4575 ab
328 4521 384 4576 alio
403 4522 459 4575 alia
480 4522 516 4574 Μ
588 4525 620 4573 ιι
640 4521 764 4591 quando]
783 4520 807 4574 si
827 4521 864 4574 M
936 4523 968 4572 18
987 4514 1120 4572 seminari
1135 4532 1156 4583 ρ
1175 4511 1311 4567 seminare
1329 4514 1395 4569 SM

159 4607 193 4654 ⁶20
212 4618 262 4669 per
281 4618 298 4655 a
316 4605 345 4655 et
363 4618 377 4655 e
397 4601 501 4654 diriisas
521 4601 668 4656 dicendum
686 4603 731 4656 cat
751 4600 787 4652 Μ
849 4605 882 4652 21
903 4597 967 4652 inde
986 4596 1087 4667 allegit
1104 4596 1207 4650 dicitnr
1228 4593 1265 4646 Μ
1326 4602 1360 4650 2²
1379 4594 1461 4665 quasi

159 4681 269 4735 alatilia
288 4681 346 4749 Μρ
370 4681 449 4749 quasi
472 4680 575 4735 alitilia
600 4681 621 4735 S
709 4685 744 4733 23
768 4677 892 4748 Attingit
912 4709 939 4716 -
968 4676 1106 4732 scribatur
1124 4677 1392 4747 oni.ps,add.1tt

159 4767 193 4813 28
212 4760 262 4813 sed
280 4761 395 4831 atrium]
416 4761 463 4815 scd
483 4762 619 4830 palatium
640 4763 677 4816 Μ
746 4766 781 4813 30
804 4758 898 4814 amani
917 4760 946 4814 et
963 4757 1065 4813 amasti
1087 4757 1157 4812 facit
1176 4757 1226 4828 pS
1247 4756 1343 4813 amani
1360 4755 1462 4815 ammti

160 4840 267 4894 iaciunt
286 4841 323 4893 Μ
393 4847 425 4894 31
447 4846 475 4895 ει
492 4840 577 4898 tertia
595 4842 709 4898 dentum
727 4846 766 4899 eal
783 4841 815 4895 in
834 4839 872 4897 M
