3316 5474
717 375 910 431 EXGEBPTA
1397 371 1463 436 345

160 476 313 524 mmmm

248 560 371 620 Formae
395 578 470 639 quae
495 555 586 620 sum?
622 559 771 643 Perfecta,
799 569 833 622 ut
855 560 934 640 lego,
965 557 1147 640 meditativa,
1174 568 1207 619 ut
1236 558 1376 638 lecturio,
1405 557 1463 616 lre·

159 668 341 749 quentativa,
364 676 398 727 ut
420 667 538 748 lectito,
560 665 737 750 inchoativa,
761 677 795 729 ut
819 669 952 728 fervesco
975 667 1098 728 calesco.
1136 665 1272 726 Perfecta
1296 666 1388 725 lorma
1409 681 1463 724 cur

160 768 292 834 dicitur?
334 774 408 845 Quia
436 774 542 854 plenus
570 783 617 836 est
644 777 674 835 in
702 794 735 835 ea
769 774 926 836 iudicantis
959 793 1079 857 sensus,
1112 782 1144 834 ut
1177 772 1250 852 lego.
1296 772 1463 833 Meditativa

160 880 254 939 lorma
273 899 328 940 cur
346 878 478 941 dicitur?
516 880 559 940 Eo
582 882 661 962 quod
686 901 805 962 semper
827 881 1000 962 meditatur,
1025 890 1057 942 ut
1081 881 1220 962 lecturio,
1243 880 1273 941 id
1297 890 1343 942 est
1365 879 1463 958 legere

119 1000 132 1039 ⁵
160 986 310 1065 desidero,
333 990 447 1069 esurio,
473 988 501 1047 id
526 998 572 1049 est
596 989 684 1050 edere
708 989 858 1064 desidero,
886 989 1034 1068 parturio,
1061 987 1090 1048 id
1119 998 1166 1049 est
1188 1007 1294 1068 parere
1317 988 1463 1048 desidero.

159 1094 327 1155 inchoativa
355 1096 448 1155 lorma
477 1113 532 1155 cur
559 1093 691 1157 dicitur?
732 1096 807 1167 Quia
841 1094 940 1156 subito
973 1102 1054 1154 motu
1088 1097 1232 1175 nascitur,
1266 1104 1299 1155 ut
1331 1095 1463 1154 fervesco

161 1201 275 1262 calesco
308 1250 315 1263 .
349 1203 542 1282 praeteritum
575 1211 693 1282 tempus
726 1221 784 1263 non
818 1202 920 1264 babet:
957 1220 1015 1263 non
1053 1205 1131 1263 enim
1168 1220 1327 1282 possumus
1364 1200 1464 1261 dicere

161 1310 309 1370 lervescui
340 1308 468 1369 calescui
500 1357 506 1369 .
540 1328 615 1388 quae
649 1312 728 1370 enim
760 1309 953 1391 inchoantur,
988 1311 1121 1390 perlecta
1157 1309 1253 1370 adhuc
1290 1326 1349 1369 non
1386 1313 1464 1368 sunt.

160 1414 386 1494 Frequentativa
415 1416 509 1475 lorma
540 1435 594 1476 cur
622 1412 754 1477 dicitur?
796 1415 881 1486 Quod
913 1435 968 1496 per
1000 1434 1064 1476 eam
1092 1415 1202 1495 aliquid
1231 1417 1465 1495 frequentamus,

121 1535 147 1574 ro
161 1529 194 1580 ut
218 1519 318 1582 lectito
342 1521 467 1583 clamito.
538 1546 541 1551 ·

249 1627 478 1708 Coniugationes
513 1627 671 1689 verborum
703 1637 777 1707 quot
810 1625 901 1690 sunt?
947 1630 1036 1712 Tres,
1071 1632 1167 1709 prima
1200 1648 1273 1709 quae
1306 1628 1464 1689 indicativo
1487 1653 1557 1703 19⁸,27

160 1734 248 1796 modo
277 1742 410 1815 tempore
438 1737 590 1814 praesenti
616 1754 744 1814 persona
773 1736 904 1797 secunda
933 1755 948 1796 a
977 1746 1008 1799 et
1035 1756 1050 1797 s
1077 1736 1186 1798 litteris
1215 1738 1404 1815 terminatur,
1432 1743 1464 1796 ut

160 1861 225 1902 amo
249 1861 341 1923 amas,
368 1842 499 1903 secunda
522 1860 597 1921 quae
621 1862 637 1903 e
662 1851 691 1904 ct
714 1861 729 1903 s
752 1843 860 1904 litteris
889 1845 1006 1925 linitur,
1034 1854 1067 1906 ut
1095 1863 1201 1905 moneo
1230 1861 1347 1924 mones,
1376 1844 1465 1903 tertia

161 1968 235 2029 quae
254 1952 264 2010 i
283 1959 312 2010 et
336 1968 363 2030 s,
387 1959 421 2010 ut
439 1949 504 2029 lego
524 1949 610 2030 legis,
634 1950 708 2010 lacio
729 1950 822 2011 lacis.
839 1953 1007 2030 coniugatio
1026 1953 1118 2029 lgitur
1137 1959 1181 2011 cst
1200 1952 1293 2011 lorma
1312 1948 1465 2030 quaedam,

121 2070 146 2110 15
161 2074 196 2116 ex
226 2075 283 2135 qua
313 2055 511 2137 intellegitur,
542 2058 736 2136 promissivus
768 2057 874 2118 modus
908 2056 951 2135 [id
986 2067 1032 2119 est
1062 2054 1251 2137 indicativus]
1285 2076 1345 2137 quo
1378 2056 1465 2117 modo

161 2164 261 2224 ederri
291 2162 426 2223 debeat.
451 2165 481 2223 in
510 2160 608 2223 verbis
638 2181 708 2243 ergo
737 2165 839 2225 activis
868 2174 898 2225 et
925 2165 1109 2228 neutralibus
1133 2182 1150 2224 o
1173 2163 1272 2225 littera
1299 2164 1465 2224 terminatis

160 2272 395 2348 coniugationcm
416 2273 587 2348 quaerimus
601 2270 688 2331 modo
707 2271 865 2332 indicativo
880 2279 1014 2352 temporo
1029 2274 1179 2353 praesenti
1193 2288 1320 2351 persona
1336 2268 1465 2330 secunda

160 2385 228 2436 ante
252 2377 441 2435 novissimam
465 2374 607 2458 litteram;
631 2379 660 2438 iu
684 2378 808 2457 passivis
831 2386 931 2439 autem
955 2387 984 2440 et
1008 2377 1216 2440 communibus
1239 2386 1269 2438 et
1292 2377 1464 2457 deponenti-

161 2480 229 2563 bus,
257 2501 332 2561 quae
360 2501 375 2542 r
403 2481 501 2543 littera
532 2482 787 2565 terminabuntur,
817 2483 921 2545 eodem
951 2485 1038 2546 modo
1071 2485 1235 2564 eodemque
1269 2493 1402 2562 tempore
1436 2491 1466 2542 et

120 2606 286 2670 sopersona
311 2598 378 2649 ante
403 2591 591 2650 novissimam
615 2588 754 2669 syllabam
778 2637 784 2649 .
808 2592 902 2668 prima
927 2597 957 2650 et
980 2590 1110 2651 secunda
1133 2593 1301 2671 coniugatio
1331 2592 1465 2651 luturum

163 2693 1465 2779 tmmfflfflmmmmemmfflmMmmmmmm

161 2804 278 2886 amabo,
301 2821 408 2863 moneo
433 2822 534 2864 mones
558 2802 692 2864 monebo.
731 2802 808 2874 Ouid
833 2805 858 2864 si
883 2802 1045 2865 earundem
1068 2807 1309 2885 coniugationum
1337 2802 1426 2864 verba
1450 2820 1465 2863 r

161 2907 1465 2993 bmmmmbmm?mmmmoemmmbmqfflMnmmmstnmm

161 3020 267 3079 amaris
300 3016 433 3098 amabor,
470 3035 593 3078 moneor
631 3019 761 3077 moneris
794 3014 945 3078 monebor.
996 3016 1073 3088 Quid
1111 3022 1137 3079 si
1172 3022 1260 3081 tertia
1297 3018 1464 3097 coniugatio

120 3142 147 3180 aa
161 3134 329 3204 correptam
354 3121 393 3204 li
422 3124 549 3185 litteram
577 3120 736 3185 habuerit?
781 3123 995 3184 Promissivum
1028 3127 1149 3187 modum
1182 3129 1212 3187 in
1245 3145 1292 3187 am
1326 3123 1464 3204 syllabam

161 3233 264 3313 mittit,
288 3240 320 3291 ut
344 3230 409 3310 lego
432 3231 506 3310 legis
529 3230 637 3312 legam,
660 3229 758 3290 scribo
782 3230 889 3291 scribis
913 3231 1050 3293 scribam.
1088 3231 1165 3304 Quid
1190 3234 1215 3292 si
1238 3231 1372 3293 eiusdem
1395 3250 1464 3291 con·

161 3340 319 3417 iugationis
343 3338 466 3398 verbum
489 3356 524 3397 or
547 3336 655 3417 syllaba
685 3338 775 3398 luerit
802 3334 1017 3399 terminatum?
1053 3338 1201 3400 Futurum
1229 3348 1346 3417 tempus
1374 3340 1405 3398 in
1432 3357 1465 3398 ar

162 3444 300 3525 syllabam
323 3447 426 3526 mittit,
453 3454 485 3506 ut
509 3444 590 3524 legor
614 3444 721 3523 legeris
745 3443 838 3526 legar,
867 3443 982 3505 scribor
1010 3445 1151 3507 scriberis
1174 3445 1296 3506 scribar.
1334 3443 1410 3515 Quid
1440 3447 1465 3504 si

165 3552 297 3613 eiusdem
317 3555 540 3627 contractionis
559 3551 681 3613 verbum
705 3551 849 3632 producta
871 3556 881 3614 i
905 3563 973 3615 ante
997 3572 1011 3614 s
1035 3555 1150 3616 linitum
1171 3549 1283 3615 luerit?
1318 3551 1465 3613 Futurum

122 3678 148 3716 so
166 3668 283 3739 tempus
305 3661 336 3719 iu
360 3678 406 3719 am
431 3657 569 3738 syllabam
595 3669 624 3720 et
647 3661 678 3720 in
701 3658 739 3720 bo
760 3662 863 3741 mittit,
888 3671 921 3722 ut
944 3663 1035 3722 sciam
1060 3660 1150 3722 scibo.
1188 3659 1265 3732 outo
1290 3662 1315 3721 si
1334 3678 1350 3719 r
1368 3659 1464 3720 littera

161 3770 350 3827 terminatum
366 3762 476 3827 luerit?
494 3758 707 3827 Promissivum
721 3765 841 3828 modum
855 3769 886 3827 in
901 3772 1023 3829 aretin
1038 3768 1093 3829 bor
1108 3771 1208 3849 eiciet,
1227 3775 1260 3828 ut
1274 3769 1354 3827 scior
1369 3767 1465 3846 sciris,
1503 3822 1510 3838 ,

162 3876 238 3933 sciar
269 3882 299 3934 ct
331 3873 437 3934 scibor.
480 3872 535 3934 Vbi
565 3892 635 3953 ergo
669 3875 890 3955 cognoscimus,
922 3875 1039 3952 quando
1071 3877 1102 3936 in
1134 3874 1265 3936 secunda
1297 3892 1426 3954 persona
1455 3874 1465 3932 i

252 4126 403 4180 tFormae
422 4156 455 4165 -
474 4132 490 4179 2
512 4126 621 4180 calesco
640 4140 691 4179 om.
708 4124 752 4189 M,
771 4125 835 4179 add.
853 4125 883 4178 Β
954 4129 1022 4180 3ut
1038 4127 1108 4194 puta
1126 4124 1189 4192 lego
1209 4124 1346 4179 metabiua
1365 4142 1414 4179 eur
1432 4141 1465 4179 eo

162 4205 237 4275 quod
256 4223 364 4274 semper
384 4206 421 4258 M
491 4211 508 4259 l
527 4205 678 4260 meditetur
695 4203 766 4257 ΒΜ
834 4203 1032 4259 oinchoatiua
1054 4221 1103 4258 cur
1126 4204 1193 4273 quia
1217 4204 1310 4259 subita
1333 4208 1410 4259 metu
1430 4204 1468 4258 M

197 4288 289 4341 motus
307 4285 335 4338 Β
409 4284 551 4339 toalesco
570 4301 620 4339 om.
642 4284 686 4349 M,
705 4285 769 4340 add.
787 4283 815 4337 Β
888 4283 993 4338 habent
1015 4283 1088 4337 ΒΜ
1157 4285 1413 4353 9Frcquentativa
1431 4315 1465 4323 -

162 4373 424 4435 346,15nascorom.
436 4364 479 4432 M,
494 4363 595 4418 adun
669 4364 907 4418 interminantur
924 4362 952 4416 Β
1025 4368 1058 4416 15
1078 4379 1110 4418 ex
1129 4365 1197 4434 qua]
1218 4367 1247 4418 et
1265 4382 1321 4434 qua
1338 4364 1366 4417 Β
1437 4364 1466 4418 id

162 4451 205 4502 est
226 4447 320 4501 indica
343 4444 512 4498 indicatione
529 4443 565 4511 B,
584 4459 635 4497 om.
661 4442 687 4495 V
765 4449 798 4497 16
824 4444 917 4498 offerri
943 4444 971 4497 Β
1053 4444 1228 4499 neutralibus
1256 4444 1467 4513 coniugationes

162 4529 320 4597 quaerimus
340 4545 356 4582 o
375 4526 471 4579 littera
497 4522 655 4578 terminatis
683 4523 766 4579 modo
789 4521 943 4577 indicatiuo
961 4523 989 4577 Β
1071 4531 1105 4579 22
1125 4524 1349 4594 coniugationem
1367 4524 1395 4577 Β

162 4614 195 4662 23
219 4608 299 4663 finita
322 4606 406 4662 fuerit
428 4604 456 4657 Β
529 4608 560 4658 ul
583 4622 661 4659 amor
685 4603 802 4674 amans]
821 4604 854 4656 ut
871 4602 973 4658 amoris
991 4620 1060 4658 corr.
1080 4607 1112 4659 ut
1130 4604 1232 4659 amaris
1250 4604 1279 4658 Β
1350 4609 1385 4658 24
1403 4618 1466 4657 con·

161 4687 269 4758 iugario
298 4687 465 4758 promissiuo
493 4684 577 4739 modo
600 4688 729 4755 correpte
751 4685 848 4740 littera
870 4682 1001 4739 habuerit
1018 4683 1044 4737 Β
1061 4685 1094 4738 In
1112 4701 1158 4738 am
1176 4684 1315 4754 syllabam
1332 4684 1360 4738 Β
1432 4688 1465 4737 29

163 4769 286 4823 eiusdem
305 4769 421 4823 uerbum
440 4767 569 4836 producti
588 4770 654 4824 aute
673 4784 690 4824 ο
708 4765 817 4821 finitum
836 4764 864 4817 B
940 4769 973 4817 31
994 4761 1088 4834 eiciet]
1109 4766 1138 4819 et
1155 4764 1193 4819 ici
1212 4768 1241 4819 et
1258 4764 1286 4817 B
1366 4769 1400 4818 32
1419 4761 1468 4817 ubi

163 4865 228 4918 ergo
247 4849 348 4902 scimus
365 4848 393 4901 Β
412 4848 461 4902 ubi
478 4866 528 4904 nos
547 4850 648 4905 scimus
667 4849 750 4906 codex
773 4845 910 4901 Victorini

216 4957 472 4989 camentorum
492 4959 537 4989 vn.
1220 4938 1254 4986 23
