<?xml version="1.0" encoding="UTF-8"?>
<!DOCTYPE html PUBLIC "-//W3C//DTD XHTML 1.0 Transitional//EN"
    "http://www.w3.org/TR/xhtml1/DTD/xhtml1-transitional.dtd">
<html xmlns="http://www.w3.org/1999/xhtml" xml:lang="en" lang="en">
 <head>
  <title>
</title>
<meta http-equiv="Content-Type" content="text/html;charset=utf-8" />
  <meta name='ocr-system' content='tesseract 3.04.00' />
  <meta name='ocr-capabilities' content='ocr_page ocr_carea ocr_par ocr_line ocrx_word'/>
</head>
<body>
  <div class='ocr_page' id='page_1' title='image "./grammaticilatin00keilgoog_0134.png"; bbox 0 0 3316 5474; ppageno 0'>
   <div class='ocr_carea' id='block_1_1' title="bbox 139 379 1444 531">
    <p class='ocr_par' dir='ltr' id='par_1_1' title="bbox 139 379 1444 531">
     <span class='ocr_line' id='line_1_1' title="bbox 571 379 1444 443; baseline 0.007 -6"><span class='ocrx_word' id='word_1_1' title='bbox 571 383 641 438; x_wconf 82' lang='lat' dir='ltr'><strong>ARS</strong></span> <span class='ocrx_word' id='word_1_2' title='bbox 659 383 708 438; x_wconf 79' lang='lat' dir='ltr'><strong>DE</strong></span> <span class='ocrx_word' id='word_1_3' title='bbox 728 381 1020 440; x_wconf 74' lang='lat' dir='ltr'><strong>ORTHOGRAPHIA</strong></span> <span class='ocrx_word' id='word_1_4' title='bbox 1380 379 1444 443; x_wconf 82' lang='grc'><strong>115</strong></span> 
     </span>
     <span class='ocr_line' id='line_1_2' title="bbox 139 484 316 531; baseline -0.006 -8"><span class='ocrx_word' id='word_1_5' title='bbox 139 494 161 531; x_wconf 71' lang='grc' dir='ltr'><strong>ιι.</strong></span> <span class='ocrx_word' id='word_1_6' title='bbox 176 484 236 524; x_wconf 80' lang='lat' dir='ltr'><strong>asso.</strong></span> <span class='ocrx_word' id='word_1_7' title='bbox 250 485 276 524; x_wconf 84' lang='lat' dir='ltr'><strong>cr</strong></span> <span class='ocrx_word' id='word_1_8' title='bbox 290 484 316 522; x_wconf 83' lang='lat' dir='ltr'><strong>r.</strong></span> 
     </span>
    </p>
   </div>
   <div class='ocr_carea' id='block_1_2' title="bbox 52 563 1480 1935">
    <p class='ocr_par' dir='ltr' id='par_1_2' title="bbox 52 563 1445 969">
     <span class='ocr_line' id='line_1_3' title="bbox 52 563 1442 648; baseline -0.004 -20"><span class='ocrx_word' id='word_1_9' title='bbox 52 611 55 615; x_wconf 87' lang='lat'><em>-</em></span> <span class='ocrx_word' id='word_1_10' title='bbox 139 567 325 648; x_wconf 79' lang='lat' dir='ltr'><strong>diphthongo</strong></span> <span class='ocrx_word' id='word_1_11' title='bbox 354 565 560 647; x_wconf 88' lang='lat' dir='ltr'><strong>scribendum;</strong></span> <span class='ocrx_word' id='word_1_12' title='bbox 588 570 719 647; x_wconf 89' lang='lat' dir='ltr'><strong>pretium</strong></span> <span class='ocrx_word' id='word_1_13' title='bbox 753 586 861 648; x_wconf 82' lang='lat' dir='ltr'>precor</span> <span class='ocrx_word' id='word_1_14' title='bbox 891 569 955 629; x_wconf 89' lang='lat' dir='ltr'><strong>sine</strong></span> <span class='ocrx_word' id='word_1_15' title='bbox 979 563 1171 646; x_wconf 80' lang='lat' dir='ltr'><strong>diphthongo.</strong></span> <span class='ocrx_word' id='word_1_16' title='bbox 1214 571 1331 623; x_wconf 90' lang='lat' dir='ltr'><strong>veteres</strong></span> <span class='ocrx_word' id='word_1_17' title='bbox 1364 565 1442 622; x_wconf 91' lang='lat' dir='ltr'><strong>enim</strong></span> 
     </span>
     <span class='ocr_line' id='line_1_4' title="bbox 137 668 1443 755; baseline -0.004 -21"><span class='ocrx_word' id='word_1_18' title='bbox 137 677 261 735; x_wconf 85' lang='lat' dir='ltr'><strong>maioris</strong></span> <span class='ocrx_word' id='word_1_19' title='bbox 284 677 328 735; x_wconf 91' lang='lat' dir='ltr'><strong>rei</strong></span> <span class='ocrx_word' id='word_1_20' title='bbox 351 693 505 736; x_wconf 88' lang='lat' dir='ltr'><strong>sermones</strong></span> <span class='ocrx_word' id='word_1_21' title='bbox 524 694 592 736; x_wconf 92' lang='lat' dir='ltr'><strong>cum</strong></span> <span class='ocrx_word' id='word_1_22' title='bbox 612 674 795 755; x_wconf 85' lang='lat' dir='ltr'><strong>diphthongo</strong></span> <span class='ocrx_word' id='word_1_23' title='bbox 814 684 844 736; x_wconf 93' lang='lat' dir='ltr'><strong>et</strong></span> <span class='ocrx_word' id='word_1_24' title='bbox 863 673 989 753; x_wconf 91' lang='lat' dir='ltr'><strong>quadam</strong></span> <span class='ocrx_word' id='word_1_25' title='bbox 1008 672 1149 752; x_wconf 84' lang='lat' dir='ltr'><strong>dignitate</strong></span> <span class='ocrx_word' id='word_1_26' title='bbox 1169 668 1259 730; x_wconf 82' lang='lat' dir='ltr'><strong>scribi</strong></span> <span class='ocrx_word' id='word_1_27' title='bbox 1278 669 1443 729; x_wconf 77' lang='lat' dir='ltr'><strong>voluerunt</strong></span> 
     </span>
     <span class='ocr_line' id='line_1_5' title="bbox 139 778 1445 862; baseline -0.005 -21"><span class='ocrx_word' id='word_1_28' title='bbox 139 784 257 860; x_wconf 90' lang='lat' dir='ltr'><strong>precari</strong></span> <span class='ocrx_word' id='word_1_29' title='bbox 292 791 390 842; x_wconf 91' lang='lat' dir='ltr'><strong>autem</strong></span> <span class='ocrx_word' id='word_1_30' title='bbox 421 792 466 843; x_wconf 88' lang='lat' dir='ltr'><strong>est</strong></span> <span class='ocrx_word' id='word_1_31' title='bbox 497 801 616 862; x_wconf 88' lang='lat' dir='ltr'><strong>rogare,</strong></span> <span class='ocrx_word' id='word_1_32' title='bbox 649 784 797 862; x_wconf 80' lang='lat' dir='ltr'><strong>inprecari</strong></span> <span class='ocrx_word' id='word_1_33' title='bbox 827 780 1017 854; x_wconf 80' lang='lat' dir='ltr'><strong>maledicere,</strong></span> <span class='ocrx_word' id='word_1_34' title='bbox 1053 778 1207 858; x_wconf 90' lang='lat' dir='ltr'><strong>deprecari</strong></span> <span class='ocrx_word' id='word_1_35' title='bbox 1240 795 1382 838; x_wconf 85' lang='lat' dir='ltr'><strong>excusare</strong></span> <span class='ocrx_word' id='word_1_36' title='bbox 1415 785 1445 835; x_wconf 84' lang='lat' dir='ltr'><strong>ot</strong></span> 
     </span>
     <span class='ocr_line' id='line_1_6' title="bbox 141 880 1445 969; baseline -0.005 -21"><span class='ocrx_word' id='word_1_37' title='bbox 141 907 320 968; x_wconf 82' lang='lat' dir='ltr'><strong>expurgare:</strong></span> <span class='ocrx_word' id='word_1_38' title='bbox 348 888 488 969; x_wconf 86' lang='lat' dir='ltr'><strong>Virgilius</strong></span> <span class='ocrx_word' id='word_1_39' title='bbox 516 884 697 968; x_wconf 73' lang='lat' dir='ltr'><strong>‘equidem</strong></span> <span class='ocrx_word' id='word_1_40' title='bbox 726 891 841 949; x_wconf 91' lang='lat' dir='ltr'><strong>merui</strong></span> <span class='ocrx_word' id='word_1_41' title='bbox 870 906 934 948; x_wconf 94' lang='lat' dir='ltr'><strong>nec</strong></span> <span class='ocrx_word' id='word_1_42' title='bbox 962 888 1138 966; x_wconf 90' lang='lat' dir='ltr'><strong>deprecor</strong></span> <span class='ocrx_word' id='word_1_43' title='bbox 1169 880 1317 966; x_wconf 90' lang='lat' dir='ltr'><strong>inquit’,</strong></span> <span class='ocrx_word' id='word_1_44' title='bbox 1341 885 1445 944; x_wconf 80' lang='lat' dir='ltr'><strong>Cicero</strong></span> 
     </span>
    </p>

    <p class='ocr_par' dir='ltr' id='par_1_3' title="bbox 100 990 1480 1935">
     <span class='ocr_line' id='line_1_7' title="bbox 112 990 1445 1073; baseline -0.002 -20"><span class='ocrx_word' id='word_1_45' title='bbox 112 990 242 1073; x_wconf 75' lang='lat' dir='ltr'><strong>s‘quid</strong></span> <span class='ocrx_word' id='word_1_46' title='bbox 265 996 377 1056; x_wconf 83' lang='lat' dir='ltr'><strong>faciet</strong></span> <span class='ocrx_word' id='word_1_47' title='bbox 395 992 638 1057; x_wconf 82' lang='lat' dir='ltr'><strong>Hortensius?</strong></span> <span class='ocrx_word' id='word_1_48' title='bbox 661 997 882 1056; x_wconf 81' lang='lat' dir='ltr'><strong>avaritiaene</strong></span> <span class='ocrx_word' id='word_1_49' title='bbox 906 995 1057 1054; x_wconf 89' lang='lat' dir='ltr'><strong>crimina</strong></span> <span class='ocrx_word' id='word_1_50' title='bbox 1080 993 1306 1073; x_wconf 83' lang='lat' dir='ltr'><strong>frugalitatis</strong></span> <span class='ocrx_word' id='word_1_51' title='bbox 1329 990 1445 1051; x_wconf 90' lang='lat' dir='ltr'><strong>laudi·</strong></span> 
     </span>
     <span class='ocr_line' id='line_1_8' title="bbox 141 1097 526 1183; baseline 0.005 -22"><span class='ocrx_word' id='word_1_52' title='bbox 141 1100 207 1161; x_wconf 92' lang='lat' dir='ltr'><strong>bus</strong></span> <span class='ocrx_word' id='word_1_53' title='bbox 230 1097 526 1183; x_wconf 82' lang='lat' dir='ltr'><strong>deprecabitur?&#39;</strong></span> 
     </span>
     <span class='ocr_line' id='line_1_9' title="bbox 229 1206 1446 1290; baseline -0.003 -21"><span class='ocrx_word' id='word_1_54' title='bbox 229 1208 315 1270; x_wconf 92' lang='lat' dir='ltr'><strong>Nuho</strong></span> <span class='ocrx_word' id='word_1_55' title='bbox 339 1211 441 1289; x_wconf 90' lang='lat' dir='ltr'><strong>nupsi:</strong></span> <span class='ocrx_word' id='word_1_56' title='bbox 464 1227 532 1271; x_wconf 91' lang='lat' dir='ltr'><strong>cum</strong></span> <span class='ocrx_word' id='word_1_57' title='bbox 556 1209 665 1270; x_wconf 87' lang='lat' dir='ltr'><strong>rocalis</strong></span> <span class='ocrx_word' id='word_1_58' title='bbox 688 1212 839 1290; x_wconf 84' lang='lat' dir='ltr'><strong>sequitur,</strong></span> <span class='ocrx_word' id='word_1_59' title='bbox 862 1208 881 1269; x_wconf 97' lang='lat' dir='ltr'><strong>b</strong></span> <span class='ocrx_word' id='word_1_60' title='bbox 905 1226 971 1269; x_wconf 90' lang='lat' dir='ltr'><strong>esse</strong></span> <span class='ocrx_word' id='word_1_61' title='bbox 995 1206 1099 1289; x_wconf 81' lang='lat' dir='ltr'><strong>debet3</strong></span> <span class='ocrx_word' id='word_1_62' title='bbox 1122 1225 1192 1268; x_wconf 91' lang='lat' dir='ltr'><strong>cum</strong></span> <span class='ocrx_word' id='word_1_63' title='bbox 1215 1224 1396 1289; x_wconf 82' lang='lat' dir='ltr'><strong>consonans,</strong></span> <span class='ocrx_word' id='word_1_64' title='bbox 1419 1225 1446 1285; x_wconf 91' lang='lat' dir='ltr'><strong>p.</strong></span> 
     </span>
     <span class='ocr_line' id='line_1_10' title="bbox 141 1316 539 1396; baseline -0.003 -19"><span class='ocrx_word' id='word_1_65' title='bbox 141 1316 277 1378; x_wconf 90' lang='lat' dir='ltr'><strong>similiter</strong></span> <span class='ocrx_word' id='word_1_66' title='bbox 300 1317 399 1378; x_wconf 91' lang='lat' dir='ltr'><strong>scribo</strong></span> <span class='ocrx_word' id='word_1_67' title='bbox 424 1319 539 1396; x_wconf 89' lang='lat' dir='ltr'><strong>scripsi.</strong></span> 
     </span>
     <span class='ocr_line' id='line_1_11' title="bbox 230 1424 849 1507; baseline 0 -22"><span class='ocrx_word' id='word_1_68' title='bbox 230 1425 317 1485; x_wconf 89' lang='lat' dir='ltr'><strong>Fides</strong></span> <span class='ocrx_word' id='word_1_69' title='bbox 342 1425 378 1486; x_wconf 93' lang='lat' dir='ltr'><strong>de</strong></span> <span class='ocrx_word' id='word_1_70' title='bbox 402 1424 557 1507; x_wconf 81' lang='lat' dir='ltr'><strong>fidelitate,</strong></span> <span class='ocrx_word' id='word_1_71' title='bbox 581 1426 647 1486; x_wconf 84' lang='lat' dir='ltr'><strong>uois</strong></span> <span class='ocrx_word' id='word_1_72' title='bbox 670 1426 706 1486; x_wconf 90' lang='lat' dir='ltr'><strong>de</strong></span> <span class='ocrx_word' id='word_1_73' title='bbox 730 1425 849 1486; x_wconf 86' lang='lat' dir='ltr'><strong>chorda.</strong></span> 
     </span>
     <span class='ocr_line' id='line_1_12' title="bbox 100 1530 1432 1614; baseline -0.002 -22"><span class='ocrx_word' id='word_1_74' title='bbox 100 1549 127 1587; x_wconf 80' lang='grc' dir='ltr'><strong>ιο</strong></span> <span class='ocrx_word' id='word_1_75' title='bbox 231 1532 367 1594; x_wconf 85' lang='lat' dir='ltr'><strong>Disertus</strong></span> <span class='ocrx_word' id='word_1_76' title='bbox 386 1540 486 1593; x_wconf 90' lang='lat' dir='ltr'><strong>orator</strong></span> <span class='ocrx_word' id='word_1_77' title='bbox 506 1543 560 1614; x_wconf 80' lang='lat' dir='ltr'><strong>est,</strong></span> <span class='ocrx_word' id='word_1_78' title='bbox 579 1533 717 1595; x_wconf 88' lang='lat' dir='ltr'><strong>desertus</strong></span> <span class='ocrx_word' id='word_1_79' title='bbox 736 1533 905 1594; x_wconf 89' lang='lat' dir='ltr'><strong>derelictus.</strong></span> <span class='ocrx_word' id='word_1_80' title='bbox 942 1533 1057 1594; x_wconf 90' lang='lat' dir='ltr'><strong>delator</strong></span> <span class='ocrx_word' id='word_1_81' title='bbox 1072 1533 1122 1610; x_wconf 91' lang='lat' dir='ltr'><strong>qui</strong></span> <span class='ocrx_word' id='word_1_82' title='bbox 1137 1530 1234 1591; x_wconf 83' lang='lat' dir='ltr'><strong>defert</strong></span> <span class='ocrx_word' id='word_1_83' title='bbox 1252 1530 1287 1590; x_wconf 92' lang='lat' dir='ltr'><strong>ad</strong></span> <span class='ocrx_word' id='word_1_84' title='bbox 1306 1549 1432 1592; x_wconf 90' lang='lat' dir='ltr'><strong>accusan</strong></span> 
     </span>
     <span class='ocr_line' id='line_1_13' title="bbox 142 1633 1480 1720; baseline 0.001 -22"><span class='ocrx_word' id='word_1_85' title='bbox 142 1638 226 1719; x_wconf 90' lang='lat' dir='ltr'><strong>dum,</strong></span> <span class='ocrx_word' id='word_1_86' title='bbox 250 1638 356 1699; x_wconf 88' lang='lat' dir='ltr'><strong>dilator</strong></span> <span class='ocrx_word' id='word_1_87' title='bbox 380 1642 431 1718; x_wconf 94' lang='lat' dir='ltr'><strong>qui</strong></span> <span class='ocrx_word' id='word_1_88' title='bbox 455 1639 554 1700; x_wconf 81' lang='lat' dir='ltr'><strong>differt</strong></span> <span class='ocrx_word' id='word_1_89' title='bbox 574 1633 578 1720; x_wconf 74' lang='lat' dir='ltr'><strong>l</strong></span> <span class='ocrx_word' id='word_1_90' title='bbox 599 1639 635 1700; x_wconf 92' lang='lat' dir='ltr'><strong>ad</strong></span> <span class='ocrx_word' id='word_1_91' title='bbox 658 1638 880 1720; x_wconf 83' lang='lat' dir='ltr'><strong>proferendum.</strong></span> <span class='ocrx_word' id='word_1_92' title='bbox 917 1637 1011 1699; x_wconf 89' lang='lat' dir='ltr'><strong>deluit</strong></span> <span class='ocrx_word' id='word_1_93' title='bbox 1033 1645 1153 1717; x_wconf 89' lang='lat' dir='ltr'><strong>purgat,</strong></span> <span class='ocrx_word' id='word_1_94' title='bbox 1181 1636 1267 1698; x_wconf 90' lang='lat' dir='ltr'><strong>diluit</strong></span> <span class='ocrx_word' id='word_1_95' title='bbox 1289 1646 1447 1717; x_wconf 88' lang='lat' dir='ltr'><strong>temperat:</strong></span> <span class='ocrx_word' id='word_1_96' title='bbox 1476 1665 1480 1673; x_wconf 93' lang='lat'>·</span> 
     </span>
     <span class='ocr_line' id='line_1_14' title="bbox 142 1735 1096 1826; baseline 0 -23"><span class='ocrx_word' id='word_1_97' title='bbox 142 1744 243 1804; x_wconf 88' lang='lat' dir='ltr'><strong>Livius</strong></span> <span class='ocrx_word' id='word_1_98' title='bbox 266 1744 303 1805; x_wconf 92' lang='lat' dir='ltr'><strong>de</strong></span> <span class='ocrx_word' id='word_1_99' title='bbox 322 1735 422 1806; x_wconf 79' lang='lat' dir='ltr'><strong>&#39;morte</strong></span> <span class='ocrx_word' id='word_1_100' title='bbox 446 1745 624 1807; x_wconf 85' lang='lat' dir='ltr'><strong>Mithridatis</strong></span> <span class='ocrx_word' id='word_1_101' title='bbox 648 1742 758 1826; x_wconf 79' lang='lat' dir='ltr'><strong>‘quod</strong></span> <span class='ocrx_word' id='word_1_102' title='bbox 781 1764 859 1806; x_wconf 91' lang='lat' dir='ltr'><strong>cum</strong></span> <span class='ocrx_word' id='word_1_103' title='bbox 882 1739 1096 1804; x_wconf 51' lang='lat' dir='ltr'><strong>diluisset&#39;s</strong></span> 
     </span>
     <span class='ocr_line' id='line_1_15' title="bbox 230 1852 1047 1935; baseline -0.001 -24"><span class='ocrx_word' id='word_1_104' title='bbox 230 1852 396 1912; x_wconf 79' lang='lat' dir='ltr'><strong>Adversum</strong></span> <span class='ocrx_word' id='word_1_105' title='bbox 419 1862 447 1913; x_wconf 93' lang='lat' dir='ltr'><strong>te</strong></span> <span class='ocrx_word' id='word_1_106' title='bbox 471 1853 672 1935; x_wconf 85' lang='lat' dir='ltr'><strong>adversarius,</strong></span> <span class='ocrx_word' id='word_1_107' title='bbox 690 1852 832 1913; x_wconf 86' lang='lat' dir='ltr'><strong>adversus</strong></span> <span class='ocrx_word' id='word_1_108' title='bbox 856 1859 885 1911; x_wconf 90' lang='lat' dir='ltr'><strong>te</strong></span> <span class='ocrx_word' id='word_1_109' title='bbox 909 1853 1047 1911; x_wconf 90' lang='lat' dir='ltr'><strong>imitator.</strong></span> 
     </span>
    </p>
   </div>
   <div class='ocr_carea' id='block_1_3' title="bbox 101 1958 1449 2687">
    <p class='ocr_par' dir='ltr' id='par_1_4' title="bbox 101 1958 1449 2687">
     <span class='ocr_line' id='line_1_16' title="bbox 231 1958 1297 2042; baseline -0.001 -22"><span class='ocrx_word' id='word_1_110' title='bbox 231 1958 411 2042; x_wconf 84' lang='lat' dir='ltr'><strong>Hinnuleus,</strong></span> <span class='ocrx_word' id='word_1_111' title='bbox 434 1968 468 2020; x_wconf 95' lang='lat' dir='ltr'><strong>ut</strong></span> <span class='ocrx_word' id='word_1_112' title='bbox 490 1968 610 2021; x_wconf 87' lang='lat' dir='ltr'><strong>acutum</strong></span> <span class='ocrx_word' id='word_1_113' title='bbox 634 1963 686 2041; x_wconf 82' lang='lat' dir='ltr'><strong>sit,</strong></span> <span class='ocrx_word' id='word_1_114' title='bbox 709 1962 777 2040; x_wconf 91' lang='lat' dir='ltr'><strong>quia</strong></span> <span class='ocrx_word' id='word_1_115' title='bbox 801 1976 909 2020; x_wconf 90' lang='lat' dir='ltr'><strong>nomen</strong></span> <span class='ocrx_word' id='word_1_116' title='bbox 933 1977 949 2017; x_wconf 88' lang='lat' dir='ltr'><strong>a</strong></span> <span class='ocrx_word' id='word_1_117' title='bbox 973 1976 1046 2019; x_wconf 92' lang='lat' dir='ltr'><strong>sono</strong></span> <span class='ocrx_word' id='word_1_118' title='bbox 1069 1960 1149 2019; x_wconf 87' lang='lat' dir='ltr'><strong>vocis</strong></span> <span class='ocrx_word' id='word_1_119' title='bbox 1173 1961 1297 2039; x_wconf 85' lang='lat' dir='ltr'><strong>accepit.</strong></span> 
     </span>
     <span class='ocr_line' id='line_1_17' title="bbox 101 2057 1449 2148; baseline 0.003 -27"><span class='ocrx_word' id='word_1_120' title='bbox 101 2082 128 2122; x_wconf 81' lang='lat' dir='ltr'><strong>rs</strong></span> <span class='ocrx_word' id='word_1_121' title='bbox 232 2065 352 2128; x_wconf 88' lang='lat' dir='ltr'><strong>Deduco</strong></span> <span class='ocrx_word' id='word_1_122' title='bbox 376 2066 413 2128; x_wconf 93' lang='lat' dir='ltr'><strong>de</strong></span> <span class='ocrx_word' id='word_1_123' title='bbox 436 2070 530 2128; x_wconf 92' lang='lat' dir='ltr'><strong>amico</strong></span> <span class='ocrx_word' id='word_1_124' title='bbox 554 2066 759 2148; x_wconf 89' lang='lat' dir='ltr'><strong>producendo,</strong></span> <span class='ocrx_word' id='word_1_125' title='bbox 787 2066 895 2127; x_wconf 93' lang='lat' dir='ltr'><strong>diduco</strong></span> <span class='ocrx_word' id='word_1_126' title='bbox 923 2075 1022 2126; x_wconf 92' lang='lat' dir='ltr'><strong>autem</strong></span> <span class='ocrx_word' id='word_1_127' title='bbox 1046 2073 1092 2125; x_wconf 91' lang='lat' dir='ltr'><strong>est</strong></span> <span class='ocrx_word' id='word_1_128' title='bbox 1115 2057 1256 2127; x_wconf 85' lang='lat' dir='ltr'><strong>distraho.</strong></span> <span class='ocrx_word' id='word_1_129' title='bbox 1294 2064 1449 2125; x_wconf 93' lang='lat' dir='ltr'><strong>derectum</strong></span> 
     </span>
     <span class='ocr_line' id='line_1_18' title="bbox 143 2174 947 2257; baseline 0 -23"><span class='ocrx_word' id='word_1_130' title='bbox 143 2175 174 2234; x_wconf 93' lang='lat' dir='ltr'><strong>in</strong></span> <span class='ocrx_word' id='word_1_131' title='bbox 198 2183 313 2236; x_wconf 92' lang='lat' dir='ltr'><strong>rectum</strong></span> <span class='ocrx_word' id='word_1_132' title='bbox 336 2174 460 2257; x_wconf 84' lang='lat' dir='ltr'><strong>radens,</strong></span> <span class='ocrx_word' id='word_1_133' title='bbox 483 2175 630 2236; x_wconf 90' lang='lat' dir='ltr'><strong>directum</strong></span> <span class='ocrx_word' id='word_1_134' title='bbox 654 2178 684 2235; x_wconf 90' lang='lat' dir='ltr'><strong>in</strong></span> <span class='ocrx_word' id='word_1_135' title='bbox 708 2176 800 2236; x_wconf 89' lang='lat' dir='ltr'><strong>latera</strong></span> <span class='ocrx_word' id='word_1_136' title='bbox 824 2183 947 2236; x_wconf 90' lang='lat' dir='ltr'><strong>rectum.</strong></span> 
     </span>
     <span class='ocr_line' id='line_1_19' title="bbox 232 2280 902 2362; baseline -0.001 -20"><span class='ocrx_word' id='word_1_137' title='bbox 232 2280 351 2342; x_wconf 90' lang='lat' dir='ltr'><strong>Partem</strong></span> <span class='ocrx_word' id='word_1_138' title='bbox 376 2300 482 2342; x_wconf 89' lang='lat' dir='ltr'><strong>nomen</strong></span> <span class='ocrx_word' id='word_1_139' title='bbox 507 2291 567 2362; x_wconf 86' lang='lat' dir='ltr'><strong>est,</strong></span> <span class='ocrx_word' id='word_1_140' title='bbox 589 2284 699 2362; x_wconf 91' lang='lat' dir='ltr'><strong>partim</strong></span> <span class='ocrx_word' id='word_1_141' title='bbox 722 2280 902 2343; x_wconf 79' lang='lat' dir='ltr'><strong>adverbium.</strong></span> 
     </span>
     <span class='ocr_line' id='line_1_20' title="bbox 231 2386 1448 2469; baseline -0.002 -21"><span class='ocrx_word' id='word_1_142' title='bbox 231 2387 338 2449; x_wconf 85' lang='lat' dir='ltr'><strong>Fastus</strong></span> <span class='ocrx_word' id='word_1_143' title='bbox 367 2389 402 2450; x_wconf 95' lang='lat' dir='ltr'><strong>de</strong></span> <span class='ocrx_word' id='word_1_144' title='bbox 431 2389 571 2469; x_wconf 90' lang='lat' dir='ltr'><strong>superbia</strong></span> <span class='ocrx_word' id='word_1_145' title='bbox 600 2389 671 2450; x_wconf 86' lang='lat' dir='ltr'><strong>lacit</strong></span> <span class='ocrx_word' id='word_1_146' title='bbox 699 2390 834 2468; x_wconf 88' lang='lat' dir='ltr'><strong>genetivo</strong></span> <span class='ocrx_word' id='word_1_147' title='bbox 862 2387 969 2466; x_wconf 89' lang='lat' dir='ltr'><strong>plurali</strong></span> <span class='ocrx_word' id='word_1_148' title='bbox 998 2389 1142 2469; x_wconf 80' lang='lat' dir='ltr'><strong>fastuum,</strong></span> <span class='ocrx_word' id='word_1_149' title='bbox 1177 2389 1271 2449; x_wconf 87' lang='lat' dir='ltr'><strong>lastus</strong></span> <span class='ocrx_word' id='word_1_150' title='bbox 1299 2387 1336 2448; x_wconf 90' lang='lat' dir='ltr'><strong>de</strong></span> <span class='ocrx_word' id='word_1_151' title='bbox 1364 2386 1448 2447; x_wconf 85' lang='lat' dir='ltr'><strong>libris</strong></span> 
     </span>
     <span class='ocr_line' id='line_1_21' title="bbox 143 2485 579 2566; baseline 0.007 -12"><span class='ocrx_word' id='word_1_152' title='bbox 143 2497 214 2556; x_wconf 87' lang='lat' dir='ltr'><strong>lacit</strong></span> <span class='ocrx_word' id='word_1_153' title='bbox 237 2485 389 2557; x_wconf 79' lang='lat' dir='ltr'><strong>fastorum.</strong></span> <span class='ocrx_word' id='word_1_154' title='bbox 577 2562 579 2566; x_wconf 7' lang='grc' dir='ltr'>μ</span> 
     </span>
     <span class='ocr_line' id='line_1_22' title="bbox 102 2601 1232 2687; baseline 0.006 -30"><span class='ocrx_word' id='word_1_155' title='bbox 102 2619 130 2657; x_wconf 80' lang='lat' dir='ltr'><strong>so</strong></span> <span class='ocrx_word' id='word_1_156' title='bbox 234 2602 416 2683; x_wconf 85' lang='lat' dir='ltr'><strong>Expectatur</strong></span> <span class='ocrx_word' id='word_1_157' title='bbox 439 2613 599 2687; x_wconf 85' lang='lat' dir='ltr'><strong>venturus,</strong></span> <span class='ocrx_word' id='word_1_158' title='bbox 622 2610 774 2685; x_wconf 89' lang='lat' dir='ltr'><strong>spectatur</strong></span> <span class='ocrx_word' id='word_1_159' title='bbox 796 2603 848 2682; x_wconf 92' lang='lat' dir='ltr'><strong>qui</strong></span> <span class='ocrx_word' id='word_1_160' title='bbox 871 2601 989 2663; x_wconf 88' lang='lat' dir='ltr'><strong>ridetur</strong></span> <span class='ocrx_word' id='word_1_161' title='bbox 1012 2602 1056 2662; x_wconf 86' lang='lat' dir='ltr'><strong>vel</strong></span> <span class='ocrx_word' id='word_1_162' title='bbox 1080 2603 1232 2682; x_wconf 87' lang='lat' dir='ltr'><strong>probatur.</strong></span> 
     </span>
    </p>
   </div>
   <div class='ocr_carea' id='block_1_4' title="bbox 143 2707 1449 3110">
    <p class='ocr_par' dir='ltr' id='par_1_5' title="bbox 144 2707 1449 2898">
     <span class='ocr_line' id='line_1_23' title="bbox 232 2707 1449 2793; baseline -0.002 -24"><span class='ocrx_word' id='word_1_163' title='bbox 232 2710 362 2790; x_wconf 77' lang='lat' dir='ltr'><strong>Apparet</strong></span> <span class='ocrx_word' id='word_1_164' title='bbox 385 2712 437 2789; x_wconf 92' lang='lat' dir='ltr'><strong>qui</strong></span> <span class='ocrx_word' id='word_1_165' title='bbox 460 2710 587 2793; x_wconf 81' lang='lat' dir='ltr'><strong>ridetur,</strong></span> <span class='ocrx_word' id='word_1_166' title='bbox 610 2710 732 2791; x_wconf 89' lang='lat' dir='ltr'><strong>adparet</strong></span> <span class='ocrx_word' id='word_1_167' title='bbox 755 2711 807 2790; x_wconf 92' lang='lat' dir='ltr'><strong>qui</strong></span> <span class='ocrx_word' id='word_1_168' title='bbox 826 2707 1011 2792; x_wconf 84' lang='lat' dir='ltr'><strong>obsequitur,</strong></span> <span class='ocrx_word' id='word_1_169' title='bbox 1034 2728 1093 2771; x_wconf 92' lang='lat' dir='ltr'><strong>non</strong></span> <span class='ocrx_word' id='word_1_170' title='bbox 1113 2712 1233 2790; x_wconf 89' lang='lat' dir='ltr'><strong>regulae</strong></span> <span class='ocrx_word' id='word_1_171' title='bbox 1252 2712 1376 2791; x_wconf 85' lang='lat' dir='ltr'><strong>ratione,</strong></span> <span class='ocrx_word' id='word_1_172' title='bbox 1398 2708 1449 2769; x_wconf 91' lang='lat' dir='ltr'><strong>sed</strong></span> 
     </span>
     <span class='ocr_line' id='line_1_24' title="bbox 144 2816 652 2898; baseline 0.002 -21"><span class='ocrx_word' id='word_1_173' title='bbox 144 2816 333 2878; x_wconf 88' lang='lat' dir='ltr'><strong>discernendi</strong></span> <span class='ocrx_word' id='word_1_174' title='bbox 355 2816 524 2879; x_wconf 88' lang='lat' dir='ltr'><strong>intellectus</strong></span> <span class='ocrx_word' id='word_1_175' title='bbox 550 2821 652 2898; x_wconf 86' lang='lat' dir='ltr'><strong>gratia.</strong></span> 
     </span>
    </p>

    <p class='ocr_par' dir='ltr' id='par_1_6' title="bbox 143 2923 1449 3110">
     <span class='ocr_line' id='line_1_25' title="bbox 232 2923 1449 3006; baseline -0.003 -21"><span class='ocrx_word' id='word_1_176' title='bbox 232 2923 376 2985; x_wconf 87' lang='lat' dir='ltr'><strong>llercules</strong></span> <span class='ocrx_word' id='word_1_177' title='bbox 394 2924 522 2986; x_wconf 79' lang='lat' dir='ltr'><strong>Achilles</strong></span> <span class='ocrx_word' id='word_1_178' title='bbox 542 2924 650 2987; x_wconf 89' lang='lat' dir='ltr'><strong>Verres</strong></span> <span class='ocrx_word' id='word_1_179' title='bbox 674 2933 756 2986; x_wconf 92' lang='lat' dir='ltr'><strong>recto</strong></span> <span class='ocrx_word' id='word_1_180' title='bbox 781 2941 852 2984; x_wconf 90' lang='lat' dir='ltr'><strong>casu</strong></span> <span class='ocrx_word' id='word_1_181' title='bbox 875 2941 929 3002; x_wconf 88' lang='lat' dir='ltr'><strong>per</strong></span> <span class='ocrx_word' id='word_1_182' title='bbox 953 2941 969 2982; x_wconf 95' lang='lat' dir='ltr'><strong>e</strong></span> <span class='ocrx_word' id='word_1_183' title='bbox 989 2923 1172 3006; x_wconf 88' lang='lat' dir='ltr'><strong>scribuntur,</strong></span> <span class='ocrx_word' id='word_1_184' title='bbox 1195 2927 1332 3004; x_wconf 85' lang='lat' dir='ltr'><strong>genetivo</strong></span> <span class='ocrx_word' id='word_1_185' title='bbox 1352 2930 1449 2983; x_wconf 88' lang='lat' dir='ltr'><strong>autem</strong></span> 
     </span>
     <span class='ocr_line' id='line_1_26' title="bbox 143 3031 1290 3110; baseline 0.002 -20"><span class='ocrx_word' id='word_1_186' title='bbox 143 3049 198 3110; x_wconf 91' lang='lat' dir='ltr'><strong>per</strong></span> <span class='ocrx_word' id='word_1_187' title='bbox 221 3032 244 3110; x_wconf 88' lang='lat' dir='ltr'><strong>i;</strong></span> <span class='ocrx_word' id='word_1_188' title='bbox 267 3039 298 3091; x_wconf 95' lang='lat' dir='ltr'><strong>et</strong></span> <span class='ocrx_word' id='word_1_189' title='bbox 320 3033 418 3090; x_wconf 89' lang='lat' dir='ltr'><strong>omnia</strong></span> <span class='ocrx_word' id='word_1_190' title='bbox 441 3031 531 3092; x_wconf 88' lang='lat' dir='ltr'><strong>huius</strong></span> <span class='ocrx_word' id='word_1_191' title='bbox 556 3033 635 3093; x_wconf 90' lang='lat' dir='ltr'><strong>modi</strong></span> <span class='ocrx_word' id='word_1_192' title='bbox 658 3034 777 3093; x_wconf 88' lang='lat' dir='ltr'><strong>nomina</strong></span> <span class='ocrx_word' id='word_1_193' title='bbox 800 3049 816 3091; x_wconf 90' lang='lat' dir='ltr'><strong>e</strong></span> <span class='ocrx_word' id='word_1_194' title='bbox 841 3034 970 3105; x_wconf 67' lang='lat' dir='ltr'><strong>longum,</strong></span> <span class='ocrx_word' id='word_1_195' title='bbox 994 3035 1007 3090; x_wconf 87' lang='lat' dir='ltr'><strong>i</strong></span> <span class='ocrx_word' id='word_1_196' title='bbox 1029 3031 1150 3093; x_wconf 82' lang='lat' dir='ltr'><strong>brevem</strong></span> <span class='ocrx_word' id='word_1_197' title='bbox 1173 3031 1290 3093; x_wconf 88' lang='lat' dir='ltr'><strong>habent.</strong></span> 
     </span>
    </p>
   </div>
   <div class='ocr_carea' id='block_1_5' title="bbox 143 3174 1456 4926">
    <p class='ocr_par' dir='ltr' id='par_1_7' title="bbox 143 3174 1456 4926">
     <span class='ocr_line' id='line_1_27' title="bbox 234 3174 1453 3248; baseline 0 -20"><span class='ocrx_word' id='word_1_198' title='bbox 234 3182 247 3228; x_wconf 92' lang='lat'>1</span> <span class='ocrx_word' id='word_1_199' title='bbox 268 3174 389 3243; x_wconf 88' lang='lat' dir='ltr'><strong>pretium</strong></span> <span class='ocrx_word' id='word_1_200' title='bbox 409 3175 451 3242; x_wconf 91' lang='lat' dir='ltr'><strong>(et</strong></span> <span class='ocrx_word' id='word_1_201' title='bbox 468 3177 532 3231; x_wconf 82' lang='lat' dir='ltr'><strong>add.</strong></span> <span class='ocrx_word' id='word_1_202' title='bbox 546 3178 585 3247; x_wconf 93' lang='grc' dir='ltr'><strong>Β)</strong></span> <span class='ocrx_word' id='word_1_203' title='bbox 605 3180 734 3248; x_wconf 77' lang='lat' dir='ltr'><strong>precatus</strong></span> <span class='ocrx_word' id='word_1_204' title='bbox 748 3177 807 3231; x_wconf 87' lang='lat' dir='ltr'><strong>sine</strong></span> <span class='ocrx_word' id='word_1_205' title='bbox 822 3191 854 3230; x_wconf 89' lang='lat' dir='ltr'><strong>oe</strong></span> <span class='ocrx_word' id='word_1_206' title='bbox 869 3177 978 3229; x_wconf 87' lang='lat' dir='ltr'><strong>ueteres</strong></span> <span class='ocrx_word' id='word_1_207' title='bbox 997 3174 1058 3228; x_wconf 81' lang='lat' dir='ltr'><strong>BG</strong></span> <span class='ocrx_word' id='word_1_208' title='bbox 1119 3181 1135 3228; x_wconf 78' lang='lat'>2</span> <span class='ocrx_word' id='word_1_209' title='bbox 1150 3176 1276 3246; x_wconf 84' lang='lat' dir='ltr'><strong>maioris]</strong></span> <span class='ocrx_word' id='word_1_210' title='bbox 1294 3175 1414 3229; x_wconf 85' lang='lat' dir='ltr'><strong>maiores</strong></span> <span class='ocrx_word' id='word_1_211' title='bbox 1430 3174 1453 3222; x_wconf 63' lang='grc' dir='ltr'><strong>(Ἰ</strong></span> 
     </span>
     <span class='ocr_line' id='line_1_28' title="bbox 144 3254 1453 3328; baseline 0 -21"><span class='ocrx_word' id='word_1_212' title='bbox 144 3254 239 3324; x_wconf 83' lang='lat' dir='ltr'><strong>scribi]</strong></span> <span class='ocrx_word' id='word_1_213' title='bbox 259 3254 316 3309; x_wconf 89' lang='lat' dir='ltr'><strong>diei</strong></span> <span class='ocrx_word' id='word_1_214' title='bbox 334 3255 363 3309; x_wconf 92' lang='lat' dir='ltr'><strong>et</strong></span> <span class='ocrx_word' id='word_1_215' title='bbox 381 3255 466 3311; x_wconf 86' lang='lat' dir='ltr'><strong>scribi</strong></span> <span class='ocrx_word' id='word_1_216' title='bbox 484 3257 543 3312; x_wconf 73' lang='grc' dir='ltr'><strong>ΒΟ</strong></span> <span class='ocrx_word' id='word_1_217' title='bbox 612 3267 628 3313; x_wconf 83' lang='grc'>3</span> <span class='ocrx_word' id='word_1_218' title='bbox 648 3262 678 3314; x_wconf 90' lang='lat' dir='ltr'><strong>et</strong></span> <span class='ocrx_word' id='word_1_219' title='bbox 689 3274 810 3328; x_wconf 82' lang='lat' dir='ltr'><strong>purgare</strong></span> <span class='ocrx_word' id='word_1_220' title='bbox 825 3273 855 3311; x_wconf 89' lang='lat' dir='ltr'><strong>se</strong></span> <span class='ocrx_word' id='word_1_221' title='bbox 872 3256 932 3309; x_wconf 80' lang='lat' dir='ltr'><strong>BG</strong></span> <span class='ocrx_word' id='word_1_222' title='bbox 1001 3264 1019 3311; x_wconf 84' lang='lat'>4</span> <span class='ocrx_word' id='word_1_223' title='bbox 1038 3258 1180 3328; x_wconf 86' lang='lat' dir='ltr'><strong>equidem]</strong></span> <span class='ocrx_word' id='word_1_224' title='bbox 1201 3257 1278 3325; x_wconf 77' lang='lat' dir='ltr'><strong>Verq.</strong></span> <span class='ocrx_word' id='word_1_225' title='bbox 1293 3257 1362 3310; x_wconf 79' lang='lat' dir='ltr'><strong>Aeo.</strong></span> <span class='ocrx_word' id='word_1_226' title='bbox 1380 3257 1429 3308; x_wconf 87' lang='lat' dir='ltr'><strong>XI</strong></span> <span class='ocrx_word' id='word_1_227' title='bbox 1434 3256 1453 3307; x_wconf 85' lang='grc' dir='ltr'><em>Ι</em></span> 
     </span>
     <span class='ocr_line' id='line_1_29' title="bbox 143 3335 1452 3408; baseline 0.002 -21"><span class='ocrx_word' id='word_1_228' title='bbox 143 3338 197 3388; x_wconf 81' lang='lat'><strong>931</strong></span> <span class='ocrx_word' id='word_1_229' title='bbox 269 3335 361 3404; x_wconf 84' lang='lat' dir='ltr'><strong>iuquit</strong></span> <span class='ocrx_word' id='word_1_230' title='bbox 379 3351 429 3391; x_wconf 82' lang='lat' dir='ltr'><strong>ora.</strong></span> <span class='ocrx_word' id='word_1_231' title='bbox 448 3337 516 3406; x_wconf 75' lang='grc' dir='ltr'><strong>ΒΟ,</strong></span> <span class='ocrx_word' id='word_1_232' title='bbox 535 3341 599 3395; x_wconf 79' lang='lat' dir='ltr'><strong>odd.</strong></span> <span class='ocrx_word' id='word_1_233' title='bbox 620 3340 657 3393; x_wconf 88' lang='lat' dir='ltr'><em>M</em></span> <span class='ocrx_word' id='word_1_234' title='bbox 734 3337 847 3408; x_wconf 77' lang='lat' dir='ltr'><strong>oquid]</strong></span> <span class='ocrx_word' id='word_1_235' title='bbox 868 3335 981 3406; x_wconf 88' lang='lat' dir='ltr'><strong>quidem</strong></span> <span class='ocrx_word' id='word_1_236' title='bbox 1000 3353 1070 3392; x_wconf 87' lang='lat' dir='ltr'><strong>corr.</strong></span> <span class='ocrx_word' id='word_1_237' title='bbox 1091 3338 1127 3392; x_wconf 85' lang='lat' dir='ltr'><strong>al.</strong></span> <span class='ocrx_word' id='word_1_238' title='bbox 1145 3356 1180 3393; x_wconf 87' lang='lat' dir='ltr'><strong>m.</strong></span> <span class='ocrx_word' id='word_1_239' title='bbox 1200 3336 1268 3407; x_wconf 88' lang='lat' dir='ltr'><strong>quid</strong></span> <span class='ocrx_word' id='word_1_240' title='bbox 1285 3337 1326 3391; x_wconf 90' lang='lat' dir='ltr'><strong>B:</strong></span> <span class='ocrx_word' id='word_1_241' title='bbox 1347 3337 1401 3392; x_wconf 83' lang='lat' dir='ltr'><strong>Cic.</strong></span> <span class='ocrx_word' id='word_1_242' title='bbox 1420 3339 1452 3391; x_wconf 79' lang='lat' dir='ltr'><strong>in</strong></span> 
     </span>
     <span class='ocr_line' id='line_1_30' title="bbox 150 3412 1452 3490; baseline 0.005 -24"><span class='ocrx_word' id='word_1_243' title='bbox 150 3412 490 3483; x_wconf 82' lang='lat' dir='ltr'><strong>Verr.act.sec.1178,</strong></span> <span class='ocrx_word' id='word_1_244' title='bbox 516 3424 573 3474; x_wconf 81' lang='lat'><strong>192</strong></span> <span class='ocrx_word' id='word_1_245' title='bbox 663 3416 800 3473; x_wconf 70' lang='lat' dir='ltr'><strong>auantiae</strong></span> <span class='ocrx_word' id='word_1_246' title='bbox 823 3420 929 3470; x_wconf 75' lang='lat' dir='ltr'><strong>neom</strong></span> <span class='ocrx_word' id='word_1_247' title='bbox 947 3421 973 3470; x_wconf 80' lang='lat' dir='ltr'><strong>et</strong></span> <span class='ocrx_word' id='word_1_248' title='bbox 996 3417 1113 3473; x_wconf 77' lang='lat' dir='ltr'><strong>deletoc</strong></span> <span class='ocrx_word' id='word_1_249' title='bbox 1136 3417 1195 3472; x_wconf 80' lang='lat' dir='ltr'><strong>Bc</strong></span> <span class='ocrx_word' id='word_1_250' title='bbox 1281 3419 1452 3490; x_wconf 81' lang='lat' dir='ltr'><strong>frugalitatis</strong></span> 
     </span>
     <span class='ocr_line' id='line_1_31' title="bbox 146 3492 1453 3569; baseline 0.004 -22"><span class='ocrx_word' id='word_1_251' title='bbox 146 3493 184 3547; x_wconf 91' lang='grc' dir='ltr'><em>Μ</em></span> <span class='ocrx_word' id='word_1_252' title='bbox 187 3492 234 3547; x_wconf 89' lang='lat' dir='ltr'><strong>Bc</strong></span> <span class='ocrx_word' id='word_1_253' title='bbox 251 3492 461 3563; x_wconf 82' lang='lat' dir='ltr'><strong>frugalitatibus</strong></span> <span class='ocrx_word' id='word_1_254' title='bbox 475 3496 505 3551; x_wconf 85' lang='lat'><strong>.0</strong></span> <span class='ocrx_word' id='word_1_255' title='bbox 590 3506 605 3553; x_wconf 83' lang='grc'><strong>7</strong></span> <span class='ocrx_word' id='word_1_256' title='bbox 625 3499 706 3555; x_wconf 89' lang='lat' dir='ltr'><strong>Nuho</strong></span> <span class='ocrx_word' id='word_1_257' title='bbox 725 3496 808 3553; x_wconf 87' lang='lat' dir='ltr'><strong>nubsi</strong></span> <span class='ocrx_word' id='word_1_258' title='bbox 826 3499 904 3567; x_wconf 73' lang='lat' dir='ltr'><strong>(corr.</strong></span> <span class='ocrx_word' id='word_1_259' title='bbox 924 3497 1008 3566; x_wconf 88' lang='lat' dir='ltr'><strong>nupsi</strong></span> <span class='ocrx_word' id='word_1_260' title='bbox 1026 3515 1053 3566; x_wconf 84' lang='lat' dir='ltr'><strong>c,</strong></span> <span class='ocrx_word' id='word_1_261' title='bbox 1073 3498 1169 3569; x_wconf 87' lang='lat' dir='ltr'><strong>nupsit</strong></span> <span class='ocrx_word' id='word_1_262' title='bbox 1186 3499 1224 3568; x_wconf 92' lang='lat' dir='ltr'><strong>B)</strong></span> <span class='ocrx_word' id='word_1_263' title='bbox 1244 3499 1336 3554; x_wconf 88' lang='lat' dir='ltr'><strong>scribo</strong></span> <span class='ocrx_word' id='word_1_264' title='bbox 1355 3499 1453 3569; x_wconf 80' lang='lat' dir='ltr'><strong>scripsi</strong></span> 
     </span>
     <span class='ocr_line' id='line_1_32' title="bbox 145 3573 1401 3650; baseline 0.006 -25"><span class='ocrx_word' id='word_1_265' title='bbox 145 3573 268 3641; x_wconf 86' lang='lat' dir='ltr'><strong>(scripsit</strong></span> <span class='ocrx_word' id='word_1_266' title='bbox 285 3574 323 3643; x_wconf 91' lang='lat' dir='ltr'><strong>B)</strong></span> <span class='ocrx_word' id='word_1_267' title='bbox 343 3589 406 3629; x_wconf 88' lang='lat' dir='ltr'><strong>eom</strong></span> <span class='ocrx_word' id='word_1_268' title='bbox 423 3576 531 3631; x_wconf 88' lang='lat' dir='ltr'><strong>uocalis</strong></span> <span class='ocrx_word' id='word_1_269' title='bbox 550 3578 676 3648; x_wconf 87' lang='lat' dir='ltr'><strong>sequitur</strong></span> <span class='ocrx_word' id='word_1_270' title='bbox 693 3579 712 3633; x_wconf 94' lang='lat' dir='ltr'><strong>h</strong></span> <span class='ocrx_word' id='word_1_271' title='bbox 731 3593 791 3632; x_wconf 90' lang='lat' dir='ltr'><strong>esse</strong></span> <span class='ocrx_word' id='word_1_272' title='bbox 809 3576 894 3633; x_wconf 84' lang='lat' dir='ltr'><strong>debet</strong></span> <span class='ocrx_word' id='word_1_273' title='bbox 912 3579 1023 3632; x_wconf 89' lang='lat' dir='ltr'><strong>etcum</strong></span> <span class='ocrx_word' id='word_1_274' title='bbox 1041 3596 1229 3650; x_wconf 87' lang='lat' dir='ltr'><strong>consonansp</strong></span> <span class='ocrx_word' id='word_1_275' title='bbox 1247 3579 1330 3635; x_wconf 78' lang='lat' dir='ltr'><strong>Fides</strong></span> <span class='ocrx_word' id='word_1_276' title='bbox 1343 3578 1401 3633; x_wconf 81' lang='lat' dir='ltr'><strong>BC</strong></span> 
     </span>
     <span class='ocr_line' id='line_1_33' title="bbox 145 3651 1453 3727; baseline 0.006 -21"><span class='ocrx_word' id='word_1_277' title='bbox 145 3651 230 3706; x_wconf 88' lang='lat' dir='ltr'><strong>debet</strong></span> <span class='ocrx_word' id='word_1_278' title='bbox 248 3669 298 3707; x_wconf 87' lang='lat' dir='ltr'><strong>om.</strong></span> <span class='ocrx_word' id='word_1_279' title='bbox 319 3654 357 3706; x_wconf 89' lang='grc' dir='ltr'><em>Μ</em></span> <span class='ocrx_word' id='word_1_280' title='bbox 444 3661 460 3708; x_wconf 83' lang='grc'><strong>9</strong></span> <span class='ocrx_word' id='word_1_281' title='bbox 480 3653 563 3711; x_wconf 82' lang='lat' dir='ltr'><strong>Fides</strong></span> <span class='ocrx_word' id='word_1_282' title='bbox 581 3658 647 3713; x_wconf 90' lang='lat' dir='ltr'><strong>fidei</strong></span> <span class='ocrx_word' id='word_1_283' title='bbox 666 3659 700 3713; x_wconf 89' lang='lat' dir='ltr'><strong>de</strong></span> <span class='ocrx_word' id='word_1_284' title='bbox 719 3657 897 3725; x_wconf 85' lang='lat' dir='ltr'><strong>credulitate,</strong></span> <span class='ocrx_word' id='word_1_285' title='bbox 922 3657 990 3713; x_wconf 89' lang='lat' dir='ltr'><strong>fides</strong></span> <span class='ocrx_word' id='word_1_286' title='bbox 1009 3659 1072 3713; x_wconf 86' lang='lat' dir='ltr'><strong>fidis</strong></span> <span class='ocrx_word' id='word_1_287' title='bbox 1091 3659 1125 3714; x_wconf 90' lang='lat' dir='ltr'><strong>de</strong></span> <span class='ocrx_word' id='word_1_288' title='bbox 1145 3659 1263 3727; x_wconf 87' lang='lat' dir='ltr'><strong>chorda,</strong></span> <span class='ocrx_word' id='word_1_289' title='bbox 1286 3663 1405 3727; x_wconf 86' lang='lat' dir='ltr'><strong>utraque</strong></span> <span class='ocrx_word' id='word_1_290' title='bbox 1424 3677 1453 3714; x_wconf 88' lang='lat' dir='ltr'><strong>es</strong></span> 
     </span>
     <span class='ocr_line' id='line_1_34' title="bbox 144 3731 1454 3812; baseline 0.007 -28"><span class='ocrx_word' id='word_1_291' title='bbox 144 3731 231 3801; x_wconf 87' lang='lat' dir='ltr'><strong>longa</strong></span> <span class='ocrx_word' id='word_1_292' title='bbox 247 3732 327 3788; x_wconf 77' lang='lat' dir='ltr'><strong>Beda</strong></span> <span class='ocrx_word' id='word_1_293' title='bbox 342 3751 370 3802; x_wconf 84' lang='lat' dir='ltr'><strong>p.</strong></span> <span class='ocrx_word' id='word_1_294' title='bbox 390 3739 480 3789; x_wconf 77' lang='lat'><em>2785:</em></span> <span class='ocrx_word' id='word_1_295' title='bbox 500 3736 535 3801; x_wconf 81' lang='lat' dir='ltr'><strong>es.</strong></span> <span class='ocrx_word' id='word_1_296' title='bbox 555 3736 662 3793; x_wconf 81' lang='lat' dir='ltr'><strong>Charis.</strong></span> <span class='ocrx_word' id='word_1_297' title='bbox 677 3755 708 3807; x_wconf 80' lang='lat' dir='ltr'><strong>p.</strong></span> <span class='ocrx_word' id='word_1_298' title='bbox 728 3743 832 3805; x_wconf 82' lang='grc'><em>69,18.</em></span> <span class='ocrx_word' id='word_1_299' title='bbox 852 3742 897 3804; x_wconf 78' lang='grc'><strong>70,</strong></span> <span class='ocrx_word' id='word_1_300' title='bbox 912 3743 948 3793; x_wconf 84' lang='grc'><strong>16</strong></span> <span class='ocrx_word' id='word_1_301' title='bbox 1021 3741 1106 3796; x_wconf 87' lang='lat' dir='ltr'><strong>corda</strong></span> <span class='ocrx_word' id='word_1_302' title='bbox 1125 3739 1224 3794; x_wconf 84' lang='lat' dir='ltr'><strong>MBG</strong></span> <span class='ocrx_word' id='word_1_303' title='bbox 1295 3745 1329 3794; x_wconf 90' lang='lat'><strong>10</strong></span> <span class='ocrx_word' id='word_1_304' title='bbox 1347 3739 1454 3812; x_wconf 76' lang='lat' dir='ltr'><strong>Disser-</strong></span> 
     </span>
     <span class='ocr_line' id='line_1_35' title="bbox 144 3813 1453 3889; baseline 0.007 -24"><span class='ocrx_word' id='word_1_305' title='bbox 144 3814 190 3865; x_wconf 89' lang='lat' dir='ltr'><strong>tus</strong></span> <span class='ocrx_word' id='word_1_306' title='bbox 209 3813 303 3868; x_wconf 87' lang='lat' dir='ltr'><strong>orator</strong></span> <span class='ocrx_word' id='word_1_307' title='bbox 320 3813 379 3867; x_wconf 82' lang='lat' dir='ltr'><strong>BG</strong></span> <span class='ocrx_word' id='word_1_308' title='bbox 458 3821 489 3868; x_wconf 90' lang='lat'><strong>11</strong></span> <span class='ocrx_word' id='word_1_309' title='bbox 510 3816 616 3872; x_wconf 85' lang='lat' dir='ltr'><strong>dilator</strong></span> <span class='ocrx_word' id='word_1_310' title='bbox 633 3816 681 3886; x_wconf 89' lang='lat' dir='ltr'><strong>qui</strong></span> <span class='ocrx_word' id='word_1_311' title='bbox 700 3817 794 3871; x_wconf 83' lang='lat' dir='ltr'><strong>differt</strong></span> <span class='ocrx_word' id='word_1_312' title='bbox 812 3834 862 3872; x_wconf 72' lang='lat' dir='ltr'><strong>oon.</strong></span> <span class='ocrx_word' id='word_1_313' title='bbox 881 3817 909 3870; x_wconf 99' lang='grc' dir='ltr'><em>Β</em></span> <span class='ocrx_word' id='word_1_314' title='bbox 991 3820 1118 3876; x_wconf 84' lang='lat' dir='ltr'><strong>difertG</strong></span> <span class='ocrx_word' id='word_1_315' title='bbox 1194 3819 1230 3874; x_wconf 84' lang='lat' dir='ltr'><strong>ad</strong></span> <span class='ocrx_word' id='word_1_316' title='bbox 1249 3819 1453 3889; x_wconf 78' lang='lat' dir='ltr'><strong>proferendum.</strong></span> 
     </span>
     <span class='ocr_line' id='line_1_36' title="bbox 145 3890 1455 3970; baseline 0.008 -26"><span class='ocrx_word' id='word_1_317' title='bbox 145 3890 288 3947; x_wconf 83' lang='lat' dir='ltr'><strong>Traducta</strong></span> <span class='ocrx_word' id='word_1_318' title='bbox 311 3896 355 3947; x_wconf 89' lang='lat' dir='ltr'><strong>est</strong></span> <span class='ocrx_word' id='word_1_319' title='bbox 377 3895 494 3963; x_wconf 79' lang='lat' dir='ltr'><strong>getulia:</strong></span> <span class='ocrx_word' id='word_1_320' title='bbox 518 3913 569 3950; x_wconf 89' lang='lat' dir='ltr'><strong>nec</strong></span> <span class='ocrx_word' id='word_1_321' title='bbox 592 3896 670 3951; x_wconf 89' lang='lat' dir='ltr'><strong>ducit</strong></span> <span class='ocrx_word' id='word_1_322' title='bbox 693 3913 778 3952; x_wconf 85' lang='lat' dir='ltr'><strong>arena</strong></span> <span class='ocrx_word' id='word_1_323' title='bbox 801 3899 945 3952; x_wconf 88' lang='lat' dir='ltr'><strong>nocentes:</strong></span> <span class='ocrx_word' id='word_1_324' title='bbox 974 3903 1004 3955; x_wconf 88' lang='lat' dir='ltr'><strong>et</strong></span> <span class='ocrx_word' id='word_1_325' title='bbox 1027 3900 1136 3954; x_wconf 88' lang='lat' dir='ltr'><strong>delator</strong></span> <span class='ocrx_word' id='word_1_326' title='bbox 1163 3900 1251 3955; x_wconf 88' lang='lat' dir='ltr'><strong>habet</strong></span> <span class='ocrx_word' id='word_1_327' title='bbox 1275 3901 1350 3970; x_wconf 90' lang='lat' dir='ltr'><strong>quod</strong></span> <span class='ocrx_word' id='word_1_328' title='bbox 1376 3901 1455 3955; x_wconf 90' lang='lat' dir='ltr'><strong>dedit</strong></span> 
     </span>
     <span class='ocr_line' id='line_1_37' title="bbox 146 3971 1454 4048; baseline 0.008 -25"><span class='ocrx_word' id='word_1_329' title='bbox 146 3971 267 4025; x_wconf 78' lang='lat' dir='ltr'><strong>erilium</strong></span> <span class='ocrx_word' id='word_1_330' title='bbox 296 3972 393 4027; x_wconf 88' lang='lat' dir='ltr'><strong>Deluit</strong></span> <span class='ocrx_word' id='word_1_331' title='bbox 410 3977 515 4046; x_wconf 85' lang='lat' dir='ltr'><strong>purgat</strong></span> <span class='ocrx_word' id='word_1_332' title='bbox 533 3992 562 4034; x_wconf 76' lang='lat' dir='ltr'><strong>s:</strong></span> <span class='ocrx_word' id='word_1_333' title='bbox 584 3977 713 4034; x_wconf 84' lang='lat' dir='ltr'><strong>Martiol.</strong></span> <span class='ocrx_word' id='word_1_334' title='bbox 729 3980 813 4047; x_wconf 72' lang='lat' dir='ltr'><strong>epigr.</strong></span> <span class='ocrx_word' id='word_1_335' title='bbox 828 3983 858 4046; x_wconf 79' lang='grc'><strong>4,</strong></span> <span class='ocrx_word' id='word_1_336' title='bbox 874 3984 891 4033; x_wconf 84' lang='grc'><strong><em>3</em></strong></span> <span class='ocrx_word' id='word_1_337' title='bbox 958 3983 990 4032; x_wconf 84' lang='lat'><strong>12</strong></span> <span class='ocrx_word' id='word_1_338' title='bbox 1009 3978 1169 4034; x_wconf 84' lang='lat' dir='ltr'><strong>metridatis</strong></span> <span class='ocrx_word' id='word_1_339' title='bbox 1189 3980 1265 4048; x_wconf 89' lang='lat' dir='ltr'><strong>quod</strong></span> <span class='ocrx_word' id='word_1_340' title='bbox 1284 3979 1414 4036; x_wconf 87' lang='lat' dir='ltr'><strong>diluisset</strong></span> <span class='ocrx_word' id='word_1_341' title='bbox 1426 3981 1454 4033; x_wconf 91' lang='grc' dir='ltr'><em>Β</em></span> 
     </span>
     <span class='ocr_line' id='line_1_38' title="bbox 146 4050 1455 4128; baseline 0.008 -24"><span class='ocrx_word' id='word_1_342' title='bbox 146 4050 299 4106; x_wconf 82' lang='lat' dir='ltr'><strong>mitridatis</strong></span> <span class='ocrx_word' id='word_1_343' title='bbox 323 4071 406 4122; x_wconf 83' lang='lat' dir='ltr'><strong>quam</strong></span> <span class='ocrx_word' id='word_1_344' title='bbox 429 4055 560 4111; x_wconf 87' lang='lat' dir='ltr'><strong>diluisset</strong></span> <span class='ocrx_word' id='word_1_345' title='bbox 582 4057 662 4125; x_wconf 82' lang='lat' dir='ltr'><strong>(corr.</strong></span> <span class='ocrx_word' id='word_1_346' title='bbox 682 4058 826 4128; x_wconf 84' lang='lat' dir='ltr'><strong>doluisset)</strong></span> <span class='ocrx_word' id='word_1_347' title='bbox 852 4058 881 4114; x_wconf 78' lang='lat'><strong>0.</strong></span> <span class='ocrx_word' id='word_1_348' title='bbox 909 4059 1026 4124; x_wconf 67' lang='lat' dir='ltr'><strong>sonasse</strong></span> <span class='ocrx_word' id='word_1_349' title='bbox 1044 4059 1139 4113; x_wconf 83' lang='lat' dir='ltr'><strong>Livius</strong></span> <span class='ocrx_word' id='word_1_350' title='bbox 1160 4059 1207 4113; x_wconf 85' lang='lat' dir='ltr'><strong>‘de</strong></span> <span class='ocrx_word' id='word_1_351' title='bbox 1230 4062 1320 4114; x_wconf 80' lang='lat' dir='ltr'><strong>morte</strong></span> <span class='ocrx_word' id='word_1_352' title='bbox 1345 4060 1455 4115; x_wconf 88' lang='lat' dir='ltr'><strong>Mithri-</strong></span> 
     </span>
     <span class='ocr_line' id='line_1_39' title="bbox 146 4130 1453 4209; baseline 0.008 -25"><span class='ocrx_word' id='word_1_353' title='bbox 146 4130 220 4185; x_wconf 87' lang='lat' dir='ltr'><strong>datis</strong></span> <span class='ocrx_word' id='word_1_354' title='bbox 235 4149 298 4187; x_wconf 84' lang='lat' dir='ltr'><strong>cum</strong></span> <span class='ocrx_word' id='word_1_355' title='bbox 317 4133 456 4189; x_wconf 86' lang='lat' dir='ltr'><strong>diluisset’</strong></span> <span class='ocrx_word' id='word_1_356' title='bbox 533 4142 565 4190; x_wconf 87' lang='grc'><strong>13</strong></span> <span class='ocrx_word' id='word_1_357' title='bbox 584 4136 721 4209; x_wconf 90' lang='lat' dir='ltr'><strong>imitator]</strong></span> <span class='ocrx_word' id='word_1_358' title='bbox 741 4138 873 4192; x_wconf 83' lang='lat' dir='ltr'><strong>emitator</strong></span> <span class='ocrx_word' id='word_1_359' title='bbox 886 4138 914 4190; x_wconf 91' lang='lat' dir='ltr'><em>B</em></span> <span class='ocrx_word' id='word_1_360' title='bbox 933 4140 1125 4194; x_wconf 84' lang='lat' dir='ltr'><strong>emittaturC</strong></span> <span class='ocrx_word' id='word_1_361' title='bbox 1195 4146 1228 4194; x_wconf 80' lang='lat'><strong>14</strong></span> <span class='ocrx_word' id='word_1_362' title='bbox 1247 4140 1403 4194; x_wconf 80' lang='lat' dir='ltr'><strong>Hmnuleus</strong></span> <span class='ocrx_word' id='word_1_363' title='bbox 1421 4172 1453 4180; x_wconf 92' lang='lat'>—</span> 
     </span>
     <span class='ocr_line' id='line_1_40' title="bbox 146 4212 1455 4288; baseline 0.007 -23"><span class='ocrx_word' id='word_1_364' title='bbox 146 4212 255 4281; x_wconf 87' lang='lat' dir='ltr'><strong>accepit</strong></span> <span class='ocrx_word' id='word_1_365' title='bbox 272 4216 362 4282; x_wconf 80' lang='lat' dir='ltr'><strong>spatio</strong></span> <span class='ocrx_word' id='word_1_366' title='bbox 379 4231 467 4269; x_wconf 74' lang='lat' dir='ltr'><strong>comto</strong></span> <span class='ocrx_word' id='word_1_367' title='bbox 484 4216 578 4270; x_wconf 80' lang='lat' dir='ltr'><strong>relicto</strong></span> <span class='ocrx_word' id='word_1_368' title='bbox 596 4232 648 4271; x_wconf 88' lang='lat' dir='ltr'><strong>om.</strong></span> <span class='ocrx_word' id='word_1_369' title='bbox 667 4216 717 4282; x_wconf 92' lang='grc' dir='ltr'><strong>Μ,</strong></span> <span class='ocrx_word' id='word_1_370' title='bbox 744 4218 858 4273; x_wconf 90' lang='lat' dir='ltr'><strong>Innlens</strong></span> <span class='ocrx_word' id='word_1_371' title='bbox 879 4221 912 4273; x_wconf 89' lang='lat' dir='ltr'><strong>ut</strong></span> <span class='ocrx_word' id='word_1_372' title='bbox 935 4222 1049 4275; x_wconf 85' lang='lat' dir='ltr'><strong>acutum</strong></span> <span class='ocrx_word' id='word_1_373' title='bbox 1069 4221 1106 4274; x_wconf 87' lang='lat' dir='ltr'><strong>sit</strong></span> <span class='ocrx_word' id='word_1_374' title='bbox 1128 4218 1196 4288; x_wconf 88' lang='lat' dir='ltr'><strong>quia</strong></span> <span class='ocrx_word' id='word_1_375' title='bbox 1218 4237 1320 4275; x_wconf 90' lang='lat' dir='ltr'><strong>nomen</strong></span> <span class='ocrx_word' id='word_1_376' title='bbox 1346 4238 1364 4274; x_wconf 90' lang='lat' dir='ltr'><strong>a</strong></span> <span class='ocrx_word' id='word_1_377' title='bbox 1387 4237 1455 4274; x_wconf 91' lang='lat' dir='ltr'><strong>sono</strong></span> 
     </span>
     <span class='ocr_line' id='line_1_41' title="bbox 147 4293 1454 4369; baseline 0.008 -26"><span class='ocrx_word' id='word_1_378' title='bbox 147 4293 223 4347; x_wconf 83' lang='lat' dir='ltr'><strong>uocis</strong></span> <span class='ocrx_word' id='word_1_379' title='bbox 241 4293 346 4363; x_wconf 87' lang='lat' dir='ltr'><strong>accipit</strong></span> <span class='ocrx_word' id='word_1_380' title='bbox 363 4295 390 4347; x_wconf 93' lang='grc' dir='ltr'><em>Β</em></span> <span class='ocrx_word' id='word_1_381' title='bbox 413 4295 513 4349; x_wconf 88' lang='lat' dir='ltr'><strong>inutile</strong></span> <span class='ocrx_word' id='word_1_382' title='bbox 531 4296 581 4350; x_wconf 86' lang='lat' dir='ltr'><strong>aut</strong></span> <span class='ocrx_word' id='word_1_383' title='bbox 600 4299 761 4351; x_wconf 88' lang='lat' dir='ltr'><strong>accusatum</strong></span> <span class='ocrx_word' id='word_1_384' title='bbox 781 4302 823 4353; x_wconf 86' lang='lat' dir='ltr'><strong>est</strong></span> <span class='ocrx_word' id='word_1_385' title='bbox 846 4299 913 4368; x_wconf 86' lang='lat' dir='ltr'><strong>quia</strong></span> <span class='ocrx_word' id='word_1_386' title='bbox 933 4317 1034 4354; x_wconf 87' lang='lat' dir='ltr'><strong>nomen</strong></span> <span class='ocrx_word' id='word_1_387' title='bbox 1052 4317 1086 4354; x_wconf 85' lang='lat' dir='ltr'><strong>ex</strong></span> <span class='ocrx_word' id='word_1_388' title='bbox 1105 4315 1173 4353; x_wconf 89' lang='lat' dir='ltr'><strong>sono</strong></span> <span class='ocrx_word' id='word_1_389' title='bbox 1192 4298 1271 4353; x_wconf 88' lang='lat' dir='ltr'><strong>uocis</strong></span> <span class='ocrx_word' id='word_1_390' title='bbox 1297 4299 1406 4369; x_wconf 84' lang='lat' dir='ltr'><strong>accepit</strong></span> <span class='ocrx_word' id='word_1_391' title='bbox 1425 4300 1454 4355; x_wconf 80' lang='lat'><strong>0.</strong></span> 
     </span>
     <span class='ocr_line' id='line_1_42' title="bbox 145 4373 1455 4436; baseline 0.006 -10"><span class='ocrx_word' id='word_1_392' title='bbox 145 4373 261 4436; x_wconf 68' lang='lat' dir='ltr'><strong>[masse</strong></span> <span class='ocrx_word' id='word_1_393' title='bbox 279 4373 411 4429; x_wconf 88' lang='lat' dir='ltr'><strong>hinnulus</strong></span> <span class='ocrx_word' id='word_1_394' title='bbox 428 4379 462 4429; x_wconf 86' lang='lat' dir='ltr'><strong>ut</strong></span> <span class='ocrx_word' id='word_1_395' title='bbox 478 4375 489 4428; x_wconf 94' lang='lat' dir='ltr'><strong>i</strong></span> <span class='ocrx_word' id='word_1_396' title='bbox 508 4378 622 4430; x_wconf 88' lang='lat' dir='ltr'><strong>acutum</strong></span> <span class='ocrx_word' id='word_1_397' title='bbox 641 4377 679 4431; x_wconf 85' lang='lat' dir='ltr'><strong>sit</strong></span> <span class='ocrx_word' id='word_1_398' title='bbox 760 4384 793 4432; x_wconf 81' lang='lat'><strong>15</strong></span> <span class='ocrx_word' id='word_1_399' title='bbox 813 4384 907 4434; x_wconf 84' lang='lat' dir='ltr'><strong>autem</strong></span> <span class='ocrx_word' id='word_1_400' title='bbox 925 4381 979 4435; x_wconf 90' lang='lat' dir='ltr'><strong>hoe</strong></span> <span class='ocrx_word' id='word_1_401' title='bbox 998 4384 1042 4435; x_wconf 90' lang='lat' dir='ltr'><strong>est</strong></span> <span class='ocrx_word' id='word_1_402' title='bbox 1058 4379 1086 4432; x_wconf 97' lang='grc' dir='ltr'><em>Β</em></span> <span class='ocrx_word' id='word_1_403' title='bbox 1093 4378 1117 4433; x_wconf 82' lang='grc'><em>0</em></span> <span class='ocrx_word' id='word_1_404' title='bbox 1201 4384 1234 4432; x_wconf 83' lang='lat' dir='ltr'><strong>td</strong></span> <span class='ocrx_word' id='word_1_405' title='bbox 1253 4379 1282 4432; x_wconf 88' lang='lat' dir='ltr'><strong>in</strong></span> <span class='ocrx_word' id='word_1_406' title='bbox 1301 4379 1391 4434; x_wconf 84' lang='lat' dir='ltr'><strong>latera</strong></span> <span class='ocrx_word' id='word_1_407' title='bbox 1408 4381 1455 4434; x_wconf 88' lang='lat' dir='ltr'><strong>uel</strong></span> 
     </span>
     <span class='ocr_line' id='line_1_43' title="bbox 147 4451 1456 4530; baseline 0.006 -25"><span class='ocrx_word' id='word_1_408' title='bbox 147 4451 176 4505; x_wconf 88' lang='lat' dir='ltr'><strong>iu</strong></span> <span class='ocrx_word' id='word_1_409' title='bbox 193 4453 252 4508; x_wconf 86' lang='lat' dir='ltr'><strong>late</strong></span> <span class='ocrx_word' id='word_1_410' title='bbox 270 4456 377 4508; x_wconf 85' lang='lat' dir='ltr'><strong>rectum</strong></span> <span class='ocrx_word' id='word_1_411' title='bbox 397 4455 465 4510; x_wconf 80' lang='lat' dir='ltr'><strong>Oin</strong></span> <span class='ocrx_word' id='word_1_412' title='bbox 484 4457 575 4511; x_wconf 87' lang='lat' dir='ltr'><strong>latera</strong></span> <span class='ocrx_word' id='word_1_413' title='bbox 593 4457 701 4511; x_wconf 88' lang='lat' dir='ltr'><strong>rectum</strong></span> <span class='ocrx_word' id='word_1_414' title='bbox 719 4459 765 4513; x_wconf 88' lang='lat' dir='ltr'><strong>uel</strong></span> <span class='ocrx_word' id='word_1_415' title='bbox 783 4459 813 4514; x_wconf 90' lang='lat' dir='ltr'><strong>in</strong></span> <span class='ocrx_word' id='word_1_416' title='bbox 831 4459 1029 4516; x_wconf 86' lang='lat' dir='ltr'><strong>latearrectum</strong></span> <span class='ocrx_word' id='word_1_417' title='bbox 1054 4460 1082 4513; x_wconf 98' lang='grc' dir='ltr'><em>Β</em></span> <span class='ocrx_word' id='word_1_418' title='bbox 1174 4465 1206 4513; x_wconf 86' lang='grc'><strong>18</strong></span> <span class='ocrx_word' id='word_1_419' title='bbox 1230 4458 1310 4530; x_wconf 86' lang='lat' dir='ltr'><strong>facit]</strong></span> <span class='ocrx_word' id='word_1_420' title='bbox 1335 4460 1365 4513; x_wconf 90' lang='lat' dir='ltr'><strong>et</strong></span> <span class='ocrx_word' id='word_1_421' title='bbox 1387 4459 1456 4513; x_wconf 83' lang='lat' dir='ltr'><strong>tacit</strong></span> 
     </span>
     <span class='ocr_line' id='line_1_44' title="bbox 147 4534 1455 4605; baseline 0.006 -19"><span class='ocrx_word' id='word_1_422' title='bbox 147 4537 260 4601; x_wconf 80' lang='lat' dir='ltr'><strong>utroque</strong></span> <span class='ocrx_word' id='word_1_423' title='bbox 278 4535 335 4589; x_wconf 86' lang='lat' dir='ltr'><strong>loeo</strong></span> <span class='ocrx_word' id='word_1_424' title='bbox 353 4535 411 4590; x_wconf 77' lang='lat' dir='ltr'><strong>BG</strong></span> <span class='ocrx_word' id='word_1_425' title='bbox 487 4534 590 4604; x_wconf 87' lang='lat' dir='ltr'><strong>plurali</strong></span> <span class='ocrx_word' id='word_1_426' title='bbox 608 4552 658 4591; x_wconf 77' lang='lat' dir='ltr'><strong>ora.</strong></span> <span class='ocrx_word' id='word_1_427' title='bbox 680 4537 728 4605; x_wconf 87' lang='grc' dir='ltr'><strong>Μ,</strong></span> <span class='ocrx_word' id='word_1_428' title='bbox 747 4541 810 4595; x_wconf 79' lang='lat' dir='ltr'><strong>odd.</strong></span> <span class='ocrx_word' id='word_1_429' title='bbox 830 4541 888 4595; x_wconf 81' lang='lat' dir='ltr'><strong>BC</strong></span> <span class='ocrx_word' id='word_1_430' title='bbox 962 4542 1051 4596; x_wconf 85' lang='lat' dir='ltr'><strong>fastus</strong></span> <span class='ocrx_word' id='word_1_431' title='bbox 1070 4541 1105 4595; x_wconf 87' lang='lat' dir='ltr'><strong>de</strong></span> <span class='ocrx_word' id='word_1_432' title='bbox 1123 4538 1202 4594; x_wconf 91' lang='lat' dir='ltr'><strong>libris</strong></span> <span class='ocrx_word' id='word_1_433' title='bbox 1223 4539 1280 4597; x_wconf 90' lang='grc' dir='ltr'><strong>Μς</strong></span> <span class='ocrx_word' id='word_1_434' title='bbox 1298 4539 1371 4594; x_wconf 83' lang='lat' dir='ltr'><strong>fasta</strong></span> <span class='ocrx_word' id='word_1_435' title='bbox 1389 4539 1402 4594; x_wconf 76' lang='lat' dir='ltr'><strong>s</strong></span> <span class='ocrx_word' id='word_1_436' title='bbox 1419 4541 1455 4594; x_wconf 90' lang='lat' dir='ltr'><strong>de</strong></span> 
     </span>
     <span class='ocr_line' id='line_1_45' title="bbox 147 4611 1454 4694; baseline 0.006 -28"><span class='ocrx_word' id='word_1_437' title='bbox 147 4611 226 4666; x_wconf 90' lang='lat' dir='ltr'><strong>libris</strong></span> <span class='ocrx_word' id='word_1_438' title='bbox 244 4614 272 4667; x_wconf 91' lang='lat' dir='ltr'><em>B</em></span> <span class='ocrx_word' id='word_1_439' title='bbox 290 4614 394 4669; x_wconf 81' lang='lat' dir='ltr'><strong>fastum</strong></span> <span class='ocrx_word' id='word_1_440' title='bbox 413 4615 447 4669; x_wconf 89' lang='lat' dir='ltr'><strong>da</strong></span> <span class='ocrx_word' id='word_1_441' title='bbox 463 4615 541 4669; x_wconf 89' lang='lat' dir='ltr'><strong>libris</strong></span> <span class='ocrx_word' id='word_1_442' title='bbox 557 4616 581 4669; x_wconf 80' lang='lat' dir='ltr'><em>C</em></span> <span class='ocrx_word' id='word_1_443' title='bbox 597 4616 683 4673; x_wconf 83' lang='lat' dir='ltr'><strong>lastos</strong></span> <span class='ocrx_word' id='word_1_444' title='bbox 698 4618 732 4673; x_wconf 92' lang='lat' dir='ltr'><strong>de</strong></span> <span class='ocrx_word' id='word_1_445' title='bbox 746 4619 861 4688; x_wconf 84' lang='lat' dir='ltr'><strong>librisp</strong></span> <span class='ocrx_word' id='word_1_446' title='bbox 910 4627 947 4694; x_wconf 36' lang='lat'><strong>&#39;21</strong></span> <span class='ocrx_word' id='word_1_447' title='bbox 964 4620 1032 4688; x_wconf 89' lang='lat' dir='ltr'><strong>quid</strong></span> <span class='ocrx_word' id='word_1_448' title='bbox 1048 4619 1210 4688; x_wconf 90' lang='lat' dir='ltr'><strong>obsequitur</strong></span> <span class='ocrx_word' id='word_1_449' title='bbox 1224 4619 1252 4672; x_wconf 91' lang='grc' dir='ltr'><em>Β</em></span> <span class='ocrx_word' id='word_1_450' title='bbox 1307 4625 1341 4673; x_wconf 75' lang='lat'><strong>22</strong></span> <span class='ocrx_word' id='word_1_451' title='bbox 1360 4619 1454 4689; x_wconf 86' lang='lat' dir='ltr'><strong>gratia</strong></span> 
     </span>
     <span class='ocr_line' id='line_1_46' title="bbox 149 4694 1412 4770; baseline 0.005 -25"><span class='ocrx_word' id='word_1_452' title='bbox 149 4696 193 4747; x_wconf 88' lang='lat' dir='ltr'><strong>est</strong></span> <span class='ocrx_word' id='word_1_453' title='bbox 209 4694 237 4746; x_wconf 90' lang='grc' dir='ltr'><em>Β</em></span> <span class='ocrx_word' id='word_1_454' title='bbox 256 4695 348 4764; x_wconf 86' lang='lat' dir='ltr'><strong>gratis</strong></span> <span class='ocrx_word' id='word_1_455' title='bbox 366 4695 419 4750; x_wconf 90' lang='lat' dir='ltr'><strong>hoc</strong></span> <span class='ocrx_word' id='word_1_456' title='bbox 438 4695 513 4749; x_wconf 73' lang='lat' dir='ltr'><strong>fite</strong></span> <span class='ocrx_word' id='word_1_457' title='bbox 582 4702 616 4749; x_wconf 72' lang='lat'><strong>‘24</strong></span> <span class='ocrx_word' id='word_1_458' title='bbox 636 4698 732 4752; x_wconf 89' lang='lat' dir='ltr'><strong>omnia</strong></span> <span class='ocrx_word' id='word_1_459' title='bbox 750 4698 845 4754; x_wconf 72' lang='lat' dir='ltr'><strong>orni]</strong></span> <span class='ocrx_word' id='word_1_460' title='bbox 913 4700 996 4755; x_wconf 90' lang='lat' dir='ltr'><strong>buius</strong></span> <span class='ocrx_word' id='word_1_461' title='bbox 1014 4699 1102 4770; x_wconf 80' lang='lat' dir='ltr'><strong>modi]</strong></span> <span class='ocrx_word' id='word_1_462' title='bbox 1122 4699 1246 4754; x_wconf 87' lang='lat' dir='ltr'><strong>eiusdem</strong></span> <span class='ocrx_word' id='word_1_463' title='bbox 1265 4699 1342 4753; x_wconf 91' lang='lat' dir='ltr'><strong>modi</strong></span> <span class='ocrx_word' id='word_1_464' title='bbox 1360 4699 1412 4767; x_wconf 83' lang='lat' dir='ltr'><strong>Bp</strong></span> 
     </span>
     <span class='ocr_line' id='line_1_47' title="bbox 150 4774 1456 4850; baseline 0.004 -23"><span class='ocrx_word' id='word_1_465' title='bbox 150 4790 165 4827; x_wconf 89' lang='lat' dir='ltr'><strong>e</strong></span> <span class='ocrx_word' id='word_1_466' title='bbox 183 4774 295 4845; x_wconf 84' lang='lat' dir='ltr'><strong>longam</strong></span> <span class='ocrx_word' id='word_1_467' title='bbox 314 4775 324 4829; x_wconf 91' lang='lat' dir='ltr'><strong>i</strong></span> <span class='ocrx_word' id='word_1_468' title='bbox 342 4775 457 4831; x_wconf 89' lang='lat' dir='ltr'><strong>breuem</strong></span> <span class='ocrx_word' id='word_1_469' title='bbox 475 4776 593 4848; x_wconf 86' lang='lat' dir='ltr'><strong>habent]</strong></span> <span class='ocrx_word' id='word_1_470' title='bbox 614 4779 727 4833; x_wconf 84' lang='lat' dir='ltr'><strong>ebreus</strong></span> <span class='ocrx_word' id='word_1_471' title='bbox 742 4779 847 4834; x_wconf 85' lang='lat' dir='ltr'><strong>babent</strong></span> <span class='ocrx_word' id='word_1_472' title='bbox 862 4779 891 4850; x_wconf 82' lang='lat'><strong>0,</strong></span> <span class='ocrx_word' id='word_1_473' title='bbox 910 4797 925 4835; x_wconf 91' lang='lat' dir='ltr'><strong>e</strong></span> <span class='ocrx_word' id='word_1_474' title='bbox 944 4782 1030 4836; x_wconf 91' lang='lat' dir='ltr'><strong>breue</strong></span> <span class='ocrx_word' id='word_1_475' title='bbox 1045 4780 1110 4834; x_wconf 84' lang='lat' dir='ltr'><strong>hab&#39;</strong></span> <span class='ocrx_word' id='word_1_476' title='bbox 1124 4781 1170 4836; x_wconf 83' lang='lat' dir='ltr'><strong>sed</strong></span> <span class='ocrx_word' id='word_1_477' title='bbox 1188 4797 1203 4834; x_wconf 90' lang='lat' dir='ltr'><strong>e</strong></span> <span class='ocrx_word' id='word_1_478' title='bbox 1218 4786 1242 4834; x_wconf 85' lang='lat' dir='ltr'><strong>et</strong></span> <span class='ocrx_word' id='word_1_479' title='bbox 1260 4780 1325 4835; x_wconf 79' lang='lat' dir='ltr'><strong>hab&#39;</strong></span> <span class='ocrx_word' id='word_1_480' title='bbox 1339 4796 1395 4835; x_wconf 81' lang='lat' dir='ltr'><strong>roo.</strong></span> <span class='ocrx_word' id='word_1_481' title='bbox 1411 4778 1456 4846; x_wconf 82' lang='lat' dir='ltr'><strong>M,</strong></span> 
     </span>
     <span class='ocr_line' id='line_1_48' title="bbox 151 4853 1004 4926; baseline 0.012 -17"><span class='ocrx_word' id='word_1_482' title='bbox 151 4853 176 4910; x_wconf 88' lang='lat' dir='ltr'><strong>.i.</strong></span> <span class='ocrx_word' id='word_1_483' title='bbox 194 4855 288 4912; x_wconf 84' lang='lat' dir='ltr'><strong>breuis</strong></span> <span class='ocrx_word' id='word_1_484' title='bbox 306 4873 320 4912; x_wconf 87' lang='lat' dir='ltr'><strong>e</strong></span> <span class='ocrx_word' id='word_1_485' title='bbox 338 4855 381 4924; x_wconf 87' lang='grc' dir='ltr'><strong>Β,</strong></span> <span class='ocrx_word' id='word_1_486' title='bbox 399 4873 450 4913; x_wconf 78' lang='lat' dir='ltr'><strong>orn.</strong></span> <span class='ocrx_word' id='word_1_487' title='bbox 464 4873 487 4926; x_wconf 68' lang='grc' dir='ltr'><em>Ρ</em></span> <span class='ocrx_word' id='word_1_488' title='bbox 1002 4887 1004 4892; x_wconf 94' lang='grc'><em>·</em></span> 
     </span>
    </p>
   </div>
   <div class='ocr_carea' id='block_1_6' title="bbox 1205 4952 1242 5007">
    <p class='ocr_par' dir='ltr' id='par_1_8' title="bbox 1205 4952 1242 5007">
     <span class='ocr_line' id='line_1_49' title="bbox 1205 4952 1242 5007; baseline 0 -20"><span class='ocrx_word' id='word_1_489' title='bbox 1205 4952 1242 5007; x_wconf 68' lang='grc'><strong>8*</strong></span> 
     </span>
    </p>
   </div>
   <div class='ocr_carea' id='block_1_7' title="bbox 0 0 1675 5474">
    <p class='ocr_par' dir='ltr' id='par_1_9' title="bbox 0 0 1675 5474">
     <span class='ocr_line' id='line_1_50' title="bbox 0 0 1675 5474; baseline 0 0"><span class='ocrx_word' id='word_1_490' title='bbox 0 0 1675 5474; x_wconf 95' lang='lat' dir='ltr'><strong> </strong></span> 
     </span>
    </p>
   </div>
  </div>
 </body>
</html>
