3316 5474
239 361 304 427 248
395 368 401 377 ’
785 397 787 400 >
831 360 951 415 Bubul}

238 473 260 509 p.
275 463 334 502 aero.
349 463 373 501 n
388 462 413 502 Ρ.

240 556 287 606 est
309 545 407 614 brevis
430 543 554 605 licenter
576 545 608 605 in
630 543 680 604 illo
705 543 833 626 Sedulii,

400 652 507 711 unius
531 649 574 710 oh
598 653 766 713 meritum
789 653 912 712 cuncti
936 653 1083 732 periere
1106 654 1272 712 minores.

240 761 311 819 item
335 764 440 818 natura
463 756 550 836 longa
573 766 619 819 est
640 760 672 819 in
695 758 751 819 hoc
776 757 905 840 Paulini,

400 863 624 926 discutiebat
646 882 755 925 ovans
778 863 878 944 galea
902 866 1207 946 scutoqueasidei,

241 971 358 1032 lieentia
382 970 480 1032 brevis
503 973 534 1031 in
558 971 615 1032 hoe
638 971 791 1052 Prosperi,

400 1076 552 1138 delicias
576 1080 642 1138 iam
665 1096 760 1138 nunc
783 1080 954 1157 promissi
976 1081 1126 1159 concipe
1150 1082 1253 1158 regni

454 1185 590 1245 virtute
614 1193 649 1244 et
671 1183 759 1246 iidei
782 1183 876 1263 quod
901 1186 1003 1265 cupis
1026 1203 1106 1246 esse
1131 1194 1220 1247 tene.

242 1299 272 1352 et
291 1291 360 1371 hoc,
375 1298 409 1351 ut
427 1308 516 1370 supra
535 1291 705 1372 retulimus,
723 1293 802 1352 inter
816 1310 989 1352 communes
1009 1290 1133 1371 syllabas
1150 1301 1347 1373 computatur.
1376 1293 1427 1354 ubi
1445 1300 1545 1354 antem

241 1400 272 1458 in
296 1399 400 1458 metris
426 1396 540 1477 prendo
567 1416 622 1477 pro
650 1398 802 1478 prehendo
826 1398 870 1459 vel
900 1398 994 1459 saecla
1018 1399 1126 1478 legitur
1148 1418 1203 1479 pro
1227 1399 1342 1461 saecula
1367 1401 1411 1461 rel
1435 1399 1544 1479 aliquid

242 1505 332 1566 huius
355 1504 450 1585 modi,
471 1522 531 1565 non
554 1513 601 1567 est
623 1506 788 1588 synalipha‚
811 1506 863 1566 sed
887 1524 1030 1585 syncope,
1053 1523 1128 1585 quae
1152 1508 1268 1586 species
1287 1516 1333 1568 est
1354 1506 1546 1587 metaplasmi,
1561 1519 1588 1558 1⁰

243 1614 310 1690 quia
339 1630 398 1672 non
426 1611 536 1691 syllaba
564 1611 609 1673 vel
638 1612 735 1674 littera
761 1614 871 1692 scripta
895 1612 1063 1674 scandendo
1086 1612 1231 1693 aufertur,
1259 1613 1311 1673 sed
1339 1631 1546 1692 ne·nmquam

243 1717 426 1806 scriberetur
449 1718 584 1780 libertate
608 1722 723 1799 poetica
743 1722 894 1799 provisum
914 1713 979 1802 est}
1011 1719 1089 1780 unde
1108 1718 1191 1780 illum
1210 1719 1339 1782 Maronis
1359 1719 1547 1801 versiculum,
1621 1767 1624 1772 .

403 1844 468 1886 nec
493 1833 566 1887 tota
590 1834 706 1887 tamen
729 1826 792 1887 ille
815 1829 916 1906 prior
939 1833 1137 1906 praeeunte
1161 1829 1298 1903 carina,

244 1936 283 1994 ita
311 1932 511 1993 scandendum
541 1951 606 1993 esse
635 1933 708 1992 ratio
738 1930 857 2014 probat,
884 1940 918 1992 ut
944 1935 1040 2011 primo
1070 1934 1109 1993 sit
1134 1941 1221 2023 necto
1249 1934 1412 2013 spondeus,
1441 1934 1547 1995 deinde

244 2049 372 2101 tatamen
396 2039 543 2120 dactylus,
572 2038 668 2119 illepri
691 2038 837 2118 dactylus,
865 2057 989 2119 orpraee
1013 2040 1146 2120 dactylus
1169 2038 1335 2101 adbreviata
1365 2041 1588 2121 diphthongon

244 2126 366 2229 propter
388 2145 519 2206 vocalem
543 2164 618 2224 quae
641 2147 786 2226 sequitur,
810 2155 881 2206 unte
901 2147 1000 2205 carina
1023 2145 1155 2226 dactylus
1174 2155 1204 2207 et
1227 2149 1390 2229 spondeus,
1413 2151 1464 2227 qui
1488 2156 1546 2208 ler-

223 2256 367 2343 yminent.
404 2254 470 2332 quis
492 2253 571 2311 enim
590 2251 689 2312 audiat
707 2250 890 2313 Victorinum
913 2252 1070 2314 docentem
1094 2260 1127 2314 ut
1149 2255 1325 2315 scandamus
1347 2263 1416 2315 ente
1439 2257 1548 2335 carina,

245 2361 387 2421 iacientes
421 2357 602 2439 synalipham
638 2360 668 2418 in
703 2358 798 2419 media
833 2367 916 2439 parte
951 2362 1105 2441 orationis,
1141 2360 1220 2440 quod
1255 2379 1416 2441 numquam
1448 2362 1546 2438 iecere

239 2462 384 2548 priores?
416 2466 448 2526 [it
472 2473 570 2525 autern
596 2464 747 2545 synalipha
769 2467 801 2526 in
824 2467 904 2525 omni
926 2460 1011 2545 parte
1034 2485 1153 2548 versus,
1181 2470 1270 2529 etiam
1293 2471 1323 2528 in
1346 2476 1490 2547 extrema,
1513 2475 1547 2527 nt

246 2577 375 2654 Prosper
1432 2559 1433 2562 '
1560 2589 1587 2627 so

406 2681 466 2742 sed
490 2697 609 2740 rerum
633 2682 773 2741 auctori
797 2679 920 2742 nullus
943 2699 1012 2742 non
1036 2683 1208 2760 cognitus
1231 2683 1317 2743 ordo
1341 2691 1404 2744 est.

245 2793 279 2852 flt
302 2799 332 2850 et
354 2796 422 2869 post
444 2804 563 2847 versum
588 2786 752 2869 synalipha,
775 2806 850 2867 quae
874 2787 909 2847 ad
934 2790 1086 2867 sequentis
1108 2807 1212 2850 versus
1236 2799 1324 2869 caput
1346 2790 1494 2871 intendat,
1516 2798 1549 2849 ut

207 2918 212 2922 ·
246 2897 387 2959 Paulinus

175 2992 179 2999 ’
406 3021 494 3081 quae
513 3001 623 3061 decus
642 3019 741 3063 omne
761 3020 908 3081 operum
930 3001 1157 3082 perimebant
1174 3002 1336 3083 improba
1360 3003 1535 3082 foedaque

407 3101 508 3169 obice
531 3119 763 3189 prospectum
786 3111 980 3169 caecantia.
1563 3129 1590 3167 as

248 3227 318 3279 sunt
336 3235 462 3296 nauaque
483 3216 579 3277 caltimi
598 3235 702 3277 versus
725 3215 805 3277 illius
828 3215 933 3296 pedes,
957 3216 1090 3296 improba
1113 3216 1259 3299 dactylus,
1283 3218 1367 3279 loeda
1391 3217 1550 3298 spondeus,

135 3359 142 3371 ·
216 3331 219 3336 ’
248 3333 277 3385 01
298 3326 387 3405 primi
411 3325 563 3403 sequentis
587 3343 641 3403 per
664 3322 859 3404 synalipham,
882 3321 1007 3401 quohiee
1032 3322 1178 3405 dactylus,
1201 3342 1310 3404 prospe
1334 3324 1492 3404 spondeus.

589 3493 638 3548 DE
656 3492 929 3548 EPISYNALIPHA
947 3493 1019 3548 VEL
1038 3493 1209 3550 niddensi

337 3628 583 3688 Coniunctionem
607 3627 695 3685 etiam
719 3625 956 3702 solutionemque
980 3624 1169 3702 syllabarum,
1195 3644 1284 3705 quarn
1307 3626 1412 3685 Graeci
1435 3629 1550 3705 episyn-

248 3735 375 3815 alipham
394 3742 424 3795 et
443 3734 600 3793 diaeresim
619 3739 737 3812 vocant,
760 3730 812 3792 uhi
830 3747 953 3791 necesse
973 3738 1031 3811 est,
1054 3729 1163 3791 licitam
1183 3733 1260 3792 scire
1280 3733 1436 3792 metricum
1456 3732 1592 3811 010001,οο

338 3950 372 3999 29
392 3939 622 3999 Coniunctionem
641 3921 756 4006 4249,
777 3945 809 3993 16
828 3936 982 4008 spondeum
1003 3938 1125 4007 Pompei.
1145 3943 1210 4008 120,
1229 3945 1257 3996 2.
1281 3944 1346 4005 121,
1365 3944 1403 3996 24

249 4072 462 4082 —————

340 4148 352 4195 1
374 4142 418 4195 est
435 4136 527 4194 breuis
547 4136 597 4193 ςΡ
612 4137 641 4191 01
659 4134 752 4190 breuis
771 4132 832 4188 FL
922 4140 937 4187 6
959 4133 1074 4188 delicias
1094 4134 1123 4188 P
1139 4134 1253 4191 delitias
1272 4134 1304 4190 F
1319 4136 1432 4191 diuitias
1452 4137 1499 4193 eL

201 4226 204 4230 ’
250 4222 363 4292 concipe
384 4218 479 4274 FLP
496 4214 654 4284 eonspieel
718 4215 848 4287 Ssupra]
864 4232 894 4284 p.
909 4219 979 4280 232,
993 4219 1030 4270 21
1094 4217 1236 4286 ilprando
1255 4216 1452 4287 prohendendo
1472 4215 1503 4269 F

252 4309 285 4358 10
304 4303 352 4357 sed
370 4301 471 4369 ineope
490 4296 521 4350 F
602 4303 632 4351 11
653 4295 761 4366 syllaba
779 4297 824 4350 uel
842 4295 939 4350 littera
958 4294 1021 4348 FP
1037 4294 1133 4350 littera
1150 4295 1196 4351 uel
1215 4296 1324 4366 syllaba
1341 4297 1369 4353 L
1452 4302 1484 4349 13
1503 4314 1553 4350 nee

250 4384 324 4454 lota]
349 4382 427 4451 Verp.
451 4380 520 4434 Aen.
545 4377 571 4431 V
591 4382 647 4433 186
740 4382 772 4429 14
796 4375 895 4431 deinde
918 4379 949 4431 ta
971 4378 1065 4430 10111011
1082 4375 1117 4469 ,Ρ
1135 4374 1200 4430 inde
1223 4379 1254 4430 ta
1271 4378 1366 4430 tamen
1386 4377 1416 4429 F
1437 4376 1505 4431 item
1524 4380 1553 4431 to

504 4472 520 4499 V
1492 4472 1506 4497 V

250 4515 345 4569 10111011
363 4515 390 4567 L
451 4515 567 4569 1601110
586 4511 681 4566 carina
699 4511 728 4564 P
795 4516 826 4564 il
846 4509 1032 4582 Victorinum]
1051 4513 1084 4565 de
1101 4516 1154 4566 rat.
1173 4515 1247 4565 meir.
1262 4526 1292 4578 p.
1312 4514 1378 4576 213,
1397 4515 1434 4564 21
1490 4515 1554 4566 ente

251 4594 345 4648 carina
359 4593 428 4662 LP,
447 4613 464 4648 v
482 4595 515 4647 in
528 4593 555 4647 L
574 4593 662 4646 altera
681 4606 773 4645 manu
784 4593 977 4660 superscripto,
996 4595 1060 4648 tene
1078 4599 1111 4647 ut
1127 4594 1235 4647 videtur
1253 4591 1332 4658 (corr.
1352 4605 1404 4644 ene
1422 4592 1463 4646 vel
1481 4595 1554 4660 ente)

251 4672 346 4727 carina
365 4671 396 4725 F
449 4679 481 4727 19
500 4672 602 4743 iecere]
622 4671 713 4726 iacere
732 4670 763 4722 F
814 4670 938 4726 inomni
958 4679 1043 4728 —22
1063 4673 1278 4743 synaliphaom.
1299 4672 1325 4724 L
1380 4671 1556 4726 etintendit

251 4769 320 4807 corr.
340 4755 382 4807 at
400 4752 430 4805 F
513 4759 547 4806 26
566 4751 652 4820 pedes
670 4750 766 4806 dactil.
787 4752 816 4805 01
833 4750 930 4820 spond.
950 4751 1079 4821 improba
1096 4751 1178 4806 foeda
1196 4751 1227 4804 at
1244 4750 1327 4820 primi
1346 4752 1488 4821 sequentis
1507 4769 1556 4820 per

253 4831 429 4902 synalipham
448 4847 520 4900 quae
539 4831 619 4886 obice
637 4833 817 4900 prospectans
836 4831 931 4888 dactil.
951 4834 980 4887 01
998 4833 1095 4902 spond.
1114 4832 1141 4885 L
1213 4836 1247 4885 30
1265 4831 1373 4886 licitum
1395 4831 1422 4883 P
