3316 5474
172 393 239 459 476
417 417 426 435 ⁰
663 395 839 450 neveram
858 394 978 450 siesse

171 496 350 548 emme

278 600 378 661 quem
403 599 465 661 ego
489 580 668 642 tantillum
692 600 840 661 puerum
864 583 897 642 in
922 579 1083 641 manibus
1106 582 1246 659 gestavi
1271 584 1380 644 meis.

171 705 243 767 gero
266 689 321 749 hac
344 709 391 770 re,
416 688 499 768 Verg.
524 688 666 749 deuexit
690 688 786 762 (9214)
810 697 917 777 atque
941 688 1099 749 humeris
1122 689 1310 749 inimicum
1338 692 1496 769 insigne

170 796 350 875 gerebat.

261 903 383 964 Gratum
408 888 460 964 tibi
484 912 543 984 est,
567 903 626 963 Cic.
649 901 809 964 Hortensio
832 901 1055 982 Lucrrlloque
1084 911 1207 962 noster
1234 901 1430 964 adventus
1460 913 1494 965 et

170 1019 294 1089 gratus
322 1020 357 1071 et
384 1010 567 1071 iucundus
595 1011 726 1071 inisset
745 1058 752 1070 .
771 1017 888 1090 gratum
911 1008 1068 1071 adversum
1090 1018 1119 1070 te
1143 1027 1197 1089 pro
1221 1008 1291 1090 tibi,
1317 1008 1394 1071 Ter.
1414 1011 1517 1072 Anda

170 1118 307 1192 (11,15)
332 1117 364 1178 id
388 1130 527 1197 gratum
552 1118 664 1177 tuisse
688 1117 874 1178 adversum
897 1125 932 1177 te
956 1164 962 1176 .

259 1225 382 1285 Genitos
405 1224 446 1285 iiii
470 1227 513 1285 rei
537 1224 700 1298 faciendae,
724 1223 780 1284 Sal.
799 1224 867 1285 hist.
886 1223 925 1283 ΙΙΙ
949 1223 1152 1304 perdendae
1174 1225 1356 1303 pecuniae
1384 1228 1490 1306 geni-

170 1342 228 1393 tos
252 1381 258 1392 .
278 1334 397 1411 genitus
415 1331 465 1392 illo
483 1331 562 1412 loeo,
586 1330 670 1410 Verg.
685 1332 756 1392 Aen.
771 1330 824 1391 th
840 1331 939 1404 (708)
962 1332 1104 1410 genitos
1127 1330 1283 1390 diversis
1308 1332 1491 1410 partibus

170 1439 270 1500 orbis
294 1487 300 1499 .
324 1441 441 1519 genitus
464 1437 514 1499 iilo
538 1447 673 1519 parente,
697 1438 775 1499 idem
799 1438 870 1499 Aeo.
894 1436 930 1496 Vt
954 1437 1042 1511 (131)
1066 1436 1135 1497 diis
1158 1438 1272 1515 geniti
1297 1446 1489 1516 potuere.

259 1546 388 1607 Gratiam
412 1546 453 1606 illi
477 1548 610 1608 criminis
634 1546 722 1626 iaeio,
747 1544 854 1605 Salust.
873 1544 976 1605 tristor.
1000 1543 1039 1603 ΙΙΙ
1063 1552 1143 1624 post
1167 1544 1339 1616 reditum,
1353 1564 1488 1607 eornm
1504 1566 1528 1605 n

170 1653 300 1731 quibus
325 1662 474 1715 senatus
497 1653 584 1714 belli
606 1651 797 1732 Lepidiani
820 1654 973 1731 gratiam
997 1652 1134 1712 iecerat
1159 1699 1164 1710 .

258 1761 413 1821 Gratifieor
431 1760 509 1821 iiiam
529 1779 591 1820 rem
611 1758 678 1840 tibi,
702 1758 760 1819 Cic.
780 1758 816 1818 de
836 1777 897 1838 rep.
917 1758 929 1818 Ι
948 1757 1076 1830 (adddit)
1100 1757 1231 1837 populo
1255 1760 1487 1836 gratltieans

170 1877 204 1927 et
228 1849 342 1929 aliena
368 1866 665 1949 etsua,Sa1.lug.
691 1867 771 1939 (3‚3)
794 1867 864 1925 nisi
889 1865 981 1925 torte
1007 1881 1109 1942 quem
1137 1863 1330 1924 inhonesta
1360 1865 1486 1928 iibido

171 1983 284 2056 tenet,
306 1977 491 2056 potentiae
516 1992 712 2054 paucorum
737 1973 847 2033 decus
871 1981 976 2049 atque
1000 1969 1208 2030 libertatem
1232 1988 1330 2031 suam
1360 1977 1483 2052 grati·

169 2082 275 2140 ficari
300 2083 332 2155 ,Ι
1499 2099 1523 2138 rs

257 2187 373 2249 Gratiae
403 2189 477 2248 iacio
501 2190 612 2248 crimen
639 2205 749 2259 meum,
784 2184 841 2244 Sat.
866 2184 926 2263 ing.
951 2184 1076 2258 (loto)
1099 2183 1276 2244 Bocchum
1300 2190 1481 2264 qnoniam

170 2297 349 2372 poenitet,
373 2295 506 2355 delicta
529 2297 666 2373 gratiae
691 2295 810 2354 iacit.

258 2400 374 2461 Gnarus
389 2401 481 2482 iltius,
500 2399 557 2460 Sat.
573 2399 665 2459 tristi
686 2410 721 2460 et
742 2399 884 2460 ranmeri
907 2415 1029 2478 eorum
1048 2396 1215 2458 Metellus
1238 2417 1302 2478 per
1326 2399 1480 2463 litteras

169 2526 332 2586 gnarus.

258 2614 354 2673 Gemit
377 2621 522 2692 extrema,
552 2611 637 2691 Verg.
661 2614 731 2672 Aen.
756 2610 794 2670 Xt
819 2612 913 2684 (865)
942 2620 1047 2690 atquc
1076 2621 1232 2673 extrema
1261 2624 1520 2691 gementemau

258 2720 360 2780 Gravis
393 2720 457 2800 iiio,
494 2719 521 2780 id
555 2729 601 2779 est
633 2737 668 2778 ex
701 2717 750 2778 illo
783 2718 914 2799 gravida,
947 2717 1031 2796 Verg.
1065 2720 1134 2779 den.
1168 2719 1178 2778 Ι
1213 2719 1307 2789 (273)
1346 2724 1477 2801 regina

169 2827 337 2886 sacerdos
361 2826 470 2887 Marte
494 2828 613 2905 gravis
637 2873 643 2885 .
667 2827 764 2904 gravis
787 2825 841 2884 hae
865 2844 911 2899 re,
935 2823 1018 2903 Verg.
1043 2825 1113 2885 Aen.
1138 2824 1213 2885 vnn
1239 2827 1336 2898 (246)

346 2934 401 2994 tric
425 2936 527 2994 annis
551 2934 668 3011 gravis
692 2940 797 3009 atque
821 2933 928 2991 animi
952 2941 1112 2992 maturus
1136 2932 1258 2993 dictes
1282 2981 1288 2993 .

257 3041 357 3100 Genus
382 3040 470 3101 italus
494 3059 548 3120 pro
572 3057 694 3117 genere,
718 3036 802 3116 Verg.
827 3038 896 3097 Aen,
920 3036 943 3094 V
966 3038 1058 3111 (285)
1083 3040 1207 3099 Cressa
1235 3059 1362 3119 genus,
1392 3044 1474 3105 idem

169 3148 238 3207 den.
262 3146 326 3206 vm
351 3148 439 3219 (114)
464 3149 523 3226 qui
546 3143 698 3225 genus?
1490 3167 1517 3206 aa

258 3371 347 3427 codex
366 3372 512 3426 Parrhasii
555 3380 566 3426 l
591 3371 749 3441 tantillum]
777 3373 835 3424 tam
859 3369 939 3423 illum
1029 3370 1173 3440 tinsigne
1202 3373 1239 3426 be
1264 3372 1394 3442 gerebat,
1424 3376 1475 3431 sed

167 3453 251 3506 deleto
261 3454 355 3522 priore
369 3454 426 3508 loeo
439 3452 477 3506 ba
538 3450 692 3504 timendo
706 3467 790 3519 quem
803 3452 898 3504 noster
960 3448 1105 3520 diuinet]
1120 3449 1203 3505 fuisse
1269 3459 1301 3506 18
1320 3452 1473 3511 inhonesto

167 3535 255 3590 libido
338 3540 370 3587 16
390 3532 530 3586 Bacchum
553 3532 689 3601 optimum
714 3529 839 3600 poenitet
920 3534 952 3583 18
972 3527 1113 3582 Mottellua
1136 3545 1205 3587 corr.
1225 3529 1354 3586 Metellus
1437 3543 1473 3591 22

167 3614 258 3685 Vllll]
277 3612 342 3668 Vlll
414 3619 448 3666 24
467 3613 551 3668 Crosa

259 3834 271 3880 1
294 3844 378 3896 quem
397 3844 450 3896 ego
469 3827 552 3881 modo
571 3842 686 3896 puerum
705 3823 849 3878 tantillum
869 3823 896 3877 in
916 3823 1045 3878 manibus
1063 3825 1174 3893 gestavi
1192 3826 1261 3881 meis
1282 3827 1427 3884 Terentius

168 3914 184 3960 4
204 3907 321 3961 Lucullo
340 3908 452 3976 quidem
471 3910 565 3961 noster
585 3906 622 3960 M
639 3949 646 3961 .
665 3902 837 3973 Luculloque
860 3905 954 3957 nostro
978 3904 1078 3972 scripsi
1095 3905 1153 3958 ind.
1172 3906 1252 3960 schol.
1274 3909 1382 3962 Helen.
1403 3916 1472 3965 aest.

168 4007 192 4043 a.
205 3994 313 4057 18799.
326 3988 389 4056 XI,
407 3992 439 4040 nt
452 3988 533 4042 verbo
547 3989 777 4056 coniungerentur
789 4002 851 4040 cnm
868 3985 1021 4053 fragmento
1039 4001 1073 4037 ee
1090 3986 1177 4040 eodeni
1198 3986 1267 4041 tideo
1285 4005 1302 4040 o
1321 3988 1472 4044 scholiasta

167 4068 344 4123 Gronooiano
366 4070 397 4122 in
418 4068 472 4123 otc.
492 4070 523 4123 in
547 4069 622 4122 Verr.
642 4074 692 4122 act.
712 4082 762 4122 sec.
783 4066 804 4119 I
820 4069 904 4131 20,54
925 4082 953 4134 p.
973 4069 1027 4119 404
1045 4066 1085 4119 ed.
1106 4064 1152 4121 Or.
1172 4067 1269 4134 citato,
1291 4069 1364 4136 quod
1384 4070 1471 4125 Mod-

167 4151 257 4218 vieins
274 4150 344 4217 disp.
364 4149 396 4203 de
414 4150 514 4203 Adeon.
533 4150 649 4217 append.
669 4166 699 4217 p.
719 4155 756 4204 30
774 4146 939 4211 mandavit,
965 4162 1027 4200 cum
1050 4145 1080 4198 in
1103 4145 1200 4200 villam
1218 4147 1327 4201 Luculli
1352 4153 1471 4204 ventum

167 4235 241 4284 esset
260 4230 335 4284 omni
354 4230 493 4299 apparatu
511 4227 667 4282 venustatis
686 4231 826 4293 ornatam,
850 4226 1023 4295 anolloque
1048 4229 1144 4281 noster
1167 4226 1303 4281 adventus
1322 4231 1351 4283 et
1370 4232 1471 4298 grutere

167 4314 197 4364 et
213 4309 348 4365 iucundus
367 4310 467 4366 fuisset
485 4332 492 4364 τ
511 4312 545 4377 cs.
562 4311 617 4365 Cic.
633 4311 666 4364 de
683 4326 738 4379 rep.
755 4310 776 4361 I
788 4314 872 4374 12,18
944 4314 960 4361 δ
979 4307 1116 4360 ineundus
1136 4305 1235 4360 fuisset
1253 4325 1285 4361 en
1304 4323 1360 4363 nno
1378 4311 1473 4367 codice

173 4391 307 4445 Vaticano
326 4390 425 4445 Maian
442 4392 475 4445 in
492 4392 608 4446 editione
626 4389 754 4444 Romano
835 4396 850 4444 '1
870 4386 927 4442 Sal.
947 4387 1010 4441 hist
1030 4387 1082 4456 ΙΙΙ]
1106 4387 1186 4441 schot.
1210 4388 1242 4440 in
1261 4387 1316 4441 Cic.
1335 4390 1367 4442 in
1391 4388 1470 4448 Vm.

167 4476 218 4524 oet.
237 4486 286 4524 see.
307 4471 328 4522 Ι
344 4475 431 4535 23,60
445 4486 474 4539 p.
496 4474 550 4522 17⁶
568 4470 607 4524 ed.
629 4470 676 4525 Or.
769 4476 800 4523 13
820 4468 967 4522 inhonesto
985 4468 1015 4521 et
1037 4466 1193 4535 perniciose
1210 4466 1298 4522 libido
1318 4469 1472 4525 Sallenites

217 4556 250 4603 16
268 4552 384 4617 fortasse
401 4549 508 4620 gratioe
527 4548 597 4603 feeit
614 4547 717 4603 crimen
742 4564 846 4616 meum,
873 4546 928 4602 Sal.
949 4547 1007 4615 lug.
1027 4545 1144 4613 Bocchi,
1173 4547 1304 4616 quoniam
1333 4548 1471 4619 poenitet,

167 4629 270 4682 delicta
296 4629 405 4698 gratioe
432 4628 503 4683 facit
599 4631 723 4683 ceterum
751 4628 873 4695 Boccho,
901 4626 1031 4696 quoniam
1057 4626 1195 4695 poenitet,
1223 4626 1319 4681 delicti
1346 4630 1471 4697 gratiam

167 4707 236 4762 iacit
253 4709 357 4763 codices
375 4709 504 4763 Sallustii
586 4716 617 4763 18
637 4713 666 4763 et
688 4708 807 4778 numeri]
832 4708 939 4762 itineris
958 4706 1057 4762 Genio
1076 4707 1174 4761 addito
1192 4708 1368 4762 adnotatione
1384 4726 1411 4777 p.
1434 4715 1472 4763 40

166 4787 205 4840 ed,
222 4787 347 4852 itenere,
367 4789 420 4842 ‘ita
434 4791 465 4841 in
482 4803 538 4842 neo
552 4788 693 4842 Anniano
712 4793 763 4853 eet,
780 4789 852 4855 qnod
869 4789 904 4842 ob
923 4789 988 4843 otiis
1006 4789 1059 4856 legi
1076 4782 1155 4843 tideo
1174 4790 1203 4842 et
1220 4787 1343 4841 muneris
1362 4803 1471 4859 corum,

166 4867 235 4921 rnoie
254 4908 259 4920 .
280 4867 387 4921 Mesena
404 4869 436 4921 in
453 4867 601 4921 elocutione
617 4885 721 4936 guarna
740 4866 828 4921 iiliue'
