3316 5474
305 359 349 422 62
848 353 1079 410 vanucouor

307 467 329 504 p.
344 454 397 497 2225
411 455 436 494 P.

909 548 1016 618 atque
1040 556 1235 599 accurrere
1258 538 1399 599 scribas

468 647 534 708 dne
558 665 600 708 an
623 666 653 727 c,
677 665 745 706 non
769 646 940 724 estquod
964 663 1117 723 quaeras
1140 653 1245 723 atque
1269 644 1422 706 labores.

308 752 356 813 ille
375 753 499 832 quidem
514 773 573 815 non
593 755 707 834 putavit
725 755 869 812 interesse
889 754 1068 832 scripturae,
1092 749 1144 810 sed
1163 752 1190 810 si
1208 769 1300 812 sonus
1320 750 1495 826 consulitur,
1518 753 1612 812 inter·

309 867 355 919 est
378 862 495 921 aurium
513 869 548 921 ut
570 879 588 921 c
609 861 709 941 potius
732 876 820 936 quam
844 858 861 918 d
886 857 1042 918 scribatur.
1088 865 1118 917 at
1140 854 1288 936 siquissin
1311 857 1358 919 his
1385 865 1509 937 quaerat
1533 859 1613 918 roci-

310 964 382 1044 hus,
406 985 481 1046 quae
505 968 653 1045 incipiunt
674 984 690 1025 a
714 965 811 1026 littera
834 973 859 1045 t,
883 967 989 1025 merito
1012 963 1216 1024 indifferenter
1243 964 1416 1026 scribuntur
1438 966 1546 1025 attinet
1567 972 1639 1025 at·s

311 1080 413 1133 tentus
432 1081 462 1133 et
480 1072 593 1133 adtinet
612 1072 760 1154 adtentus,
782 1073 921 1150 quoniam
940 1069 1080 1131 utralibet
1097 1070 1195 1130 littera
1215 1073 1324 1150 scripta
1344 1069 1471 1132 eundern
1490 1070 1616 1132 auribus

309 1196 415 1238 sonum
444 1177 580 1239 reddunt.
627 1197 682 1239 nec
710 1180 811 1239 minus
838 1196 870 1237 ea
899 1195 973 1255 quae
997 1195 1055 1255 ag
1085 1176 1181 1236 littera
1209 1178 1356 1256 incipiunt
1382 1180 1496 1238 variant
1523 1178 1616 1239 huius

307 1285 538 1363 praepositionis
565 1287 808 1345 enuntiationem.
854 1302 922 1346 nam
949 1282 1099 1344 interdum
1127 1282 1198 1343 elisa
1224 1283 1242 1343 d
1270 1282 1369 1344 littera
1391 1303 1411 1364 g
1436 1286 1615 1366 geminatur,

308 1398 343 1450 ut
365 1399 492 1469 aggerat.
539 1399 585 1451 est
608 1394 696 1452 etiam
720 1390 770 1451 ubi
793 1409 915 1451 necesse
941 1397 987 1451 est
1008 1388 1084 1449 hanc
1107 1388 1126 1447 d
1149 1388 1278 1449 litteram
1303 1391 1426 1450 interire
1453 1389 1534 1451 nulla
1557 1389 1614 1451 alia

308 1494 482 1576 substituta,
513 1506 546 1558 ut
574 1500 604 1558 in
633 1517 668 1558 eo
699 1497 777 1575 quod
808 1505 854 1557 est
883 1498 993 1575 aspicio
1024 1493 1159 1557 ascendo.
1205 1502 1235 1554 at
1266 1493 1446 1575 ubicumque
1474 1502 1487 1555 t
1513 1495 1656 1557 litteram

307 1601 449 1663 scribitur
473 1621 528 1663 nec
553 1606 582 1663 in
610 1606 753 1664 unitatem
777 1605 857 1663 venit
879 1621 947 1663 cnm
971 1601 1026 1661 alia
1048 1609 1133 1680 parte
1156 1602 1312 1680 orationis,
1340 1602 1403 1661 sine
1426 1600 1613 1663 dubitatione

306 1710 401 1769 vicem
429 1709 551 1771 alterius
583 1713 676 1790 partis
704 1712 846 1770 orationis
873 1706 1016 1787 ostendit,
1043 1714 1074 1767 et
1096 1714 1143 1766 est
1170 1708 1340 1769 coniunctio
1366 1705 1543 1768 disiunctira
1573 1714 1614 1789 at,

306 1822 340 1874 ut
362 1813 483 1876 Persius

466 1930 499 1982 at
522 1930 554 1982 te
579 1923 771 1982 nocturnis
795 1922 893 1981 iuvat
915 1917 1169 1997 impallescere
1192 1919 1342 1983 chartis

309 2025 388 2103 quod
413 2028 438 2086 si
462 2029 519 2086 crit
541 2047 595 2107 per
619 2032 641 2089 d
667 2030 811 2106 scriptum
839 2024 888 2106 ad,
917 2043 975 2085 non
1004 2032 1117 2085 tantum
1146 2025 1354 2106 orthographia
1381 2025 1531 2109 peccabit,
1558 2027 1612 2088 sed
1627 2042 1654 2086 ιι

309 2133 397 2192 etiam
420 2132 594 2211 significatio
617 2134 737 2196 errabit.
774 2142 820 2194 est
843 2135 931 2193 etiarn
956 2130 1005 2191 ubi
1030 2139 1161 2192 transcat
1184 2132 1202 2192 d
1227 2135 1256 2193 in
1280 2132 1299 2213 l,
1321 2135 1347 2193 si
1370 2132 1406 2193 ab
1429 2132 1484 2195 hac
1507 2133 1612 2195 eadem

307 2236 405 2298 littera
429 2257 483 2298 vox
507 2258 636 2318 sequens
659 2243 794 2322 incipiat,
822 2247 856 2300 ut
880 2246 926 2298 est
948 2236 1081 2316 allignre,
1108 2256 1163 2298 nec
1187 2257 1304 2318 semper
1332 2249 1444 2321 tamem
1470 2243 1612 2320 quoniam

307 2343 433 2404 dicimus
461 2344 581 2406 adluere
605 2355 635 2406 et
657 2347 776 2426 adloqui
799 2354 829 2406 et
852 2343 954 2405 adlabi.
1001 2341 1133 2404 abbitere
1163 2348 1251 2405 etiam
1279 2346 1398 2425 quidam
1420 2349 1569 2426 geminata
1592 2346 1612 2409 b

394 2569 486 2625 donee
504 2569 651 2623 Parrhasii
705 2571 842 2625 lscribes
935 2575 1006 2622 tan
1025 2567 1052 2638 c]
1073 2567 1152 2621 auT
1240 2570 1326 2641 quod]
1350 2573 1420 2640 quot
1510 2570 1611 2643 atque]

306 2665 394 2717 aeque
478 2656 495 2704 4
513 2652 546 2703 ιιι
563 2649 586 2701 Τ
605 2649 699 2717 potius
763 2650 803 2719 at]
824 2651 856 2702 ut
927 2655 943 2702 ι
961 2647 1100 2702 scribatur
1118 2647 1238 2702 attineat
1255 2651 1380 2705 attentus
1398 2651 1524 2707 attentas
1542 2671 1612 2722 quo·

306 2729 383 2782 niam
436 2736 452 2784 8
471 2729 684 2799 praepositionis
699 2728 931 2799 enuntiationem]
946 2727 1147 2783 enuntiationis
1161 2730 1397 2799 praepositionem
1451 2739 1467 2787 9
1487 2732 1610 2802 dposte-

303 2861 377 2914 riorc
394 2861 451 2915 loeo
469 2878 519 2918 orn.
539 2862 574 2929 0,
593 2864 690 2918 addc
754 2869 786 2917 10
805 2863 846 2932 at]
866 2822 896 2927 cit
915 2861 948 2916 0:
967 2879 985 2916 a
1003 2879 1170 2931 supermae
1234 2871 1266 2918 12
1286 2862 1512 2919 disiunctiuaita
1524 2868 1559 2920 ut

306 2945 339 2993 14
358 2939 575 3009 inpallescere·
615 2949 647 2995 15
665 2943 746 3013 perd
766 2943 912 3063 scripptum]
932 2942 1117 3012 perscriptum
1189 2961 1244 2998 non
1258 2944 1381 3015 tantum]
1401 2945 1557 3000 notandum

307 3072 435 3143 peccauit
512 3078 545 3126 10
565 3075 670 3129 errauit
740 3076 801 3147 ubi]
822 3035 864 3143 iiii
878 3074 911 3129 (ιι
931 3073 978 3127 ubi
997 3088 1163 3142 superenne
1239 3082 1271 3130 17
1291 3093 1400 3145 semper
1418 3078 1441 3132 T
1458 3079 1556 3133 hmen

308 3158 340 3207 18
359 3152 465 3223 adlabi]
486 3152 581 3208 adlaui
653 3154 792 3227 abbitere]
812 3155 909 3210 abbiro

307 3290 520 3299 ——--...—-.

394 3374 406 3420 1
427 3369 512 3436 utque
532 3382 675 3424 accurrere
694 3372 798 3425 scribas
819 3369 932 3424 conbeit
950 3367 986 3422 F.
1006 3367 1105 3421 Donec
1123 3368 1214 3423 Lucil.
1231 3374 1283 3423 eat.
1301 3371 1348 3424 rel.
1364 3386 1394 3438 p.
1413 3375 1461 3439 44,
1480 3371 1609 3442 accipere

303 3448 388 3515 atque
412 3463 555 3501 accurrere
578 3448 684 3503 scribas
707 3449 875 3503 Schmidtias
896 3446 986 3503 Lsecel.
1010 3452 1061 3501 sat.
1082 3447 1100 3503 l.
1120 3448 1172 3500 IX
1194 3450 1334 3513 (Berolins'
1351 3454 1437 3519 1840)
1451 3468 1481 3519 p.
1501 3456 1537 3505 14

306 3532 322 3579 2
342 3526 402 3581 Dne
416 3543 452 3580 an
466 3527 489 3580 T
504 3543 558 3581 non
573 3529 617 3581 est
630 3527 670 3594 R,
690 3525 750 3582 Dne
765 3545 800 3581 an
815 3528 835 3582 d
850 3544 906 3581 non
925 3529 969 3580 est
983 3527 1163 3583 commoliunt
1181 3534 1206 3582 et
1224 3529 1323 3585 Densa
1394 3530 1470 3599 quod
1488 3547 1608 3600 quaeras

306 3605 381 3659 seire
399 3605 510 3660 labores
530 3607 682 3661 Metelloaue
699 3607 789 3662 Iacui.
808 3613 859 3661 sut.
878 3608 925 3661 rel.
942 3624 971 3674 p.
986 3611 1023 3660 47
1072 3612 1088 3659 3
1108 3607 1158 3661 sed
1175 3607 1283 3662 scilicet
1301 3609 1325 3663 si
1343 3625 1425 3664 sonus
1444 3612 1608 3681 consulitur,

305 3684 422 3738 interest
440 3685 561 3752 aurium,
579 3688 612 3739 ut
627 3685 650 3738 Τ
668 3685 761 3754 polius
781 3687 904 3754 quamD
924 3685 1070 3743 scribatur.
1104 3687 1184 3741 Vtsi
1203 3688 1266 3756 quis
1284 3688 1313 3742 in
1331 3687 1376 3742 his
1395 3693 1514 3758 quaerat
1531 3692 1607 3748 voci·

303 3761 368 3829 bus,
395 3780 467 3831 quae
490 3764 628 3835 incipiunt
646 3782 663 3820 a
684 3766 781 3820 littera
799 3767 822 3819 'P
841 3765 942 3820 merito
966 3764 1157 3820 indifferenter
1175 3764 1298 3820 scribant
1317 3766 1449 3835 attineat,
1473 3771 1607 3840 attentus,

302 3845 438 3910 attentas,
458 3846 590 3912 quoniam
609 3845 637 3898 R
717 3846 766 3900 sed
785 3846 821 3917 si]
840 3845 888 3900 sed
907 3864 936 3900 a.
956 3844 980 3898 si
999 3846 1081 3898 eodan
1105 3844 1201 3899 Vrsini
1281 3852 1298 3900 4
1325 3848 1357 3900 nt
1375 3863 1390 3901 c
1409 3847 1607 3919 potiusquam

302 3923 320 3977 d
341 3921 520 3978 emmelinae
591 3928 622 3980 at
633 3925 663 3999 si
682 3924 744 3994 quis
763 3925 943 3978 Schneiderus
961 3925 978 3978 l.
993 3940 1014 3977 c.
1029 3940 1059 3993 p.
1076 3929 1133 3979 632
1206 3931 1222 3978 ὅ
1240 3924 1432 3981 indifferenter
1450 3927 1608 3984 scribantur

304 4002 431 4057 adtineat
451 4002 572 4059 attineat
589 4003 720 4057 adtentus
739 4006 863 4058 attentus
881 4004 1061 4057 Schneideras
1138 4009 1153 4057 '1
1173 4004 1285 4059 variant
1301 4004 1461 4061 huiusmodi
1479 4008 1606 4063 enuntia·

302 4081 388 4137 tionis
406 4083 650 4153 praepositionem.
678 4083 730 4137 Est
747 4085 831 4137 etiam
850 4083 899 4136 ubi
917 4100 1028 4138 necesse
1042 4085 1086 4138 est
1102 4083 1130 4138 Il
1186 4092 1219 4139 10
1237 4086 1268 4138 at
1286 4091 1370 4139 -14
1388 4085 1494 4141 chartis
1512 4086 1607 4142 Veliae

302 4162 415 4232 Lonpm
429 4165 506 4231 apted
521 4163 724 4218 Cassiodorinm
738 4168 870 4231 112287.
893 4163 927 4231 cf.
940 4181 969 4231 p.
981 4171 1026 4234 69,
1036 4168 1075 4220 20
1149 4170 1180 4217 12
1200 4162 1370 4217 disiunctiua
1386 4163 1429 4220 ita
1446 4168 1478 4220 ut
1495 4165 1605 4221 Persius

302 4243 342 4296 Ac
361 4244 411 4311 (ht
429 4242 457 4296 R
474 4243 506 4296 in
524 4247 604 4313 corr.)
623 4246 652 4299 te
671 4243 711 4297 R:
733 4243 809 4298 Pers.
828 4248 879 4299 set.
899 4249 925 4308 5,
943 4250 982 4300 62
1074 4250 1107 4297 15
1128 4241 1248 4308 Quodsi
1267 4242 1322 4296 em't
1337 4244 1542 4313 praescriptum
1560 4246 1604 4315 ad,

301 4338 355 4376 non
374 4324 483 4377 tantum
502 4324 703 4394 orthographia
720 4322 862 4393 peccauit,
881 4323 929 4377 sed
948 4323 1033 4379 etiam
1053 4322 1217 4392 significatio
1237 4322 1341 4376 errauit
1358 4323 1387 4376 B
1459 4331 1492 4379 17
1512 4328 1544 4380 ut
1562 4328 1605 4381 est

301 4401 416 4471 ailigere
435 4402 476 4471 R,
495 4407 527 4459 ut
546 4408 588 4461 est
606 4405 728 4474 allegere
747 4404 859 4457 Iunius.
888 4402 975 4473 alligo
994 4404 1048 4459 duo
1066 4405 1076 4457 l
1096 4404 1276 4473 Papirianae
1305 4402 1339 4469 cs.
1359 4401 1456 4460 Socer.
1471 4421 1502 4473 p.
1517 4410 1603 4471 26,7

301 4479 430 4537 similiter
448 4484 512 4552 lego
531 4485 617 4555 alligo
637 4483 740 4553 colligo
758 4481 863 4551 pelligo
949 4490 981 4538 18
1001 4485 1116 4555 adloqui
1135 4487 1165 4540 et
1182 4483 1251 4538 alibi
1269 4483 1309 4551 ll,
1328 4483 1442 4553 adloqui
1461 4487 1490 4540 et
1508 4485 1604 4540 adlabi

301 4561 481 4618 Commelinus
544 4564 648 4620 Abbire
668 4564 752 4618 etiam
772 4562 886 4631 quidam
905 4563 1048 4632 geminata
1065 4565 1083 4618 b
1103 4565 1261 4619 maluerunt
1279 4567 1308 4619 et
1326 4563 1418 4618 dicere
1431 4565 1461 4619 et
1473 4565 1603 4634 scribere,

299 4643 333 4695 ut
349 4641 507 4697 intermissa
525 4643 549 4695 D
569 4646 598 4698 et
615 4643 645 4698 in
663 4644 717 4698 hoc
734 4642 840 4696 nullam
859 4643 1047 4698 differentiam
1065 4646 1149 4711 putat
1166 4661 1225 4699 esse
1244 4643 1382 4712 Lucilius,
1401 4644 1449 4713 qui
1468 4643 1523 4713 ait,
1546 4645 1603 4700 Ab·

301 4719 359 4773 bire
382 4737 437 4775 non
458 4723 579 4777 multum
598 4725 642 4778 est
660 4723 679 4775 d
702 4721 726 4775 si
749 4724 778 4776 et
796 4724 868 4778 aab
891 4724 986 4779 habet.
1019 4723 1060 4778 Ex
1084 4723 1253 4796 praepositio
1273 4722 1360 4777 habet
1377 4723 1602 4780 obseruationem

298 4801 333 4857 R.
362 4801 488 4857 abbitere
506 4805 625 4857 restitnit
643 4803 822 4856 Seleucida-rus
840 4803 857 4858 l.
878 4819 899 4858 c.
915 4820 945 4872 p.
960 4805 1017 4858 633
1051 4840 1054 4848 -
