3316 5474
498 1113 546 1228 (l.
584 1112 885 1223 ΤΕΕΕΝΤΠ
921 1112 1140 1224 solvar

357 1350 466 1447 DE
523 1349 1272 1448 ORTHOGRAPHIA

711 1631 715 1636 ,
762 1559 872 1614 urana

621 1712 624 1716 ’
653 1707 672 1748 *
807 1707 825 1748 *
960 1707 979 1748 ³t=

164 1795 185 1831 p.
201 1784 305 1824 aras-51
321 1784 345 1822 P.

254 1867 409 1928 Scribendi
433 1877 531 1928 autem
555 1871 630 1929 ratio
658 1878 797 1948 quattuor
821 1869 915 1929 modis
939 1870 1071 1950 vitiatur,
1099 1889 1153 1949 per
1176 1870 1386 1948 adlectionem,
1415 1869 1464 1929 de·

165 1976 355 2050 tractionem,
377 1976 617 2056 inmutationem,
635 1975 836 2035 adnexiouem.
869 1995 923 2054 per
942 1975 1152 2056 adiectionem,
1175 1986 1208 2037 ut
1226 1994 1295 2036 eum
1315 1975 1466 2053 querelam

163 2099 219 2160 per
242 2080 301 2140 duo
324 2080 334 2140 l
356 2080 506 2160 scribunt,
534 2101 603 2142 enm
626 2082 769 2160 querulus
793 2083 845 2162 sit,
875 2100 934 2141 non
959 2082 1121 2160 querullos.
1167 2101 1222 2161 per
1245 2082 1468 2163 detractionem,

163 2196 199 2246 ut
225 2188 319 2262 euml
339 2187 451 2248 haedos
479 2190 542 2248 sine
572 2190 748 2267 aspiratione
777 2187 932 2268 scribitur,
965 2207 1033 2249 cum
1061 2187 1169 2267 alioqui
1198 2207 1266 2249 cum
1294 2206 1327 2249 ea
1355 2187 1470 2268 debeat,

136 2295 304 2372 aquoniam
328 2293 404 2373 apud
428 2297 568 2374 antiquos
591 2292 693 2354 laedas
717 2296 756 2354 sit
779 2294 893 2375 dirtos,
916 2304 946 2355 et
968 2294 1020 2355 ubi
1045 2294 1085 2355 llli
1109 2295 1123 2354 l
1142 2294 1271 2354 litteram
1294 2303 1468 2375 posueruut,

166 2419 223 2461 nos
246 2401 265 2460 h
289 2400 510 2483 substituimus,
534 2410 568 2462 ut
596 2400 674 2479 quod
702 2399 744 2460 illi
773 2399 908 2461 fordeum
936 2401 1088 2481 dicebant,
1117 2419 1171 2461 nos
1195 2399 1353 2480 hordeum,
1380 2401 1467 2461 lario-

165 2507 227 2568 lum
242 2526 331 2587 quem
351 2527 405 2569 nos
423 2509 584 2589 hariolum,
608 2507 744 2568 simihter
763 2506 880 2567 laedum
899 2526 988 2586 quem
1008 2526 1087 2568 nunc
1108 2526 1161 2567 nos
1184 2507 1310 2568 haedum
1334 2508 1469 2568 diolmus

163 2633 220 2694 per
247 2617 488 2695 inmutationem,
516 2623 549 2676 ut
573 2633 640 2674 eum
665 2622 694 2673 at
722 2615 961 2673 coniunctionem
981 2612 986 2688 1
1007 2632 1060 2693 per
1083 2614 1101 2672 d
1126 2613 1260 2673 scribunt
1283 2624 1313 2674 et
1335 2613 1469 2696 eandem,

164 2724 304 2799 quotiens
327 2725 507 2802 praepositio
530 2724 582 2802 sit,
604 2739 658 2800 per
683 2729 710 2801 t,
733 2739 801 2780 cum
824 2719 933 2799 alioqui
957 2740 973 2781 e
997 2723 1146 2782 contrario
1169 2719 1275 2782 debeat
1297 2722 1370 2781 lieri,
1412 2739 1467 2800 per

255 2893 395 2949 thaedus
410 2912 440 2963 p.
460 2899 504 2961 13,
523 2900 550 2949 8.
569 2897 617 2958 23,
636 2896 673 2946 18

253 3055 282 3107 Β
301 3055 384 3108 codex
401 3053 550 3106 Remmia
569 3057 625 3107 330

290 3134 442 3188 betuadem
460 3132 561 3186 codicis
580 3139 713 3188 emreetor

256 3215 285 3267 P
300 3215 384 3268 codex
404 3213 555 3266 Palatinus
572 3217 643 3266 1741

254 3315 276 3347 ω
295 3295 378 3346 editr‘o
392 3292 560 3345 Basilemor's
578 3310 603 3345 a.
623 3298 699 3348 1527

253 3373 391 3428 INCIPIT
409 3371 520 3426 LIBER
538 3371 713 3426 ΤΕΒΕΝΤΠ
734 3371 865 3426 senoni
885 3371 933 3424 DII
953 3371 1214 3429 ouroduarffla
1228 3374 1256 3427 B
1281 3373 1385 3442 Incipit
1397 3373 1469 3428 liber

164 3453 302 3510 Torrentii
327 3452 424 3507 Scauri
449 3453 484 3506 do
507 3453 668 3522 ortograuia
691 3457 769 3522 (corr.
795 3453 1005 3522 orthographia)
1031 3454 1058 3506 P
1079 3453 1110 3519 Q.
1137 3453 1313 3509 ΤΕΒΕΝΤΙΙ
1338 3452 1469 3507 servat

164 3535 213 3590 DE
240 3532 528 3588 ORTHOGRAPHIA
557 3532 607 3586 AD
635 3533 811 3587 THESEVM
839 3553 869 3588 ω,
913 3531 1104 3587 INCIPIUNT
1132 3534 1252 3589 PAUCA
1280 3533 1330 3587 ΕΧ
1358 3531 1467 3586 LIBRO

164 3612 394 3668 TERENTIANI
420 3611 550 3666 SCAURI
576 3611 770 3668 EXCERPTA
795 3612 844 3666 DE
870 3611 1106 3667 ORTOGRAI'IA
1132 3614 1289 3684 Ortografia
1313 3613 1400 3682 igitur
1426 3614 1469 3666 ost

163 3692 237 3748 ratio
254 3693 284 3746 in
303 3692 419 3761 syllabis
436 3694 512 3746 recte
531 3692 676 3747 sonbendi.
705 3691 844 3745 scribendi
866 3695 961 3747 autem
984 3694 1057 3748 ratio
1081 3696 1215 3762 quattuor
1238 3694 1328 3748 modis
1352 3692 1469 3746 uitiatur

163 3775 247 3828 codex
257 3772 520 3841 Sunpulleaeiettlh,
536 3771 583 3824 ΒΕ
600 3771 888 3826 onTHOGaAPffla
902 3772 1073 3826 TERENTE
1091 3773 1200 3828 SCauro
1215 3774 1314 3842 (ITEM
1330 3772 1468 3826 0ItTHO·

164 3853 330 3907 GRAPHIA
349 3850 521 3904 ΤΕΒΕΝΤΕ
540 3850 643 3905 Scauro
661 3853 718 3906 eod.
739 3851 890 3920 Sanperm.)
911 3850 1118 3922 orthographia
1135 3852 1222 3923 igitur
1240 3856 1284 3908 est
1301 3853 1374 3907 ratio
1393 3854 1468 3906 reete

163 3932 280 4002 syllabis
299 3930 447 3986 scribendi.
476 3930 614 3984 scribendi
633 3934 728 3987 autem
747 3932 819 3987 ratio
839 3933 972 4001 quattuor
986 3932 1077 3986 modis
1095 3932 1213 3987 uitiatur
1231 3935 1314 3988 codas
1328 3933 1470 3987 Emmera-

162 4029 225 4067 mas
243 4018 302 4067 252
321 4018 345 4065 et
365 4011 609 4079 Soupermamnstb
622 4017 696 4066 1180
770 4018 782 4065 1
803 4010 944 4066 uinciatur
961 4027 1030 4066 corr.
1044 4011 1162 4067 uitiatur
1179 4015 1206 4066 Β
1279 4020 1295 4067 2
1314 4014 1469 4081 querellam

164 4096 245 4160 (corr.
260 4091 355 4157 olam)
373 4107 424 4158 per
442 4089 497 4143 duo
515 4089 538 4142 ll
557 4090 682 4147 scribunt
700 4109 764 4146 eum
783 4091 926 4160 querullus
945 4092 1024 4157 (corr.
1039 4092 1125 4161 ulus)
1144 4093 1182 4148 sit
1199 4094 1227 4147 Β
1247 4094 1401 4163 querellam
1419 4109 1470 4162 per

162 4173 220 4227 duo
243 4171 254 4225 l
276 4170 402 4226 scribunt
424 4168 556 4238 quoniam
580 4173 676 4239 (quum
699 4175 732 4239 ω)
756 4171 887 4240 querulus
910 4170 947 4225 sit
966 4171 1019 4224 Po
1092 4178 1109 4225 4
1132 4175 1165 4226 ut
1182 4179 1246 4241 post
1265 4173 1469 4227 detractionem

163 4270 215 4307 om,
234 4251 322 4305 BPru
424 4250 513 4305 hedos
531 4250 594 4304 BP
616 4252 701 4306 oedus
720 4273 742 4305 ω
838 4269 900 4306 oum
924 4249 1023 4305 eadem
1044 4257 1170 4321 sarapta
1188 4252 1307 4306 Euomer.
1326 4251 1468 4320 Sanperm.

170 4332 245 4387 Voss.
283 4338 299 4385 5
314 4331 411 4386 faedus
425 4337 551 4400 excerpta
560 4331 701 4401 Sonperm.
712 4338 737 4386 et
752 4332 837 4399 Voss,
850 4332 949 4387 foedus
962 4330 1016 4383 Βω
1031 4337 1056 4385 et
1068 4336 1194 4398 exeewtu
1203 4330 1331 4395 Enrrner,
1346 4329 1426 4384 ledus
1441 4331 1470 4383 P

207 4419 224 4466 6
243 4429 294 4466 nos
312 4415 408 4467 autem
426 4413 444 4466 h
464 4413 517 4466 Pu
590 4412 790 4466 substituemus
809 4418 936 4480 exempta
953 4412 1071 4466 Emmer.
1091 4417 1116 4464 et
1134 4412 1274 4479 Sunperm.
1348 4416 1363 4463 't
1384 4427 1468 4480 quem

161 4492 208 4547 illi
230 4490 362 4546 feriolum
384 4508 434 4545 uos
457 4491 596 4546 barlolum
619 4491 744 4547 dieamus
762 4498 888 4561 excerpta
907 4492 1050 4546 Vossiuna.
1078 4492 1177 4544 rectius
1196 4494 1254 4543 erat
1272 4490 1305 4544 ut
1327 4490 1402 4559 quod
1425 4490 1468 4545 illi

160 4571 291 4626 fordeum
310 4571 440 4627 dicebant
457 4590 508 4627 uos
527 4571 671 4640 hordeum,
689 4588 774 4640 quem
792 4571 834 4626 illi
852 4571 983 4627 feriolum
1002 4587 1052 4625 nos
1071 4569 1218 4636 hariolum,
1239 4570 1369 4625 simililer
1385 4587 1468 4641 quem

162 4653 208 4709 illi
225 4651 338 4707 foedum
357 4669 407 4706 uos
425 4652 547 4706 haedum
566 4649 698 4706 dicimus:
717 4652 857 4720 efip.13,
874 4658 911 4706 10
973 4649 1125 4720 hariolum]
1145 4649 1263 4704 ariolum
1282 4650 1310 4703 B
1373 4650 1468 4723 sedum

162 4736 291 4802 excerpta
314 4731 467 4800 Saaperm,
491 4731 585 4787 fedum
607 4732 636 4784 P
656 4732 770 4787 foedum
788 4733 844 4784 Βω
916 4747 989 4786 nunc
1008 4746 1057 4786 om.
1076 4729 1116 4796 Β,
1136 4731 1200 4784 add.
1221 4731 1275 4783 Pu
1300 4735 1325 4784 et
1342 4735 1468 4799 exceptu

162 4812 305 4882 Suaqerm.
325 4810 443 4865 Demea
516 4810 619 4865 hedum
638 4811 699 4865 BP
715 4817 740 4866 et
758 4817 885 4880 excerpta
903 4811 1054 4882 Sanperm„
1073 4811 1194 4865 hoedum
1214 4831 1235 4864 ω
1455 4818 1458 4825 ’
