3316 5474
569 295 576 307 ’
601 327 649 381 nu
670 326 959 385 onrnocnururu

127 438 148 474 r.
163 430 256 469 saraa
269 430 296 469 r.

210 514 330 590 Turtur
354 523 383 575 et
407 513 568 575 masculino
591 532 701 593 genere
725 523 755 575 et
779 515 920 575 leminino
944 516 1103 594 profertur.

216 621 303 681 Tuno
325 624 466 700 temporis
489 621 661 682 adverbium
685 630 745 702 est,
768 632 830 683 tum
855 622 976 682 ordinis.
998 617 1002 700 Ι

215 728 309 806 Terga
338 728 492 788 hominum
520 738 589 788 sunt
619 736 747 809 mutum,
781 729 970 808 singulariter
1002 736 1133 809 tergum;
1166 740 1268 808 tergus
1303 731 1429 809 quadru-
1516 790 1522 797 .

125 835 247 914 pedum,
271 834 519 914 pluraliter·lacit
543 845 674 915 tergora,
698 835 726 894 id
751 843 797 895 est
820 837 908 894 coria.
998 894 1003 901 .

96 956 109 993 ⁵
215 942 363 1020 Tinguere
388 940 560 1021 dicendum,
584 960 643 1002 non
667 943 790 1020 tingere.

215 1048 379 1108 Temeritas
403 1050 465 1108 sine
491 1047 627 1129 consilio,
650 1049 771 1108 audacia
795 1059 862 1128 post
885 1050 1051 1110 consilium.

213 1156 420 1235 Temperantia
443 1156 624 1233 animorum,
648 1157 822 1234 temperatio
846 1174 961 1236 rernm,
985 1159 1146 1236 temperies
1170 1176 1317 1220 aurarum.

213 1262 323 1342 Tapete
348 1265 455 1342 tapetis
480 1263 569 1341 tapeti
589 1280 605 1321 a
623 1264 715 1341 tapeti
738 1272 768 1322 et
790 1261 944 1342 pluraliter
968 1266 1076 1341 tapetia
1101 1266 1242 1343 tapetium
1267 1266 1430 1344 tapetibus:

123 1368 268 1448 Vergilius
296 1362 385 1452 (Aere.
417 1363 613 1452 12'1111325)
643 1364 721 1448 ‘qui
750 1370 843 1429 lortc
873 1369 1056 1448 tapetibus
1084 1365 1192 1431 altis’.
1234 1372 1285 1432 sed
1315 1381 1345 1432 et
1372 1373 1428 1433 lroc

83 1489 109 1524 10
124 1484 255 1555 tapetum
279 1476 367 1536 liuius
387 1478 478 1555 tapeti
500 1477 570 1536 hnic
593 1485 706 1557 tapeto,
729 1475 883 1555 pluraliter
901 1476 974 1536 haee
1001 1485 1097 1556 tapeta
1117 1485 1285 1557 tapetorum
1309 1483 1428 1559 tapetis:

123 1581 269 1661 Vergilius
293 1575 381 1665 (Aen.
414 1577 579 1665 11'11277)

282 1691 458 1750 instratos
482 1700 580 1751 ostro
605 1690 765 1770 alipedes
788 1693 973 1770 pictisque
998 1695 1139 1770 tapetis.

122 1796 173 1855 sed
203 1804 232 1855 et
261 1796 422 1856 muscidiuo
449 1816 559 1875 genere
587 1796 659 1857 dicit
687 1789 767 1879 (Aen
800 1791 996 1879 1'1111358)
1020 1793 1227 1877 ‘pictosque
1257 1798 1425 1879 tapetos'.

210 1902 320 1984 Turbo,
339 1905 364 1962 si
383 1906 422 1963 sit
440 1906 608 1984 proprium,
628 1902 777 1964 Turbonis
797 1905 878 1978 lacit,
898 1906 923 1964 si
943 1903 1165 1985 appellativum,
1184 1905 1321 1967 turbinis.
1359 1927 1425 1969 narn

82 2023 105 2061 1⁵
121 2011 182 2068 sive
210 2019 329 2089 ventus,
358 2013 418 2070 sire
448 2030 507 2089 quo
541 2009 647 2070 ludunt
674 2007 773 2088 pueri,
806 2010 855 2071 liic
891 2008 978 2071 turbo
1007 2009 1129 2071 dicitnr:
1164 2009 1309 2090 Vergilius
1337 2007 1425 2096 (Aere.

129 2117 188 2176 ΓΙ]
209 2111 291 2198 3ῖ8)
316 2112 429 2177 ‘torto
453 2116 519 2176 srrb
543 2115 694 2176 verbere
719 2111 850 2176 turbo'.

209 2223 355 2284 Tumulus
375 2232 404 2283 et
423 2233 541 2284 tumens
561 2223 648 2283 tellus
667 2233 697 2283 et
717 2241 801 2283 anons
825 2221 923 2283 brevis
943 2232 973 2283 et
992 2224 1162 2302 sepulcrum
1182 2244 1274 2308 aeque
1296 2238 1425 2290 vocatur.

209 2330 385 2410 Teloneum,
413 2349 472 2389 non
496 2329 682 2410 theloneum,
710 2329 739 2390 id
767 2339 813 2390 est
839 2339 930 2410 pert
958 2328 1135 2411 simplicem,
1164 2350 1222 2392 nou
1246 2336 1424 2413 aspiratione

120 2418 225 2496 addi'ta.
263 2445 309 2497 est
333 2447 431 2497 autem
455 2454 560 2515 graece
585 2435 672 2517 telos,
696 2436 785 2497 latine
809 2436 941 2516 vectigal.

78 2557 106 2594 ‘2⁰
209 2543 305 2604 Tabes
316 2553 428 2605 tantum
440 2544 630 2623 singulariter
641 2544 758 2623 dicitnr,
769 2543 935 2604 tendiculae
946 2551 976 2603 et
986 2542 1126 2605 tenebrae
1138 2554 1251 2606 tantum
1262 2546 1424 2625 pluraliter.
1444 2590 1451 2601 .

195 2650 423 2730 .Vsquequaque
444 2653 524 2711 omiti
544 2650 630 2711 modo
650 2650 808 2729 signitloat,
831 2667 964 2729 proquo
986 2650 1015 2708 in
1039 2649 1159 2727 psalmis
1183 2653 1212 2711 in
1236 2670 1342 2730 graeco
1363 2649 1424 2727 ἕως

118 2750 252 2836 σφόδρα
271 2758 404 2839 legimus,
423 2758 501 2836 quod
521 2757 734 2836 significantius
753 2757 841 2822 latine
864 2762 962 2835 potest
980 2750 1088 2833 ‘nsque
1107 2752 1201 2817 valde'
1221 2760 1420 2839 interpretari.

208 2864 243 2926 Vt
266 2865 437 2925 adverbium
462 2873 507 2924 est
531 2864 617 2924 modo
642 2865 784 2942 temporis
808 2871 838 2924 et
861 2864 1006 2943 signiticat
1028 2870 1199 2944 postquam,
1223 2865 1309 2925 modo
1331 2866 1420 2944 quali·

119 2973 187 3031 tatis
207 2980 236 3031 et
260 2973 405 3050 significat
428 2970 689 3050 qtremadmodum,
712 2969 799 3030 modo
824 2969 944 3049 optandi
968 2978 997 3029 et
1020 2969 1164 3046 significat
1189 2973 1309 3052 utinam,
1334 2974 1420 3033 modu

78 3087 104 3128 ²⁵
119 3079 243 3138 mirandi
277 3089 306 3138 et
335 3080 480 3158 siguificat
508 3097 524 3136 o
554 3096 657 3157 quam,
690 3076 777 3136 ruodo
805 3079 975 3137 coniunctio
1003 3075 1142 3155 causalis,
1174 3070 1254 3159 (Iob.
1283 3078 1335 3153 17,
1363 3073 1422 3161 24)

118 3180 212 3243 ‘volo
237 3193 273 3244 ut
297 3184 356 3244 ubi
381 3204 443 3263 ego
468 3204 541 3244 sum
567 3194 600 3244 et
624 3186 694 3263 ipsi
718 3186 792 3244 sint
817 3178 978 3245 rnecum'.

207 3290 293 3351 Vacat
317 3291 402 3370 milri,
425 3310 530 3370 graece
555 3283 718 3370 σχολάζω,
742 3308 812 3350 vaco
837 3289 953 3370 militia,
976 3291 1142 3370 perlectum
1162 3292 1258 3374 ¹vacui.

207 3398 316 3477 Vulgus
340 3400 439 3458 rteutri
462 3400 595 3477 generis'
604 3406 649 3456 est
673 3406 703 3456 et
726 3395 870 3475 pluralem
893 3415 1052 3458 numerum
1072 3415 1130 3457 non
1154 3396 1255 3470 habet,
1280 3398 1331 3457 sed
1353 3397 1420 3457 Ver·

116 3505 204 3581 gilius
228 3516 257 3565 et
281 3505 441 3565 masculine
467 3504 585 3583 vulgum
610 3503 728 3583 extrrlit,
751 3495 840 3583 (Aen.
861 3504 899 3563 II
919 3496 976 3585 98)
1000 3498 1098 3563 ‘ltinc
1122 3521 1292 3582 spargere
1317 3523 1422 3564 voces

76 3613 151 3670 attin
177 3612 317 3690 vulgum
342 3607 550 3690 ambiguas'.

206 3718 260 3778 l'as
281 3721 360 3779 vadis
379 3722 497 3798 generis
517 3718 673 3779 masculini
696 3717 732 3777 de
752 3716 931 3799 vadimonio,
955 3737 1005 3778 vas
1023 3721 1100 3778 vasis
1120 3720 1219 3779 neutri
1238 3719 1274 3780 de
1294 3720 1420 3781 vasculo.

206 3823 255 3884 Vis
278 3826 425 3904 duplicem
451 3825 538 3885 habet
562 3826 822 3905 significationem,
846 3835 875 3885 et
899 3827 1016 3886 virtutis
1040 3825 1190 3906 videlicet,
1216 3845 1291 3905 quae
1314 3846 1420 3906 graece

116 3924 258 4011 δύναμις
281 3933 402 4012 dicitur,
427 3922 455 3991 et
479 3932 649 4013 violentiae,
673 3951 749 4010 quae
773 3950 878 4011 graece
901 3931 959 4011 βία
983 3943 1113 3993 vocatur.

205 4038 345 4099 l‘ecnrdia
375 4051 404 4100 et
434 4042 513 4099 virus
543 4048 656 4099 tantum
681 4037 871 4116 singulariter
895 4039 1069 4100 elleruntur.
1090 4035 1094 4121 l
1116 4058 1221 4119 vepres
1245 4050 1274 4101 et
1298 4039 1420 4100 verbera

75 4157 144 4205 ³³et
173 4148 285 4205 viscera
314 4166 372 4206 non
406 4146 515 4206 habent
542 4145 723 4222 singularem
752 4143 978 4204 declinationem
1011 4148 1068 4206 uisi
1096 4156 1211 4207 tanturn
1239 4146 1363 4207 verbere
1391 4156 1420 4206 et

203 4320 304 4372 itone
323 4324 436 4386 utroque
454 4319 510 4371 loeo
532 4317 558 4369 P
612 4313 763 4370 ttaudacio
780 4315 808 4367 P
821 4314 967 4370 audacitas
990 4315 1057 4369 ML
1111 4317 1237 4385 strepeti
1250 4319 1345 4385 priore
1363 4318 1420 4371 loco

114 4412 164 4449 om.
185 4397 252 4450 ML
305 4397 481 4466 9Vergilius
499 4396 548 4465 qui
565 4396 637 4450 forte
655 4393 799 4463 tapetibus
817 4410 868 4449 om.
883 4395 942 4452 §M
948 4394 986 4461 L,
1006 4396 1070 4451 odd.
1087 4396 1115 4449 P
1169 4403 1201 4451 ta
1217 4399 1356 4452 ostroona
1372 4396 1421 4454 512

167 4475 303 4547 alipedes]
319 4477 404 4546 pedes
421 4478 448 4528 P
518 4475 623 4544 tapetis
641 4491 691 4528 orn.
709 4473 737 4527 P
809 4481 840 4527 ta
860 4473 930 4530 dicit
943 4477 991 4534 sL
1010 4477 1157 4532 Moeudum
1173 4479 1210 4531 M
1227 4476 1323 4532 dstiuo
1342 4476 1370 4531 P

115 4555 259 4623 pictosque
277 4558 389 4625 tapetas
409 4552 554 4610 Charisius
573 4573 605 4624 p.
624 4558 709 4618 62,6
778 4559 811 4607 14
835 4555 859 4609 si
881 4555 1084 4625 appellativum
1106 4556 1226 4630 turbinis
1245 4573 1295 4612 om.
1315 4557 1419 4624 ςΜΙι,

114 4635 223 4688 aaut>
277 4639 416 4707 retorto]
436 4635 542 4690 totoP
596 4641 633 4706 19,
647 4634 734 4705 telos]
751 4635 830 4690 telon
850 4636 918 4690 ML
971 4638 1324 4708 elproquolperquod
1345 4637 1373 4692 P

114 4721 147 4768 22
165 4718 245 4783 potes
267 4717 294 4769 P
356 4724 389 4772 25
409 4735 425 4770 o
445 4722 509 4770 oute
527 4732 612 4783 quam
632 4731 682 4768 om.
702 4715 730 4768 P
789 4722 823 4771 at
843 4715 952 4771 malitia
973 4717 1001 4770 P
1062 4716 1145 4770 uacui
1164 4717 1236 4771 PM
1251 4717 1352 4774 uacum
1370 4718 1420 4779 511

166 4802 199 4849 31
218 4797 312 4851 neutri
329 4815 379 4851 om.
401 4797 483 4864 PM,
503 4797 567 4852 odd.
587 4796 636 4856 eL
706 4803 740 4852 35
760 4797 929 4869 singularem
947 4813 998 4853 om.
1018 4797 1056 4855 M
