3316 5474
165 358 232 422 482
656 356 832 412 ARVSIANI
851 357 971 414 MESSH

165 470 186 507 p.
200 460 249 499 eur.
263 459 303 498 ees
316 457 342 498 n.

165 545 243 603 inter
268 541 338 603 illud
363 537 520 622 profcum
540 541 612 602 illud
631 537 749 624 agitnr’,
772 543 832 604 Cic.
852 543 957 623 Philip.
978 544 1003 603 ll
1024 544 1149 618 (25,63)
1173 546 1204 604 si
1229 546 1341 606 inter
1368 563 1496 606 cenam

165 659 271 729 atque
300 654 336 710 in
364 652 460 729 ipsis·
483 651 555 709 tuis
583 649 796 711 immanibus
823 650 966 731 poculis
994 651 1059 711 lroc
1083 649 1149 710 tibi
1172 651 1412 735 accidisset,
1437 652 1495 714 Sal.

169 757 229 836 lug.
254 757 359 832 (30,3)
383 759 478 817 inter·
502 756 778 838 dubitationem,
801 756 887 838 Verg.
910 757 977 819 buc.
1000 758 1104 833 (924)

960 867 1057 926 inter
1080 862 1257 944 agendum

504 987 702 1031 occursare
727 989 849 1052 capro,
873 989 983 1032 cornu
1007 972 1026 1032 l.
1050 974 1068 1032 i.
1092 990 1126 1053 c,
1505 989 1517 1030 s

165 1077 222 1139 Sel.
254 1076 322 1138 hist.
352 1076 390 1137 lli
420 1072 425 1156 Ι
455 1078 551 1137 inter
578 1094 706 1137 recens
738 1077 894 1138 domitos
926 1078 1071 1139 Isauros
1103 1077 1326 1158 Pisidasque
1366 1127 1375 1142 .
1411 1083 1494 1142 iuter

166 1185 312 1263 geminata
339 1185 533 1264 praepositio,
561 1182 621 1243 Cic.
649 1185 680 1242 in
704 1182 786 1245 Catil.
812 1183 850 1243 ill
874 1183 954 1257 (2,5)
983 1192 1021 1244 ut
1047 1183 1190 1246 Tiberis
1219 1187 1324 1247 inter
1356 1207 1427 1249 eos
1456 1196 1493 1249 ct

164 1309 252 1370 pons
267 1292 484 1372 interesset,
503 1289 581 1351 idem
596 1292 626 1350 in
641 1289 779 1350 Pisonem
793 1291 897 1365 (iffi)
917 1289 1009 1370 quod
1029 1300 1146 1352 autem
1166 1294 1282 1353 maius
1298 1295 1491 1357 indicium

165 1399 400 1479 exspectatis,
424 1397 513 1458 nihil
536 1401 636 1460 inter
659 1417 720 1459 vos
743 1406 779 1458 et
802 1397 902 1458 Catil.
926 1394 1164 1459 interfuisse?

251 1504 284 1564 In
319 1504 440 1565 verbera
472 1505 615 1588 pendent,
647 1506 732 1586 Verg.
761 1507 832 1567 Aen.
860 1504 882 1562 V
910 1506 1004 1578 (147)
1037 1507 1213 1584 pronique
1246 1507 1285 1566 in
1320 1508 1529 1571 verberare

166 1613 337 1693 pendent,
360 1612 438 1672 idem
462 1610 487 1670 X
511 1613 604 1686 (586)

378 1718 540 1800 Lucagus
565 1728 602 1780 nt
624 1738 737 1798 prono
761 1720 920 1798 pendens
944 1722 978 1779 in
1002 1718 1153 1780 verbera
1178 1717 1249 1779 telo

377 1829 543 1887 ammovit
565 1825 701 1904 biiugis
725 1873 731 1886 .

254 1934 286 1994 ln
314 1934 405 2014 pedes
434 1952 488 2013 pro
515 1936 546 1994 in
574 1934 686 2014 lugam,
717 1931 785 1993 Ter.
813 1931 901 1992 Phor.
925 1934 960 2004 (I
980 1933 1065 2006 4,(3)
1098 1941 1204 2012 atque
1238 1951 1291 1993 me
1326 1938 1486 1999 coicere

165 2043 333 2120 protinus
357 2043 390 2101 in
416 2040 538 2120 pedes,
562 2040 639 2100 idem
659 2039 733 2101 Eun.
753 2040 801 2113 (V
816 2040 881 2114 2,5)
905 2058 968 2118 ego
992 2042 1025 2100 in
1049 2040 1157 2119 pedes
1177 2049 1354 2119 quantum
1375 2063 1485 2123 queo.
1499 2060 1525 2099 rc

253 2147 369 2208 Interea
398 2148 467 2229 loci,
499 2147 605 2208 Teren.
633 2147 707 2208 Eun.
737 2148 772 2218 (I
795 2147 885 2222 2,46)
915 2156 948 2207 te
979 2148 1119 2208 interea
1152 2147 1235 2228 loci,
1268 2147 1352 2209 idem
1384 2150 1483 2214 ilcan.

105 2304 111 2317 .
166 2255 219 2326 (II
238 2253 326 2328 3,]6)
350 2262 387 2314 tn
410 2255 550 2314 interea
574 2252 669 2314 loci.

255 2360 286 2420 ln
310 2358 393 2421 illum
416 2360 548 2440 exempla
571 2362 662 2442 lacio,
684 2360 791 2422 Teren.
814 2361 889 2422 Eun.
913 2361 1072 2436 (1’4,26)
1095 2361 1180 2440 quid
1204 2356 1278 2421 ais?
1306 2364 1343 2423 in
1370 2383 1481 2444 quem

166 2467 324 2547 exempla
353 2464 467 2528 lieni?
496 2470 525 2527 in
550 2467 631 2528 illum
656 2487 747 2547 pecco
771 2468 907 2529 similiter
931 2468 1012 2529 idem
1036 2468 1123 2529 Phor.
1148 2469 1305 2543 (1330)
1331 2472 1415 2532 vide
1442 2475 1480 2534 in

165 2584 352 2654 cognatam
376 2594 504 2654 pecces
529 2622 535 2635 .
559 2576 588 2634 in
613 2573 750 2653 biduum,
773 2574 840 2635 Ter.
864 2575 939 2636 Eun.
964 2577 999 2647 (I
1018 2576 1126 2650 2,(10)
1151 2577 1185 2636 in
1214 2575 1278 2635 lroc
1308 2575 1519 2661 biduum,eo

165 2681 286 2756 Thais,
314 2682 389 2742 vale
414 2730 420 2743 .
444 2685 474 2743 in
503 2701 536 2741 os
564 2681 697 2762 laudare,
725 2680 753 2741 id
782 2691 827 2742 est
856 2689 1042 2761 praesentem
1066 2681 1199 2762 laudare,
1222 2681 1289 2743 Ter.
1314 2683 1399 2746 ridel.
1425 2688 1483 2757 (ΙΙ

166 2791 233 2865 ne)
257 2808 382 2850 vereor
410 2792 445 2850 in
469 2808 507 2850 os
532 2797 565 2849 te
590 2787 735 2848 laudare
764 2788 916 2868 amplius
941 2836 947 2848 .
971 2790 1001 2848 in
1025 2788 1103 2849 illius
1127 2788 1191 2849 loco
1215 2797 1244 2850 te
1268 2788 1374 2872 diligo,
1404 2792 1477 2855 Ter.

165 2897 237 2958 And.
262 2898 407 2973 (15,57)

443 3006 529 3064 site
554 3006 587 3063 in
612 3005 771 3082 germani
794 3005 921 3064 fratris
944 3003 1054 3063 dilexi
1078 3002 1156 3065 loco
1180 3053 1187 3065 .

165 3115 196 3172 in
220 3112 302 3172 illum
326 3113 384 3171 leci
408 3121 557 3191 sumptus,
581 3110 647 3170 Ter.
672 3109 742 3170 liec.
766 3112 942 3185 (11163)
970 3121 1135 3190 sumptus
1164 3130 1252 3192 qnos
1281 3113 1407 3176 iecisti
1437 3119 1517 3177 insi

165 3238 238 3280 eam
263 3267 269 3279 .
293 3221 322 3279 in
356 3218 486 3279 medium
515 3237 568 3298 pro
598 3221 627 3278 in
656 3236 827 3299 commune,
859 3217 943 3297 Verg.
971 3235 1051 3297 geor.
1081 3219 1100 3277 I
1125 3220 1217 3292 (127)
1246 3221 1280 3278 in
1314 3221 1476 3285 medinm

165 3324 401 3405 ‹prraerebant,
419 3325 497 3385 idem
516 3344 614 3404 georg.
631 3324 683 3385 llll
698 3325 792 3398 (157)
811 3334 846 3385 et
865 3328 900 3386 in
920 3326 1072 3386 medium
1092 3327 1255 3404 quaesita
1274 3340 1477 3411 reponunt,

166 3433 222 3492 Sal.
246 3432 313 3493 hist.
338 3432 390 3491 llll
414 3432 593 3493 dissidere
622 3434 718 3492 inter·
746 3450 782 3492 sc
811 3451 962 3514 coepere
991 3451 1105 3511 neque
1133 3434 1171 3492 in
1199 3433 1355 3494 medium
1385 3453 1474 3496 con-

165 3539 334 3601 sultare.

167 3681 223 3688 ..-

255 3746 345 3800 Codex
365 3746 513 3799 Parrhasii
549 3745 612 3798 tin
630 3761 680 3801 om.
758 3746 812 3801 ef.
832 3745 849 3801 i.
868 3746 903 3817 c.]
924 3747 942 3799 l'.
962 3747 987 3801 d.
1007 3765 1029 3801 e.
1108 3746 1305 3818 8interesset]
1331 3748 1474 3808 interesse

209 3844 238 3889 11
260 3835 335 3890 idem
354 3834 391 3888 XI
410 3821 518 3889 ldcatus
537 3838 569 3888 ut
586 3850 672 3902 prono
759 3841 792 3887 14
811 3834 907 3906 Phor]
925 3836 1016 3889 iorum
1103 3842 1136 3890 15
1154 3835 1229 3890 idem
1248 3851 1309 3889 een.
1329 3852 1403 3903 eun,
1423 3842 1476 3895 sed

165 3919 249 3973 delete
267 3933 327 3971 een.
400 3915 547 3985 quantum]
567 3913 694 3983 quintum
768 3922 801 3967 22
821 3915 851 3968 in
869 3914 919 3970 illo
937 3915 999 3970 loco
1071 3922 1105 3970 26
1124 3916 1137 3968 I
1155 3932 1206 3970 om.
1278 3920 1313 3969 28
1332 3933 1435 3987 cepere

257 4121 268 4167 1
290 4112 314 4167 si
336 4112 410 4167 inter
432 4128 528 4166 cenem
553 4111 580 4164 in
604 4110 672 4181 ipsis
695 4111 751 4164 tuis
774 4109 942 4165 immunibus
965 4111 1022 4167 illis
1045 4111 1153 4180 poculis
1171 4111 1225 4166 hoe
1243 4110 1297 4165 tibi
1316 4112 1474 4170 accidisset

166 4197 269 4251 codices
288 4193 425 4248 Ciceronis
510 4194 631 4260 totque
655 4193 684 4245 in
707 4189 777 4260 ipsis
795 4190 833 4244 M
910 4197 1029 4246 5cornu
1049 4192 1114 4246 ierit
1131 4192 1188 4259 ille,
1207 4194 1305 4246 cereto
1329 4191 1474 4262 Vergilius

204 4284 235 4330 12
255 4275 383 4344 Lucagus
402 4276 435 4327 ut
452 4290 554 4342 pronus
572 4272 697 4342 pendens
715 4271 745 4326 iu
763 4272 879 4327 verbera
897 4273 954 4327 telo
974 4273 1120 4327 admonuit
1138 4274 1247 4342 biiugos
1272 4271 1411 4340 Verpiiius

169 4365 200 4412 14
219 4358 305 4425 etque
327 4355 393 4409 hine
416 4370 461 4407 me
485 4353 638 4407 conticerem
662 4352 787 4421 protinus
811 4352 840 4406 in
862 4354 948 4422 pedes
971 4355 1073 4409 codices
1094 4355 1215 4409 Terentii
1234 4355 1344 4409 Phoron.
1365 4356 1387 4406 I
1405 4361 1472 4424 4‚t3

202 4444 235 4491 15
255 4438 367 4505 egomet
384 4434 413 4487 in
431 4433 517 4504 pedes
536 4434 639 4488 codices
659 4433 780 4488 Terentii
797 4434 873 4489 Eun.
900 4434 925 4486 V
941 4440 989 4501 2,5
1076 4441 1108 4489 16
1129 4436 1236 4490 Interea
1255 4437 1338 4487 —tu
1359 4435 1473 4492 interes

165 4516 221 4571 loci
240 4518 339 4571 rectius
353 4520 416 4583 post
434 4515 555 4583 enerrrpla
572 4514 785 4582 praepositionis
803 4513 877 4568 inter
895 4520 910 4567 9
929 4513 1085 4569 interfuisse
1105 4516 1263 4569 collocando
1281 4520 1359 4568 erant

169 4605 200 4651 18
219 4598 249 4650 ln
268 4596 349 4650 illum
368 4594 507 4665 exempla]
534 4595 623 4649 Prisc.
642 4597 659 4648 t.
682 4594 805 4647 XVIII
827 4599 891 4649 294.
916 4599 970 4649 303
1061 4603 1093 4649 lit
1118 4596 1181 4650 vide
1204 4613 1238 4650 ne
1263 4594 1290 4649 in
1315 4599 1471 4664 cognotam

165 4692 263 4747 pecces
286 4677 369 4731 eodem
397 4676 548 4730 Bembinns
574 4675 706 4741 Terentii,
734 4691 802 4728 ceve
830 4691 865 4727 ne
893 4674 923 4728 in
945 4679 1094 4745 cognatam
1121 4693 1218 4745 pecces
1241 4675 1339 4743 reliqui
1362 4677 1473 4733 codices

169 4756 289 4810 Terentii
373 4762 407 4811 22
427 4773 523 4811 vereor
547 4772 639 4810 coram
662 4754 692 4809 in
715 4772 746 4810 os
768 4757 797 4808 te
816 4754 930 4809 laudere
948 4754 1070 4824 emplius
1092 4756 1247 4822 Terentius,
1271 4770 1368 4809 vereor
1387 4755 1419 4810 in
1437 4774 1471 4814 os

165 4853 219 4908 sup.
241 4837 406 4892 Priscianus
425 4837 441 4890 l.
461 4854 483 4890 c.
