3316 5474
168 376 235 441 520
609 376 794 450 [connum
820 376 1046 451 nuouroms]

169 489 190 527 p.
204 479 263 519 2191.
277 478 330 518 2192
343 478 367 520 P.

169 563 309 626 obsessor
331 573 391 647 est;
415 566 465 644 qui
489 567 647 647 inpugnat,
670 585 724 645 per
746 568 843 627 omnia
867 567 1005 627 inimicus
1029 573 1082 627 est
1128 568 1233 647 itaque
1259 578 1395 650 pugnat
1420 588 1503 631 exer·

168 671 261 753 citus,
283 681 493 751 oppugnantur
515 671 561 732 vel
585 681 681 733 castra
705 672 750 734 rei
773 672 876 753 urbes,
900 675 1103 754 inpugnantur
1126 675 1253 736 inimici.

256 778 364 840 Album
387 787 418 840 et
441 778 606 840 candidum.
653 778 751 841 album
775 789 880 841 natura
904 781 949 862 fit,
972 779 1129 841 candidum
1153 800 1236 842 cura.

258 886 356 948 Decus
380 895 410 947 et
433 886 580 947 decorem.
626 887 718 948 ‹iecus
740 887 877 962 honoris,
901 889 991 949 decor
1014 889 1134 949 iormae.

256 992 377 1074 Pompei
410 995 544 1074 porticus
576 1002 606 1053 et
637 993 777 1074 Pompeia
809 1003 840 1055 et
867 995 1052 1076 Pompeiana.
1103 995 1243 1078 Pompei,
1280 1000 1310 1057 si
1342 998 1521 1081 possident

167 1099 320 1182 Pompeia,
344 1103 370 1161 si
392 1100 566 1181 publicavit;
585 1100 776 1183 Pompeiana,
800 1103 879 1162 siin
903 1102 1025 1164 alterius
1049 1101 1288 1163 dominationem
1316 1108 1416 1167 renit.

258 1208 383 1269 Satietas
406 1217 437 1269 et
460 1210 607 1269 saturitas.
654 1211 774 1269 satietas
797 1211 923 1291 ventris,
947 1211 1087 1270 saturitas
1110 1211 1208 1270 animi.
1230 1206 1236 1289 Ι

257 1313 401 1395 Obiurgat
425 1334 492 1376 eum
522 1317 608 1376 cuius
632 1315 719 1376 babet
743 1324 932 1397 potestatem3
962 1325 1061 1377 monet
1083 1320 1206 1397 propter
1230 1316 1492 1401 benivolentiam

167 1420 318 1503 admonet,
350 1430 384 1483 ut
416 1423 571 1483 confirmet
604 1425 789 1503 memoriam3
826 1432 1007 1504 summouet,
1040 1432 1073 1483 ut
1109 1425 1203 1503 possit
1238 1425 1388 1489 ordinate
1423 1447 1490 1508 pro·

167 1531 312 1590 nuntiare.
357 1531 447 1608 igitur
471 1532 501 1590 in
525 1529 699 1609 obiurgante
724 1538 868 1613 potestas,
896 1532 926 1591 in
955 1539 1093 1591 monento
1123 1529 1343 1617 benivolentia,
1377 1537 1411 1597 in
1439 1535 1525 1597 rid-¹⁰

170 1645 309 1696 monente
333 1638 488 1718 momoria,
512 1639 542 1696 in
567 1643 772 1697 snmrnonento
796 1636 936 1696 officium.

258 1746 394 1805 Anticum
428 1754 458 1803 et
490 1755 581 1804 retus.
629 1746 758 1804 anticum
790 1754 837 1803 est
869 1742 947 1821 qund
980 1746 1108 1803 excessit
1139 1753 1257 1823 patrum
1295 1751 1487 1831 memoriam,

168 1858 254 1911 vetus
277 1870 421 1911 annorum
446 1850 606 1911 multorum
631 1853 722 1911 sentit
745 1850 913 1910 utilitatem.
960 1853 1059 1911 vinnm
1087 1851 1143 1910 lroc
1171 1851 1280 1913 melius
1310 1863 1374 1927 est,
1405 1856 1485 1936 quod

169 1958 201 2018 bt
224 1967 381 2019 vetustum.

259 2064 371 2125 Sartrix
396 2074 426 2125 et
449 2068 632 2125 sarcinatrix.
679 2067 786 2124 sartrix
810 2083 885 2143 quae
910 2067 1013 2139 sarcit,
1042 2067 1215 2126 sarcinatrix
1241 2085 1319 2144 quae
1345 2073 1520 2131 sarcinasss

168 2183 274 2231 servat.

257 2278 363 2339 Videre
388 2287 417 2339 et
440 2289 574 2359 spectare
599 2289 629 2340 ot
652 2282 761 2340 intueri
786 2288 815 2340 et
835 2281 966 2359 aspicere
986 2287 1017 2338 et
1035 2298 1158 2339 cernere
1178 2287 1208 2338 et
1226 2282 1481 2346 animadvertere.

168 2384 301 2446 ridemus
317 2396 430 2467 natura,
449 2397 617 2467 spectamus
631 2388 795 2468 voluntate,
817 2390 967 2448 intuemur
981 2406 1062 2465 cura,
1082 2389 1241 2466 aspicimus
1256 2406 1292 2448 ex
1313 2391 1481 2470 inproviso,

168 2493 427 2554 animadvertimus
451 2504 481 2554 et
504 2497 654 2554 ceruimus
677 2497 782 2554 aniruo.
947 2474 949 2479 ¹

256 2602 414 2662 Ostentum
437 2610 466 2662 et
489 2610 660 2681 portentum
684 2610 715 2661 et
739 2611 902 2662 monstrum
932 2610 961 2661 et
989 2603 1164 2680 prodigium.
1211 2610 1367 2665 ostentum
1397 2606 1517 2686 quodeo

166 2718 285 2787 praeter
304 2709 549 2770 cousuetudinem
569 2710 707 2789 offertur,
727 2718 849 2787 utputa
869 2710 893 2767 si
912 2707 1049 2768 videatur
1068 2718 1147 2770 terra
1166 2708 1271 2770 ardere
1292 2711 1337 2771 vel
1358 2713 1478 2774 caelum

168 2815 213 2875 rei
236 2834 330 2878 mare:
355 2827 524 2896 portentum
550 2816 628 2895 qrrod
652 2834 741 2894 porro
766 2824 795 2875 et
819 2814 932 2874 diutins
953 2825 1049 2875 manet
1068 2816 1261 2895 futurumque
1281 2819 1476 2898 postmodum

166 2921 277 3001 aliquid
300 2925 458 3003 significat:
487 2932 651 2983 monstrum
676 2930 721 2980 est
745 2931 848 2981 contra
872 2930 1020 3002 naturam,
1051 2931 1083 2982 ut
1107 2932 1152 2982 est
1176 2923 1378 3011 Minotaurus:
1406 2946 1476 3007 pro·

167 3029 277 3108 digium
307 3029 385 3109 quod
414 3049 513 3090 mores
541 3030 666 3108 suriunt,
695 3047 748 3106 per
777 3026 856 3106 quood
885 3028 1095 3090 detrimentum
1127 3039 1324 3110 exspectatur.
1372 3036 1475 3115 itaque

166 3139 217 3215 qui
247 3137 379 3216 prodigia
414 3139 525 3198 iaciunt
556 3136 672 3216 prodigi
704 3145 861 3216 uocantur,
893 3139 922 3196 in
956 3145 1073 3195 ostento
1106 3141 1211 3196 raritas
1244 3136 1514 3202 admirationemss

167 3243 249 3324 iacit,
273 3246 303 3304 in
327 3255 459 3304 monstro
484 3253 584 3305 rectus
608 3244 681 3302 ordo
706 3251 827 3303 naturae
847 3244 990 3322 vincitur,
1013 3245 1044 3301 iu
1068 3252 1205 3321 portento
1224 3242 1364 3305 differtur
1384 3264 1472 3307 eren·

166 3357 227 3432 tus,
251 3353 280 3410 in
305 3352 438 3431 prodigio
463 3351 638 3412 detrimenta
663 3351 874 3428 significantur.

253 3456 383 3517 Turbam
412 3466 442 3518 et
470 3459 674 3536 frequentiam.
721 3464 863 3534 arrgrrstus
892 3454 974 3515 iocus
1003 3458 1073 3517 iacit
1106 3457 1237 3537 turbam,
1271 3459 1474 3539 frequentiam

166 3562 332 3624 multitudo.

255 3671 342 3732 Putat
365 3682 395 3731 et
418 3675 594 3751 suspicatur.
641 3673 692 3749 qrri
716 3678 813 3748 putat,
841 3671 920 3729 omni
949 3689 1058 3749 genere
1087 3683 1179 3753 errat3
1210 3675 1262 3751 qui
1291 3677 1515 3759 suspicatur,so

167 3777 275 3856 aliquid
299 3778 435 3858 pervidit.

254 3947 286 3994 12
306 3942 381 3995 Inter
399 3939 546 4009 antiquum
565 3944 691 3996 etvetus
710 3983 715 3993 .
736 3940 883 4009 antiquum
902 3943 945 3995 est
964 3943 1038 4010 qnod
1059 3947 1170 4012 patrum
1190 3944 1311 3998 excessit
1333 3948 1476 4004 memorie

166 4024 194 4091 (i.
214 4021 402 4090 memoriam),
422 4021 501 4090 quasi
520 4024 585 4075 ante
605 4023 711 4082 uctum;
731 4024 810 4075 vetus
830 4021 980 4089 quodiam
1000 4024 1156 4077 veteratum
1175 4026 1231 4090 est,
1256 4024 1288 4076 ut
1307 4022 1405 4079 vinum
1426 4030 1474 4082 vel

165 4103 257 4157 oleum
277 4103 333 4156 eod.
355 4103 445 4156 Mont.
520 4109 552 4155 lo
572 4100 676 4154 Santrix
696 4101 774 4154 Beda
792 4106 900 4167 28⁸,29

189 4206 293 4213 ---

254 4249 444 4372 dpubiicnuit
462 4300 494 4352 Ν
573 4307 587 4353 t
613 4299 752 4353 Satiatum
779 4302 808 4352 et
830 4300 985 4352 saturatum
1012 4342 1017 4352 .
1042 4298 1165 4353 Sutietus
1189 4301 1307 4365 uentris,
1335 4304 1474 4360 saturitas

165 4385 251 4439 animi
269 4399 286 4441 ς
358 4388 373 4433 u
394 4380 557 4433 memoriam
572 4397 587 4437 ς
603 4380 737 4434 memoria
752 4380 784 4432 N
854 4384 886 4430 13
902 4396 958 4446 quo
976 4379 1009 4432 tit
1023 4381 1166 4433 uetustum
1181 4396 1197 4436 ς
1212 4396 1267 4448 quo
1282 4380 1314 4433 fit
1329 4385 1473 4441 uetustius

165 4464 247 4518 editio
265 4462 433 4516 Basiteeucis
520 4466 550 4513 17
576 4466 604 4514 et
627 4467 690 4514 (rute
715 4459 839 4528 aspicere
858 4473 945 4515 orus
1032 4463 1064 4511 19
1087 4457 1337 4514 animaduertimus
1362 4463 1472 4534 animo,

165 4543 301 4597 cernimus
321 4541 408 4596 oculis
428 4539 577 4594 Fabricius
649 4547 683 4593 ‘23
703 4543 735 4593 ut
753 4541 796 4592 est
814 4539 896 4592 editio
915 4538 1099 4604 Ascertsr'uuo,
1126 4538 1155 4592 id
1174 4542 1217 4593 est
1235 4540 1291 4597 Νς
1365 4549 1401 4597 25
1422 4546 1472 4599 ud-

165 4621 397 4675 ministrationem
417 4637 485 4676 corr.
505 4620 720 4674 admirationem
739 4619 772 4674 N
849 4625 883 4673 ‘26
903 4619 1036 4690 vincitur]
1062 4619 1180 4673 uertitur
1200 4620 1352 4676 Fabricius
1436 4634 1472 4684 2⁵1

166 4701 362 4756 detrimentum
383 4700 554 4769 significetur
573 4716 589 4757 ς
662 4706 697 4752 30
715 4702 818 4767 putent
836 4701 865 4752 et
883 4699 1059 4767 srrspiearitur
1076 4700 1125 4769 qui
1143 4702 1247 4769 putant
1269 4702 1347 4756 omui
1365 4722 1474 4773 genere

165 4786 240 4836 errat
258 4782 306 4850 qui
325 4781 481 4850 suspicatur
499 4781 606 4849 aliquid
625 4779 749 4848 peruidit
762 4779 795 4831 N
811 4778 915 4833 Putant
935 4781 965 4832 ot
983 4781 1158 4850 suspicantur
1178 4823 1183 4833 .
1204 4781 1252 4849 qui
1270 4785 1374 4851 putant
1393 4790 1474 4845 omni

164 4879 265 4930 genere
285 4862 377 4915 errant
397 4902 401 4912 .
422 4859 470 4928 qui
488 4860 665 4928 suspicantur
684 4859 790 4927 aliquid
810 4859 1009 4928 praecidente
