3316 5474
223 360 228 368 '
265 383 329 447 176
799 379 1031 435 cassmoonn

263 495 284 532 p.
299 485 359 524 sees.
374 483 427 523 ssoo
440 482 465 524 r.

264 569 348 646 quasi
376 566 555 627 diversitatis
583 583 679 625 causa.
722 566 748 625 si
775 568 855 626 enim
883 565 975 625 berna
1004 565 1082 625 domi
1110 565 1244 644 genitum
1271 563 1431 644 significet,
1462 562 1492 623 id
1526 571 1575 624 cst

264 653 450 755 οἰκογενής,
478 690 634 734 commune
663 683 709 731 est
737 672 828 732 duum
857 690 1001 751 generum
1029 671 1194 732 secuudum
1224 680 1353 754 veteres,
1382 673 1474 732 trium
1499 689 1573 757 vero

265 779 430 864 secundum
454 795 549 839 meam
572 779 763 857 sententiam,
787 787 817 838 et
840 778 932 857 perh
956 787 1066 839 mutam
1086 777 1235 839 scribitur.
1266 780 1385 838 sivero
1410 776 1572 857 temporale

263 886 411 965 quoddam
435 887 605 965 denuntiet,
628 887 686 945 erit
711 884 832 946 mobile:
855 904 870 945 a
895 904 963 945 vere
987 904 1113 965 namque
1136 904 1247 946 vernus
1270 903 1359 946 verna
1382 902 1508 946 vernum
1530 885 1575 966 fit,

264 1001 298 1053 ut
325 995 419 1071 siquis
447 992 526 1053 dicat
552 1008 663 1051 vernus
690 990 750 1072 sol,
784 1010 872 1050 verna
905 991 1047 1071 hirundo,
1079 1009 1203 1052 vernum
1233 999 1363 1071 tempus,
1391 999 1422 1051 et
1449 1009 1467 1050 v
1495 992 1602 1051 sictd⁵

264 1107 441 1178 prototypon
462 1101 527 1159 eius
546 1100 576 1157 in
596 1099 745 1176 scriptura
766 1096 885 1157 tenebit.
918 1096 964 1157 his
984 1099 1023 1157 ita
1043 1117 1075 1158 se
1099 1097 1276 1158 habentibus
1299 1115 1459 1176 possumus
1482 1099 1573 1158 etiam

264 1205 436 1285 intellegere
464 1205 585 1265 hecnam
613 1203 726 1263 dictum
755 1220 820 1262 esse
845 1220 914 1262 eum
937 1205 988 1281 qui
1015 1205 1046 1262 in
1075 1202 1161 1264 bonis
1189 1202 1376 1264 hereditariis
1403 1212 1574 1265 natusest:

264 1311 341 1371 bona
370 1330 439 1372 vero
467 1330 521 1391 per
549 1309 568 1370 b
597 1310 712 1370 literam
744 1308 833 1369 scribi
867 1327 955 1388 supra
988 1308 1065 1370 dicta
1094 1309 1307 1371 demonstrant.
1353 1328 1406 1370 vor
1433 1308 1574 1388 syllabam

266 1436 363 1496 neque
392 1417 511 1478 brevem
541 1436 637 1496 neque
670 1415 786 1494 longam
815 1416 845 1475 in
879 1415 968 1476 latino
997 1434 1133 1476 sermone
1161 1416 1213 1476 ulli
1245 1419 1343 1508 invepi
1373 1419 1575 1496 praepositam

265 1527 390 1605 nomini,
419 1527 475 1585 nisi
504 1532 606 1584 vortex
634 1542 689 1602 pro
718 1541 754 1582 eo
778 1521 856 1601 qnod
885 1531 931 1583 est
959 1531 1074 1603 vertex,
1102 1524 1191 1582 sicuti
1217 1521 1323 1582 volnus
1346 1541 1406 1599 pro
1434 1540 1469 1584 eo
1491 1525 1577 1598 quod
1590 1537 1617 1574 ιο

264 1635 380 1692 dicitur
403 1635 517 1707 vulnus·
535 1631 673 1708 antiquos
697 1628 839 1708 figurasse
860 1628 865 1703 Ι
886 1630 1082 1689 meminimus.
1118 1629 1177 1689 bur
1200 1629 1335 1690 similiter
1354 1624 1478 1708 cognovi
1501 1627 1573 1688 deli·

264 1758 333 1799 cere
357 1745 475 1818 praeter
498 1737 554 1796 hoc
579 1736 657 1815 quod
681 1737 711 1796 in
735 1737 857 1815 proprio
881 1734 1039 1795 didicimus
1063 1738 1194 1817 nomine,
1224 1735 1252 1795 id
1280 1744 1326 1796 est
1349 1735 1470 1816 Burria,
1493 1736 1574 1815 quod

264 1848 352 1905 etiam
382 1843 478 1925 perb
506 1852 616 1904 mutam
648 1843 792 1920 scriptum
822 1859 888 1901 esse
917 1841 1080 1902 secundum
1109 1841 1240 1921 regulam
1265 1844 1400 1902 novimus
1427 1844 1458 1902 in
1482 1860 1574 1921 supra

267 1952 354 2011 dictis
377 1952 550 2029 expositam.

249 2099 251 2103 ’
336 2103 476 2173 3meam]
499 2101 600 2156 eamO
669 2108 796 2156 tancre
810 2117 930 2169 namque
944 2100 1002 2154 Ao
1014 2101 1104 2166 Quare
1119 2119 1239 2172 namque
1253 2101 1281 2155 Β
1353 2101 1573 2172 tiprototypon]

264 2182 476 2254 primitiuumB
530 2181 571 2235 ita
587 2197 616 2235 se
626 2180 684 2234 AC
695 2180 791 2249 itaque
806 2182 873 2236 ssB
927 2182 1125 2252 asuprsdicta
1138 2181 1488 2251 demonstrantACsuprs
1497 2180 1575 2236 dicta

264 2262 337 2317 ratio
352 2262 526 2316 demonstret
538 2261 566 2313 Β
631 2267 664 2314 10
677 2278 728 2330 pro
738 2277 771 2316 eo
781 2262 857 2330 qnod
868 2262 971 2317 dicitur
981 2262 1081 2317 vulnus
1095 2278 1144 2318 om.
1156 2262 1246 2316 ABG
1313 2268 1345 2316 12
1355 2260 1475 2315 dicimus
1484 2260 1577 2315 ABG

276 2427 336 2434 --0-
400 2429 410 2431 ῃ
500 2427 566 2431 —-—
649 2427 702 2431 -—-—
735 2428 913 2433 ‘u-—ffi
934 2429 946 2433 ,.
1050 2425 1572 2433 .---——---—·-—-.—-—-

716 2529 901 2584 MARTYRII
919 2528 967 2582 DE
987 2529 1010 2582 B
1029 2529 1076 2584 ΕΤ
1095 2530 1121 2582 V

265 2696 428 2757 secundum
452 2715 547 2756 meam
572 2697 763 2776 sententiam,
787 2706 816 2757 et
839 2696 930 2776 perb
954 2706 1065 2757 mutam
1089 2696 1292 2758 scribitur.si
1315 2715 1386 2757 vero
1408 2695 1571 2782 temporale

266 2803 412 2881 quoddam
436 2802 604 2883 denuntiet,
628 2805 685 2862 erit
710 2802 831 2864 mobile:
854 2823 870 2864 a
893 2823 961 2864 vere
986 2823 1112 2883 namque
1136 2823 1246 2864 vernus
1269 2823 1358 2864 verna
1382 2821 1506 2864 vernum
1530 2804 1573 2883 dt,

266 2917 300 2969 ut
318 2911 412 2987 siquis
431 2910 509 2970 dicat
527 2928 637 2968 vernus
655 2909 713 2990 sol,
738 2896 826 2970 verna
846 2910 988 2990 hirundo,
1011 2928 1135 2970 vernum
1155 2918 1289 2989 tempuS‚
1312 2918 1342 2969 et
1364 2928 1381 2969 v
1404 2908 1573 2987 digammon

265 3017 342 3075 sicut
366 3008 584 3095 rcpmcdcvrvov
608 3018 673 3075 eius
697 3018 726 3075 iu
751 3018 898 3096 scriptura
923 3013 1046 3076 tenebit,
1083 3015 1128 3075 his
1152 3018 1192 3076 ita
1211 3033 1243 3075 se
1267 3014 1445 3076 habentibus
1467 3033 1572 3095 possu-

265 3140 331 3182 mus
359 3125 447 3182 etiam
474 3122 647 3202 intellegere
677 3122 798 3183 bernam
822 3123 933 3184 dictum
958 3140 1023 3182 csse
1048 3140 1116 3181 eum
1140 3124 1191 3200 qui
1220 3124 1250 3181 in
1274 3121 1360 3182 bonis
1383 3122 1601 3182 hereditariiss

264 3237 351 3289 natus
379 3237 441 3290 est:
471 3228 546 3290 bona
574 3247 644 3289 vero
671 3247 726 3308 per
753 3228 829 3288 hanc
856 3229 984 3288 litteram
1013 3226 1103 3289 scribi
1133 3246 1221 3306 supra
1250 3227 1326 3288 dicta
1358 3227 1572 3288 demonstrant

263 3353 317 3395 vor
344 3334 483 3414 syllabam
512 3355 609 3416 neque
638 3334 759 3395 brevem
787 3353 883 3414 neque
912 3335 1027 3414 longam
1059 3338 1090 3394 in
1118 3334 1208 3394 latino
1232 3317 1369 3394 sermone
1394 3334 1445 3394 ulli
1473 3336 1573 3394 inveni

265 3445 461 3521 praepositam
482 3445 605 3523 omnini,
631 3443 687 3501 nisi
706 3448 808 3500 vortex
832 3459 942 3518 proco
964 3441 1043 3520 quod
1067 3449 1113 3500 est
1135 3447 1251 3519 vertex,
1275 3443 1365 3501 sicuti
1387 3439 1494 3501 volnus
1516 3458 1572 3519 pro

264 3566 299 3606 eo
319 3548 397 3626 quod
417 3547 527 3608 dicitur
546 3548 653 3608 vulnus
672 3550 810 3626 antiquos
830 3548 972 3626 tigurasse
992 3548 1188 3607 meminimus.
1217 3565 1273 3607 vur
1292 3547 1428 3608 similiter
1447 3548 1572 3626 cognovi

264 3652 392 3714 delicere
410 3663 529 3732 praeter
547 3654 603 3714 hoc
623 3655 700 3732 quod
720 3657 751 3714 in
770 3657 891 3733 proprio
912 3653 1068 3714 didicimus
1087 3655 1219 3734 nominc,
1238 3653 1267 3713 id
1287 3663 1333 3714 est
1351 3654 1472 3734 Burria‚
1491 3652 1615 3732 quodie

264 3761 351 3819 etiam
379 3758 475 3838 perh
504 3769 615 3821 mutam
642 3762 786 3839 scriptum
815 3778 881 3819 esse
911 3760 1075 3839 secundum
1104 3758 1234 3838 regulam
1263 3762 1398 3821 novimus
1425 3763 1456 3822 in
1480 3779 1571 3840 supra

256 3866 356 3925 dictis
381 3870 551 3947 expositam.

353 3973 408 4034 Vas
432 3973 663 4053 monosyllabum
688 3975 845 4051 recognovi
868 3973 978 4053 solum,
1002 3974 1080 4053 quod
1104 3993 1159 4054 per
1183 3994 1199 4033 v
1223 3974 1351 4034 litteram
1377 3974 1442 4034 loco
1465 3972 1570 4034 scribi-

264 4086 313 4139 tur
341 4083 545 4161 consonantis,
572 4090 606 4142 ut
633 4099 691 4141 vas.
728 4078 834 4139 bassus
862 4081 963 4159 ctiam,
991 4079 1020 4140 id
1049 4090 1095 4140 est
1123 4099 1257 4160 grassus,
1287 4082 1316 4139 iu
1344 4078 1572 4158 glossematibus

264 4190 437 4267 repperiet
460 4207 514 4268 per
536 4188 555 4247 b
579 4198 688 4248 mutam
714 4186 804 4247 scribi
828 4189 960 4265 cognovi.
1587 4202 1614 4240 rs

355 4367 368 4412 1
389 4360 493 4431 meam]
512 4377 574 4415 eam
593 4360 626 4413 Ν
713 4366 728 4412 2
748 4375 766 4413 a
784 4374 848 4412 vere
866 4374 916 4412 om.
936 4359 974 4425 N,
993 4361 1056 4413 odd.
1076 4357 1105 4411 P
1190 4364 1206 4412 4
1228 4358 1272 4413 bis
1290 4358 1333 4412 ita
1353 4359 1380 4413 P
1397 4359 1451 4414 ists
1468 4357 1501 4411 Ν

265 4439 426 4511 themam]
446 4441 545 4495 benam
564 4441 597 4494 Ν
613 4456 727 4494 vernam
748 4437 776 4489 P
860 4440 980 4510 tibens]
1006 4455 1073 4494 erna
1091 4437 1120 4490 P
1200 4438 1392 4492 demonstrent
1411 4437 1439 4491 P
1457 4438 1571 4492 demon-

264 4522 334 4573 strat
352 4520 384 4571 Ν
459 4528 474 4575 ι
493 4521 578 4574 ullius
597 4520 689 4573 inveni
708 4521 914 4590 suprapositam
933 4519 1052 4574 nominis
1070 4519 1136 4571 ΝΡ
1212 4525 1244 4572 10
1263 4518 1417 4574 dedicimus
1436 4516 1500 4571 NP

265 4606 297 4651 12
317 4600 474 4668 expositum
493 4601 526 4653 Ν
541 4601 699 4671 expositum
719 4600 767 4653 ubi
786 4601 902 4655 lecimus
922 4598 1090 4653 mentionem
1110 4599 1147 4652 bu
1161 4598 1297 4667 syllabam
1317 4597 1437 4653 nominis
1456 4596 1570 4667 quidem

263 4678 443 4747 incipientem
468 4680 640 4735 desinentem
665 4696 731 4733 vero
756 4679 785 4732 in
810 4684 1007 4733 consonantem
1033 4697 1066 4733 ex
1092 4693 1148 4747 qna
1173 4679 1258 4732 etism
1283 4679 1404 4734 secundo
1427 4678 1527 4748 incipit
1552 4680 1571 4732 b

264 4762 371 4813 mamm
389 4764 516 4829 repetere
535 4760 568 4812 in
578 4759 743 4827 scripturam
760 4759 788 4811 P
840 4765 873 4811 14
891 4758 1120 4828 glosemmatibus
1138 4757 1172 4810 Ν
1224 4765 1256 4812 15
1275 4759 1357 4827 perh
1375 4761 1482 4812 mutem
1498 4757 1573 4812 sicut

266 4840 296 4894 et
313 4839 426 4909 proprio
445 4839 556 4894 nomine
574 4839 657 4893 scribi
678 4839 795 4907 cognovi
817 4838 845 4890 P
