3316 5474
598 392 646 445 DE
666 392 952 447 ourflouttnrffln
1385 395 1428 458 25

121 502 143 540 ρ.
158 493 217 532 arsa.
232 494 259 532 co
272 492 296 530 a.

120 581 251 658 optimus
275 576 311 637 ab
335 581 454 658 optione
478 578 596 658 dicitur,
621 597 713 656 quare
736 580 875 656 optimus
913 578 1026 639 artibus
1045 588 1144 639 autam
1163 588 1194 640 et
1216 579 1340 640 artubus
1364 581 1428 658 qui·

120 685 188 745 dam
211 688 413 766 variaverunt,
437 693 468 745 et
490 702 544 763 per
567 686 576 744 i
601 684 719 761 quidem
744 684 841 744 dativo
865 692 895 744 et
918 683 1042 745 ablativo
1065 686 1171 765 plurali
1195 686 1284 746 scribi
1309 696 1428 765 putare·

122 802 206 871 runt,
235 795 373 870 quotiens
401 791 437 851 ab
466 801 529 852 arte
558 792 706 872 dicerent,
735 801 769 852 ut
796 795 834 852 sit
862 811 910 852 ars
938 795 1011 852 artis
1035 793 1156 874 artibus,
1180 794 1304 854 artubus
1328 804 1426 855 autem

122 917 176 977 per
205 918 238 979 u,
266 902 404 977 quotiens
432 899 468 959 ab
497 919 532 959 eo
561 900 640 978 qnod
670 910 769 959 essent
800 907 890 959 artus.
928 900 1006 959 unde
1031 901 1108 978 apud
1132 899 1304 961 Lucretium
1327 879 1429 980 legunt

806 1034 889 1094 hino
914 1054 1000 1093 nora
1024 1034 1145 1114 proles

282 1127 432 1202 artubus
456 1142 615 1202 infirmis
640 1151 784 1201 teneras
808 1141 939 1202 lasciva
964 1161 1026 1221 per
1050 1141 1181 1202 herbas

282 1248 559 1327 Mnmpn

122 1382 229 1461 quodsi
253 1383 451 1443 distinctionis
475 1402 563 1444 carisa
586 1386 663 1443 ratio
687 1385 898 1465 corrumpitur,
921 1385 951 1442 in
972 1374 1105 1462 eoquod
1126 1395 1172 1445 est
1190 1377 1317 1444 ‘careas'
1336 1402 1428 1463 quare

122 1507 182 1548 non
206 1499 257 1549 aut
279 1499 433 1550 accentum
458 1500 508 1551 ant
532 1491 659 1550 litteram
684 1499 842 1570 mutamus,
865 1509 932 1548 cnm
956 1497 986 1549 et
1005 1488 1127 1550 verbum
1151 1499 1181 1577 et
1204 1508 1313 1550 nomen
1337 1493 1426 1569 signi·

84 1597 199 1675 rohcet,
223 1606 252 1654 ct
276 1597 305 1655 in
329 1595 385 1656 hoc
410 1592 538 1678 {tecttsss
565 1591 568 1678 1
599 1615 666 1656 eum
696 1605 727 1655 et
750 1615 857 1656 nomen
881 1605 908 1655 et
933 1597 1120 1676 participium
1145 1598 1196 1675 sit,
1220 1605 1251 1655 et
1273 1599 1303 1656 iu
1328 1597 1426 1657 simili·

121 1699 199 1762 bus?
225 1721 297 1781 ergo
322 1722 375 1762 vox
399 1704 568 1785 scribenda,
593 1723 650 1783 qno
675 1703 761 1763 modo
788 1712 818 1763 et
837 1711 929 1763 sonat.
963 1721 1049 1763 nemo
1076 1712 1175 1762 autem
1201 1722 1342 1782 nmquam
1368 1712 1427 1764 tam

122 1808 233 1868 insulse
258 1828 311 1888 per
335 1828 354 1868 u
377 1810 502 1871 artubus
525 1809 640 1871 dixerit.

210 1916 234 1974 Y
256 1915 385 1977 litteram
408 1937 621 1997 supervacuam
645 1917 736 1978 latino
761 1920 891 1978 sermoni
914 1926 1108 2001 putaverunt,
1137 1919 1275 1996 qnoniam
1302 1936 1356 1996 pro
1381 1917 1429 1978 illa

124 2043 143 2082 ιι
162 2024 290 2084 cederet.
322 2023 373 2083 sed
394 2043 461 2084 cum
483 2025 624 2103 quaedam
645 2027 674 2084 in
695 2035 830 2085 nostrum
850 2042 1016 2084 sermonem
1041 2042 1147 2103 graeca
1167 2028 1285 2086 nomina
1303 2023 1428 2085 admissa

83 2132 197 2209 issint,
226 2133 255 2189 in
284 2131 393 2208 quibus
417 2132 569 2192 elidentes
593 2150 684 2191 sonus
708 2133 796 2191 huius
826 2132 940 2192 litterae
968 2134 1158 2213 exprimitur,
1186 2143 1219 2192 nt
1246 2132 1428 2211 hyperbaton

123 2247 154 2296 et
173 2236 301 2316 hymnus
321 2248 350 2297 et
369 2237 544 2317 hyacinthus
564 2251 593 2300 et
613 2240 728 2320 similia,
751 2242 781 2299 in
801 2239 912 2299 eisdem
931 2238 985 2299 hac
1005 2239 1102 2299 littera
1122 2242 1290 2300 necessario
1309 2242 1429 2300 utimur.

212 2343 385 2414 Quaesitum
416 2355 463 2405 est
492 2356 523 2406 et
553 2345 589 2405 do
622 2349 784 2406 mutatione
816 2348 990 2406 novissimae
1022 2345 1138 2407 litterae
1168 2348 1429 2425 praepositionum,

122 2451 263 2528 quotiens
276 2453 306 2511 in
322 2454 567 2530 compositionem
584 2455 829 2533 venirent-qnam
844 2450 963 2532 quidam
978 2455 1114 2532 imperite
1129 2471 1248 2532 semper
1257 2453 1430 2514 custodiunt

124 2554 185 2632 [ut]
210 2556 319 2636 adripit
342 2559 474 2618 dicentes
498 2568 528 2618 et
547 2561 674 2637 conripit
693 2569 724 2619 et
742 2536 882 2618 conludit.
921 2562 1059 2638 quotiens
1078 2578 1149 2639 ergo
1168 2579 1184 2619 a
1202 2559 1312 2639 liquida
1330 2559 1427 2619 littera

83 2682 109 2721 so
126 2681 255 2742 sequens
278 2668 410 2745 coeperit
435 2665 556 2727 verbnm
580 2668 628 2726 eui
653 2664 809 2744 [liquidae]
829 2668 1013 2745 praepositae
1034 2669 1145 2727 luerint
1164 2661 1308 2749 (liquidae
1328 2675 1428 2728 autem

124 2813 334 2821 ——--—-

214 2896 226 2942 1
255 2890 391 2961 optimus]
418 2890 556 2960 optimum
581 2896 695 2959 utroque
720 2891 776 2944 loco
799 2891 884 2944 ΒΡω
969 2898 986 2944 2
1013 2892 1069 2947 dat.
1094 2896 1123 2947 et
1145 2892 1230 2948 ablat.
1255 2892 1308 2963 plr.
1331 2893 1359 2944 Β

123 2975 139 3022 3
158 2967 310 3037 discerent,
329 2973 375 3024 sed
393 2973 480 3026 deleto
498 2991 511 3025 s
530 2973 622 3025 littera
639 2971 680 3036 Β,
699 2970 901 3025 descenderent
919 2972 947 3023 P
961 2972 1142 3026 descenderet
1159 2993 1180 3025 ω
1263 2980 1280 3027 4
1297 2989 1348 3041 per
1366 2977 1430 3026 ante

123 3066 141 3101 ιι
160 3065 211 3104 om.
225 3049 290 3115 Ρω,
309 3051 372 3105 add.
388 3051 415 3103 Β
488 3052 562 3121 quod
582 3052 674 3106 essent
692 3053 769 3104 artus
783 3048 867 3104 ΒΡω
887 3052 1026 3121 cariorque
1043 3055 1121 3108 modo
1136 3055 1250 3108 Curtius
1266 3054 1431 3107 Valerianos

124 3130 200 3196 apud
214 3129 335 3185 anaod.
342 3148 371 3199 p,
384 3136 472 3197 2289,
491 3150 655 3201 qrtamqrtam
668 3134 768 3187 rectius
782 3136 840 3185 erat
858 3131 1021 3198 quodenset
1038 3135 1115 3187 artus
1187 3140 1203 3187 ὅ
1222 3133 1299 3203 hinc]
1319 3133 1428 3186 Lucrct.

126 3210 217 3264 1150
307 3209 413 3280 proles]
432 3211 525 3279 plores
544 3212 573 3265 P
659 3213 795 3268 therbas
813 3213 832 3264 t.
853 3210 871 3263 l.
891 3228 917 3264 n.
937 3229 973 3264 m.
992 3231 1019 3282 p.
1039 3233 1065 3268 n.
1085 3216 1113 3268 P
1127 3216 1228 3269 herbas
1247 3215 1267 3266 l.
1287 3213 1317 3266 L.
1338 3213 1374 3265 bl.
1394 3211 1428 3265 N.

125 3289 153 3342 P.
178 3288 205 3342 Β
228 3290 329 3343 herbas
353 3311 374 3343 ιι
483 3297 500 3345 8
524 3293 710 3362 corrumpitur
733 3309 832 3347 caueae
855 3291 986 3365 quodque
1006 3309 1091 3361 quare
1111 3298 1216 3348 utnon
1239 3297 1356 3347 accentu
1379 3296 1429 3347 ant

124 3368 218 3423 littera
235 3370 247 3423 i
265 3374 404 3424 mutamus
419 3371 446 3423 Β
465 3372 652 3441 corrumpitur
666 3389 766 3426 caueae
785 3372 892 3440 quodq,
913 3389 998 3441 qnare
1016 3391 1054 3426 un
1072 3391 1128 3429 non
1147 3374 1266 3428 adoentu
1285 3376 1335 3428 aut
1353 3373 1428 3428 litte·

124 3464 182 3501 ram
206 3452 219 3502 t
241 3454 383 3505 mutamus
407 3451 435 3502 P
453 3450 641 3520 corrumpitur
663 3469 763 3506 caueae
786 3470 897 3523 quoque
919 3471 1006 3522 quare
1030 3472 1084 3508 non
1103 3456 1220 3508 accentu
1244 3456 1293 3507 aut
1316 3454 1398 3508 litera
1416 3458 1429 3509 t

94 3596 99 3604 Ι
125 3527 218 3595 (litera
231 3529 240 3582 i
255 3530 412 3598 Retechius)
431 3533 569 3584 mutamus
589 3550 610 3582 ω
625 3537 648 3584 et
664 3531 808 3586 Prttscht'tts
880 3532 1088 3602 9eignificetur
1106 3538 1136 3588 et
1153 3534 1182 3587 in
1200 3534 1254 3588 hoc
1269 3533 1427 3600 Ptttscht'tts,
1454 3547 1459 3556 '

125 3607 263 3677 significet
279 3612 312 3663 ut
329 3610 357 3663 in
375 3610 429 3664 hoc
448 3613 562 3679 repetita
580 3613 611 3665 in
629 3613 741 3680 reliquis
758 3614 899 3680 scriptura
911 3613 1052 3681 principie
1071 3615 1198 3668 editionis
1212 3614 1347 3681 Gelenius
1365 3631 1428 3669 cou-

124 3687 180 3742 lect.
200 3689 231 3742 ιἰι
249 3689 356 3744 lucret.
376 3708 400 3744 v.
420 3691 527 3744 artibus
637 3698 669 3745 10
693 3693 722 3744 et
743 3708 845 3745 nomen
869 3693 899 3746 et
920 3691 1100 3762 participium
1119 3714 1140 3746 ιιι
1165 3697 1195 3747 et
1218 3710 1319 3748 nomen
1342 3694 1428 3763 parti·

127 3765 230 3834 cipium
248 3768 310 3821 BP
416 3777 445 3823 11
467 3787 548 3823 nemo
567 3774 661 3824 autem
680 3787 814 3839 umquam
833 3791 854 3824 ω
873 3788 954 3825 nemo
972 3774 1068 3825 autem
1087 3788 1240 3841 numquam
1259 3773 1287 3824 P
1301 3790 1382 3828 nemo
1401 3792 1428 3843 y,

124 3864 278 3918 numquam
292 3850 319 3901 B
391 3852 449 3904 tam
464 3849 568 3905 insulse
583 3851 634 3904 Po>
653 3855 749 3904 tamen
767 3850 911 3905 insulsoB
926 3856 950 3903 et
964 3850 1110 3906 Pulschius
1184 3859 1216 3906 13
1236 3852 1389 3908 Ilitteram
1405 3854 1433 3906 P

195 4000 329 4068 quoniam
346 4019 397 4070 pro
415 4002 467 4056 illa
483 4021 502 4056 u
520 4002 633 4057 cederet
651 4002 701 4054 Ρω
720 4017 774 4069 que
793 4004 872 4070 (corn
892 4004 958 4070 qua)
975 4020 999 4077 ,p
1017 3950 1140 4057 anteapu
1158 4003 1270 4058 cederet
1287 4004 1314 4056 B
1332 4005 1429 4071 (deleta

119 4081 215 4149 priore
233 4081 290 4134 loco
308 4086 375 4134 asoto
392 4099 461 4150 quoe
474 4087 512 4135 eet
530 4098 581 4150 pro
596 4087 620 4135 et
632 4081 820 4149 superscapta
834 4085 983 4149 posteriore
1001 4085 1057 4136 loco
1071 4083 1162 4136 eadem
1176 4089 1242 4137 noto
1259 4085 1295 4150 b).
1314 4085 1429 4150 sortasse

124 4159 257 4228 quoniam
275 4177 326 4229 pro
346 4177 379 4214 ea
397 4179 415 4214 ιι
434 4161 595 4231 succederet
685 4168 718 4215 15
736 4161 793 4216 sint
811 4162 861 4215 Pu
880 4163 947 4215 sunt
964 4163 991 4214 B
1081 4164 1123 4232 ut]
1147 4164 1190 4217 uti
1214 4168 1245 4216 ut
1267 4164 1375 4216 viduor
1392 4163 1429 4226 B,

123 4242 169 4294 sed
188 4241 275 4294 deleta
293 4241 392 4294 ultimo
411 4240 502 4294 littera
583 4242 757 4311 hyperbaton
777 4245 806 4296 et
823 4240 933 4311 hymnis
953 4246 981 4296 et
999 4243 1164 4311 hyacinctus
1182 4243 1210 4295 Β
1226 4243 1381 4312 yperbaton
1400 4244 1430 4295 et

123 4337 225 4388 ymnus
243 4322 272 4374 et
289 4318 438 4389 yacinthus
457 4320 485 4373 P
573 4329 605 4376 16
624 4322 780 4376 necessario
800 4321 904 4375 utimur
923 4323 974 4377 Ρω
992 4324 1135 4393 tangimur
1152 4322 1307 4377 necessario
1324 4323 1352 4375 B

127 4404 157 4452 17
174 4403 204 4453 et
217 4398 439 4454 demutationem
453 4400 481 4454 P
550 4408 583 4456 18
596 4401 727 4471 imperite
742 4401 814 4456 sicut
831 4419 883 4470 per
896 4405 1058 4460 custodiunt
1071 4405 1155 4457 BPcu
1231 4408 1262 4455 19
1278 4405 1310 4456 ut
1324 4398 1430 4471 abr'ipit

710 4505 732 4534 .1.

124 4541 176 4595 Pu
194 4544 228 4595 nt
240 4541 364 4611 abripiat
376 4542 404 4595 Β
476 4550 510 4597 10
529 4545 645 4598 uerbum
664 4562 721 4614 qno
739 4543 949 4611 (impetrent)
968 4543 1073 4613 liquide
1092 4545 1269 4614 praepositae
1283 4543 1388 4598 fuerint
1401 4544 1428 4598 Β

124 4621 242 4675 uerbum
261 4639 318 4691 qno
333 4621 359 4677 ,i
374 4621 479 4690 liquide
498 4624 657 4693 praeposite
675 4624 781 4680 fuerint
794 4626 822 4677 P
838 4623 957 4678 uertitur
975 4624 1004 4678 in
1025 4642 1087 4680 eam
1105 4626 1149 4679 cni
1167 4624 1291 4693 liquidae
1310 4625 1429 4694 (liquida

126 4699 282 4770 Reiectum)
301 4700 462 4769 praeposita
479 4701 565 4756 luerit
582 4723 604 4756 ω
623 4710 648 4758 et
662 4706 815 4759 Rttschius.
835 4722 873 4758 an
890 4704 1022 4772 uerbum,
1041 4722 1113 4773 quae
1131 4707 1308 4774 praepositae
1326 4705 1430 4759 fuerint

126 4781 366 4853 praepositiones?
438 4783 535 4835 antem
549 4798 598 4840 ora.
613 4785 649 4850 B,
663 4787 727 4839 odd.
742 4784 802 4839 Ρω.
817 4790 843 4838 ct
855 4785 970 4851 [ortam
983 4781 1055 4850 haec,
1070 4783 1193 4853 liquidae
1213 4788 1279 4840 sunt
1297 4789 1430 4854 quattuor

126 4862 136 4914 l
155 4879 183 4915 m
200 4880 220 4915 n
237 4880 264 4930 r,
282 4877 340 4915 non
357 4862 449 4916 miuus
467 4879 549 4932 quam
566 4864 639 4932 quod
656 4865 765 4931 melini,
783 4864 922 4933 liquidae,
941 4881 974 4919 ca
991 4865 1113 4935 murpinc
1131 4865 1213 4919 illata
1228 4870 1295 4920 cunt
