3316 5474
235 400 278 464 68
773 397 874 452 VELll
892 396 1005 452 LONGI

238 512 259 547 p.
276 501 334 540 sees.
350 502 376 539 ao
390 501 414 539 P.
1062 498 1065 503 ·

237 584 394 663 scribitur,
418 586 478 643 sive
503 583 582 661 quod
607 584 699 659 tingat
723 581 751 641 id
776 583 853 660 quod
878 580 1061 641 inscribitur.
1098 582 1250 640 tamenin
1274 579 1328 640 hac
1352 598 1424 640 voce
1453 581 1497 641 sic
1520 598 1542 640 u

237 691 366 752 litteram
390 691 544 768 occuparit
567 687 761 768 consuetudo,
785 697 899 749 utnon
924 687 1007 747 facile
1031 688 1126 766 possit
1148 685 1242 746 evelli.

330 796 487 858 Nonnulli
508 798 596 856 etiam
619 798 698 855 varie
718 795 805 854 modo
824 814 878 874 per
901 815 921 856 ιι
945 793 1032 854 modo
1055 796 1138 874 peri
1161 796 1347 872 scripserunt
1365 795 1495 854 ortubus
1513 801 1543 854 et

238 904 360 984 artibus,
384 913 427 984 ut,
448 906 477 962 si
499 921 566 962 cnm
591 903 804 980 significatione
828 910 911 962 artus
930 909 1040 982 essent,
1063 910 1096 962 ut
1114 919 1202 961 arcus
1221 909 1252 961 et
1269 908 1381 980 partus,
1404 918 1424 960 ιι
1443 898 1543 960 httera

237 1013 267 1071 in
291 1005 388 1070 dativ'o
412 1017 441 1069 et
464 1010 595 1068 ablativo
619 1017 802 1088 servaretur3
826 1010 851 1068 si
878 1026 948 1068 vero
972 1017 1073 1068 essent
1096 1017 1187 1087 artes,
1216 1015 1250 1067 ut
1272 1025 1356 1067 arces
1379 1015 1410 1068 et
1431 1016 1569 1088 partes,s

238 1127 309 1178 tunc
333 1116 411 1177 idem
434 1115 477 1175 illi
500 1133 586 1174 casus
610 1115 696 1192 peri
719 1113 849 1174 litteram
868 1114 1079 1175 scriberentur.
1118 1112 1189 1173 mihi
1209 1113 1325 1175 videtur
1343 1115 1432 1173 nimis
1450 1115 1541 1174 rusti·

236 1241 307 1283 cana
336 1223 499 1282 enuntiatio
528 1222 641 1301 lutura,
669 1223 695 1281 si
722 1239 777 1300 per
805 1240 823 1281 u
853 1221 1054 1282 extulerimus.
1091 1223 1131 1282 ita
1160 1229 1259 1280 tamen
1287 1221 1423 1281 existimo
1447 1239 1540 1281 enun-

238 1329 385 1411 tiandum,
413 1338 446 1389 ut
473 1347 528 1388 nec
556 1329 644 1387 nimis
672 1329 682 1386 i
708 1327 806 1388 littera
835 1327 919 1388 erilis
947 1329 989 1410 sit,
1022 1346 1086 1408 nec,
1115 1347 1134 1387 ιι
1163 1326 1292 1387 litteram
1318 1331 1348 1388 si
1375 1329 1542 1410 scripseris,

238 1436 450 1495 enuntiationis
474 1453 547 1494 sono
572 1431 668 1511 [cum]
694 1435 781 1494 nimis
804 1433 897 1513 plena.
935 1453 969 1494 ac
994 1436 1216 1494 meminerimus
1240 1436 1312 1495 artis
1341 1425 1541 1515 ὀρθοεπείας

238 1560 303 1600 esse
329 1550 370 1620 ut,
401 1542 461 1600 sive
480 1540 555 1600 hanc
575 1542 636 1599 sive
660 1540 737 1599 illam
761 1539 890 1600 litteram
913 1543 1078 1622 scripseris,
1102 1543 1314 1601 enuntiationis
1337 1559 1443 1601 sonum
1466 1550 1540 1602 tem·
1555 1560 1584 1623 1⁰.

233 1656 327 1726 peret.
365 1645 443 1705 idem
465 1655 538 1726 puto
562 1648 641 1706 etin
666 1646 761 1726 clipeo
784 1666 838 1726 per
862 1649 871 1706 1
895 1649 1007 1727 scripto
1030 1646 1262 1728 observandum,
1285 1666 1340 1708 nec
1363 1647 1541 1708 audiendam

234 1772 335 1813 ranam
364 1756 624 1832 grammaticorum
651 1751 862 1832 differentiam,
893 1756 945 1830 qui
972 1752 1097 1814 alterum
1126 1771 1142 1812 a
1170 1753 1326 1834 clependo,
1359 1757 1491 1815 alterum
1520 1773 1540 1815 a

234 1864 363 1920 eluendo
386 1868 491 1939 putant
514 1859 635 1919 dictum.

328 1964 366 2024 Et
395 1965 431 2024 de
455 1980 480 2024 H
504 1965 600 2025 littera
625 1968 792 2046 quaeritur,
820 1983 895 2043 quae
919 1984 951 2025 se
976 1964 1141 2044 [cumbis]
1165 1977 1216 2028 aut
1239 1969 1365 2030 inseruit
1387 1967 1539 2028 vocalibus

234 2083 285 2133 aut
307 2074 491 2151 praeposuit:
515 2073 650 2152 inseruit,
673 2075 755 2132 utin
774 2072 829 2152 his,
853 2071 1010 2132 vehemens
1030 2073 1230 2154 reprehendit,
1253 2093 1321 2135 cum
1340 2073 1538 2153 elegantiores
1552 2093 1579 2134 rs

203 2165 211 2177 ⁸
237 2190 266 2240 et
295 2186 461 2239 sementem
492 2177 592 2238 dicant
620 2187 650 2238 et
678 2179 832 2258 reprendit
859 2179 1022 2238 secundum
1050 2182 1176 2259 primam
1196 2182 1395 2262 'positionem;
1422 2181 1538 2262 prendo

235 2289 314 2346 enim
342 2286 482 2366 dicimus,
511 2303 570 2345 non
597 2284 759 2364 prehendo.
808 2283 864 2362 [at]
892 2287 1077 2368 praeposuit,
1110 2296 1143 2346 ut
1173 2306 1241 2347 cum
1269 2288 1395 2348 dicimus
1430 2286 1539 2364 [hostis

234 2393 342 2454 harena
367 2391 507 2469 harenae]
532 2391 654 2452 halicarn
679 2403 708 2452 et
732 2391 895 2472 haliculam,
919 2410 987 2451 cum
1010 2391 1046 2451 ab
1070 2392 1174 2452 alendo
1197 2397 1292 2473 possit
1320 2393 1393 2454 alica
1416 2394 1476 2455 dici
1509 2403 1539 2455 et

236 2500 370 2562 aliculam
398 2500 402 2576 Ι
430 2502 599 2560 existiment
629 2478 750 2574 dictam,
783 2498 862 2578 quod
893 2497 952 2558 alas
980 2498 1065 2559 nohis
1093 2501 1201 2562 iniecta
1232 2504 1388 2562 contineat.
1432 2502 1539 2564 hortus

231 2628 349 2688 quoque
376 2627 435 2668 uon
464 2605 649 2666 desiderabat
680 2607 923 2685 adspirationem,
952 2605 1031 2684 quod
1060 2604 1101 2665 ihi
1125 2606 1233 2667 herbae
1257 2611 1405 2691 oriantur,
1432 2609 1462 2668 id
1492 2618 1580 2669 estro

230 2739 299 2746 ἡ..
313 2738 442 2746 *-.-.

322 2796 411 2850 Codex
430 2796 577 2849 Parrhasii
614 2796 819 2865 liuscribitnr]
839 2794 954 2848 inscribi
1026 2795 1156 2850 21111111
1228 2797 1314 2852 auelli
1384 2798 1538 2869 3scripse-

233 2879 299 2930 runt
316 2876 424 2931 artibus
442 2880 474 2927 ut
493 2893 555 2928 cum
575 2875 807 2944 significationem
858 2883 890 2928 ,ὃ
910 2877 938 2927 11
956 2874 1081 2930 ablativo
1100 2893 1149 2932 om.
1223 2885 1239 2933 6
1259 2895 1324 2933 casn
1397 2884 1412 2932 7
1432 2880 1538 2934 extoie-

232 2957 319 3011 rimns
391 2962 407 3010 8
426 2974 445 3008 u
458 2953 584 3008 litteram
600 2955 742 3024 scripseris
815 2962 831 3009 9
852 2950 1020 3022 όρθοεπείαι
1094 2963 1126 3010 10
1145 2957 1204 3011 siue
1218 2958 1288 3012 hoec
1303 2959 1361 3013 siue
1375 2957 1427 3011 illa
1440 2957 1540 3012 littera

304 3044 335 3091 13
355 3037 474 3091 alterum
495 3052 512 3087 a
530 3035 647 3088 cluendo
667 3053 716 3089 om.
791 3043 824 3089 14
843 3033 999 3103 vocalibus]
1019 3036 1134 3090 uocibus
1213 3044 1245 3092 lt
1264 3037 1433 3108 vementem]
1453 3040 1537 3093 uehe-

231 3121 338 3171 menter
427 3114 583 3184 reprendit]
608 3116 787 3182 reprehendit
878 3122 909 3169 tt
935 3133 997 3169 curn
1016 3116 1093 3170 dicas
1112 3117 1200 3170 hostis
1219 3118 1324 3172 harena
1342 3119 1463 3172 harenae
1483 3118 1537 3172 .ha.

229 3196 351 3252 helicem
371 3200 400 3252 et
417 3194 540 3250 helicem
560 3199 589 3249 et
607 3196 739 3250 aliculam
757 3214 821 3250 cum
840 3195 875 3250 nh
895 3195 995 3248 nlendo
1087 3202 1119 3249 19
1139 3198 1280 3251 existimet
1369 3203 1403 3249 ‘20
1426 3198 1456 3251 id
1482 3198 1537 3267 est]

229 3283 304 3397 iderii
326 3332 359 3386 G:
380 3334 555 3399 streperem.
576 3349 590 3385 e

317 3510 333 3556 2
353 3503 438 3556 anelli
457 3499 499 3553 It:
515 3517 545 3567 p.
557 3506 649 3565 59,1o·
669 3500 709 3554 sio
727 3501 862 3554 insertum
881 3516 975 3551 rursus
994 3517 1011 3551 u
1030 3499 1203 3568 agnoscitur,
1222 3504 1254 3554 nt
1272 3500 1357 3564 evelli
1374 3517 1429 3554 ιιοιι
1447 3501 1537 3569 possit

283 3589 299 3636 3
320 3583 489 3652 scripserunt
508 3579 628 3647 artibus,
647 3583 680 3634 ut
699 3599 760 3634 cum
780 3580 858 3633 iuxta
877 3576 1109 3647 significationem
1128 3597 1207 3635 arcus
1225 3585 1331 3650 essent,
1355 3586 1386 3637 nt
1409 3600 1489 3637 ercus
1508 3584 1539 3637 et

230 3666 342 3734 partus,
360 3681 377 3715 v
396 3661 492 3715 littera
509 3660 538 3713 in
558 3661 654 3715 datiuo
674 3664 830 3715 seruaretur
849 3657 889 3710 R:
909 3657 943 3722 es.
964 3657 1061 3714 Searer.
1076 3666 1195 3729 p.25,1
1269 3669 1285 3717 8
1304 3680 1356 3718 nee
1374 3683 1393 3717 u
1412 3663 1538 3718 litteram

229 3743 371 3811 scripseris
390 3741 589 3795 enuntiationis
609 3757 677 3795 sono
697 3758 760 3793 cum
779 3739 861 3791 nimis
879 3738 963 3806 pleno
982 3738 1010 3791 R
1082 3747 1098 3794 9
1117 3742 1231 3807 fortusse
1250 3742 1449 3798 enuntiationis
1468 3761 1536 3800 sono

230 3826 324 3877 currat
342 3823 382 3876 vel
401 3822 450 3875 fist
468 3820 551 3874 nimis
571 3820 655 3889 plens
727 3816 894 3887 ὀρθοέπειαι
911 3836 969 3873 esse
985 3822 1017 3872 ut
1031 3821 1089 3874 sine
1104 3823 1158 3874 hac
1171 3821 1230 3875 siue
1244 3822 1295 3874 ills
1308 3822 1404 3877 littera
1420 3823 1537 3892 scripse-

231 3903 268 3957 ris
287 3902 315 3954 11
388 3908 418 3954 11
439 3902 555 3967 sortasse
573 3902 602 3954 in
620 3900 712 3968 clipeo
731 3919 780 3968 per
799 3902 807 3953 i
827 3901 872 3954 vel
891 3918 940 3968 per
959 3920 977 3953 u
997 3899 1100 3969 scripto
1188 3908 1220 3954 12
1240 3903 1290 3970 qui
1309 3902 1427 3956 alterum
1446 3920 1464 3958 o
1482 3903 1536 3957 cle·

231 3982 322 4052 pendo
337 3984 439 4051 putent
457 3982 562 4036 dictum
577 3983 612 4047 n,
631 3981 679 4048 qui
694 3981 812 4034 ultorum
827 3980 975 4034 uoluendo
991 3981 1110 4034 alterum
1125 3997 1142 4034 a
1156 3980 1291 4049 clependo
1310 3984 1412 4051 putent
1429 3982 1537 4037 dictum

231 4063 434 4117 Bramhechr'us
453 4063 569 4129 orthopr.
590 4061 636 4113 lat.
651 4077 682 4127 p.
701 4065 773 4115 121:
792 4062 825 4127 ef.
848 4060 954 4115 Charis.
971 4080 1000 4128 p.
1021 4068 1065 4127 77,
1084 4069 1124 4118 20
1215 4068 1248 4114 14
1267 4064 1297 4116 et
1314 4062 1349 4116 de
1368 4064 1421 4116 hac
1440 4062 1538 4117 littere

232 4142 387 4212 quaeritur,
406 4158 524 4210 quaese
544 4158 607 4193 cum
626 4139 669 4193 his
689 4147 738 4195 aut
756 4141 873 4195 inseruit
891 4141 1005 4196 vocibus
1024 4142 1059 4196 R.
1088 4142 1125 4195 Et
1143 4143 1177 4195 de
1196 4141 1222 4194 H
1241 4142 1336 4195 littera
1355 4142 1537 4197 Cornnrelinus

303 4240 365 4277 eum
388 4222 432 4276 his
456 4227 593 4289 terrenum
617 4227 705 4274 ortum
728 4238 761 4274 es·
779 4240 808 4277 eo
827 4224 899 4290 quod
917 4223 1040 4290 repetitur·
1058 4224 1090 4275 ut
1112 4222 1141 4276 in
1165 4223 1210 4276 his
1232 4224 1343 4288 secheri,
1365 4223 1422 4276 nisi
1440 4224 1538 4290 potiere

231 4306 402 4359 scribendum
425 4307 483 4357 eret
507 4318 578 4370 quae
602 4319 630 4356 se
650 4304 777 4357 omnibus
796 4307 846 4357 unt
863 4302 981 4356 inseruit
999 4303 1142 4357 vocalibus
1223 4309 1255 4356 15
1274 4303 1425 4357 vehemens
1443 4320 1537 4370 repre-

231 4385 340 4455 hendit]
356 4402 386 4453 p.
407 4390 480 4451 75,1
587 4391 618 4438 16
646 4388 675 4437 11
692 4385 871 4438 vehementer
890 4383 993 4437 dicunt.
1022 4382 1052 4435 In
1072 4383 1251 4450 reprehendit
1269 4382 1309 4449 R,
1330 4385 1359 4435 et
1376 4385 1538 4437 veementer

232 4464 328 4518 dicent
346 4470 375 4519 11
392 4465 551 4535 repreendit
571 4465 622 4517 ‘cel
637 4468 732 4533 potius
746 4467 888 4518 vementer
907 4465 936 4517 et
954 4462 1108 4530 reprendit’
1131 4464 1317 4517 (lambertinus.
1341 4462 1492 4516 vehemens
1507 4466 1537 4516 et

232 4563 344 4599 vemens
365 4548 438 4615 apud
458 4547 587 4614 antiquos
606 4548 635 4600 et
653 4546 727 4615 apud
748 4544 905 4598 Ciceronem
927 4543 1004 4612 lego,
1023 4558 1112 4609 aeque
1131 4544 1274 4610 prehendo
1293 4547 1322 4595 et
1344 4542 1450 4611 prendo
1471 4540 1536 4596 Cor-

231 4633 316 4678 netus
325 4628 402 4692 apud
412 4627 614 4681 C'nseiodorr'unr
626 4644 654 4694 p.
666 4626 803 4690 228111.
815 4624 912 4678 Scanr.
921 4642 950 4691 p.
962 4627 1050 4688 19,11
1107 4630 1137 4676 lt
1149 4627 1199 4676 eut
1207 4624 1371 4691 praeposuit
1380 4624 1486 4676 Iunius

231 4709 264 4757 ut
282 4721 345 4758 cum
364 4704 440 4759 diens
458 4707 554 4775 hostis,
568 4708 673 4760 herena
691 4704 822 4770 habeam,
842 4707 871 4758 et
888 4702 1029 4769 elicnlsm,
1048 4720 1111 4756 eum
1126 4704 1161 4756 nb
1176 4703 1275 4757 alendo
1295 4703 1331 4772 R,
1350 4705 1399 4758 uhi
1418 4708 1448 4759 et
1465 4705 1535 4760 heli·

231 4785 324 4837 culam
346 4787 515 4839 scribendum
538 4802 592 4840 esse
615 4787 686 4839 cidit
709 4786 897 4838 Corrtmelinus.
925 4782 1013 4836 hostis
1035 4783 1076 4835 vel
1093 4782 1188 4849 potire-s
1210 4782 1308 4837 hortus
1331 4790 1355 4838 et
1379 4785 1484 4840 harene
1503 4803 1537 4840 ex

231 4867 355 4935 marpine
372 4862 452 4919 illata'
470 4883 524 4919 esse
542 4867 669 4919 rideretur
757 4909 761 4916 .
