3316 5474
235 335 299 400 154
773 306 1000 396 caseconoan

231 448 253 484 Ρ.
267 438 326 478 2²86.
340 438 366 477 87
380 438 405 476 P.

321 512 445 582 latroni
464 525 552 584 etiam
570 523 666 602 placet
684 543 700 585 r
719 525 860 608 litteram,
883 528 909 587 si
931 529 1027 608 primo
1051 527 1115 588 loco
1138 537 1279 610 ponatur,
1303 547 1361 589 non
1381 528 1534 608 adspirari.

232 628 326 689 lector
349 631 428 690 enim
455 632 533 712 ipse,
560 632 670 712 inquit,
697 631 871 711 intellegere
894 631 983 693 debet
1006 633 1135 713 Rodum,
1162 636 1279 695 tametsi
1302 634 1321 694 h
1350 653 1410 695 non
1437 633 1536 710 habet,

232 733 369 796 Rhodum
389 753 468 817 esse,
491 744 622 798 retorem
640 738 799 800 rhetorem.
837 738 889 800 sed
908 739 1011 801 eadem
1030 740 1196 802 observatio
1215 759 1275 801 non
1299 745 1465 802 necessaria
1490 751 1536 803 est

233 840 262 919 [r
289 841 410 920 litteral
453 852 523 905 suut
550 846 628 906 enim
657 843 745 904 rerba
772 846 869 925 primo
896 844 962 906 loco
989 864 1005 906 r
1032 845 1161 907 litteram
1193 845 1330 908 habentia
1353 866 1412 909 uon
1436 852 1535 910 minus

234 949 322 1011 latina
346 968 434 1031 quam
457 969 570 1030 graeca.
613 953 712 1031 itaque
741 953 847 1012 merito
875 953 1045 1014 auferemus
1073 951 1138 1030 [aut
1166 953 1380 1033 amovebimus]
1405 954 1534 1035 adspira·
1562 971 1576 1012 5

232 1059 356 1138 tionem,
379 1056 472 1118 Roma
495 1060 596 1137 regina
619 1075 689 1136 rapa
711 1056 821 1118 Rodus.

325 1163 344 1223 Z
365 1166 395 1224 in
415 1166 545 1243 antiquis
567 1164 674 1226 libellis
692 1165 779 1226 modo
799 1167 943 1248 scriptum
963 1174 1016 1247 est,
1035 1166 1122 1227 modo
1143 1185 1211 1249 uon,
1230 1166 1282 1228 sed
1301 1186 1355 1247 pro
1374 1166 1424 1228 illo
1443 1167 1502 1229 duo
1521 1188 1536 1230 s

233 1270 434 1351 ponebantur,
462 1271 600 1332 crotalizo
631 1271 798 1352 crotalisso,
826 1271 963 1333 malacizo
992 1272 1144 1333 malacisso
1178 1280 1208 1334 et
1239 1272 1286 1333 his
1319 1272 1432 1334 similia.
1483 1274 1535 1334 sod

235 1376 364 1437 viderint
386 1375 427 1437 illi
451 1379 517 1459 qui,
540 1397 608 1438 cum
632 1377 730 1439 verbis
753 1379 877 1457 integris
891 1377 1072 1440 Graecorum
1096 1380 1140 1439 uti
1163 1396 1223 1438 non
1246 1378 1444 1458 erubuerunt,
1467 1398 1534 1440 eru·

231 1482 412 1544 bescendum
432 1482 623 1545 crediderunt
641 1482 755 1545 litteras
774 1501 895 1563 graecas
913 1486 1127 1545 intermiscere.
1157 1484 1244 1546 nobis
1263 1487 1355 1546 satius
1374 1494 1421 1546 cst
1438 1485 1534 1547 alieno
1550 1507 1575 1545 10

232 1589 307 1650 heue
331 1593 389 1672 uti,
413 1609 501 1670 quam
524 1599 627 1651 nostro
651 1589 841 1669 ineleganter.
863 1584 867 1671 Ι

386 1817 419 1881 II
450 1816 510 1882 EX
533 1815 664 1881 VELIO
688 1815 835 1882 LONGO
858 1814 957 1883 ISTA
980 1816 1245 1883 DEFLORATA
1269 1817 1383 1883 SVNT

323 1964 373 2045 At,
397 1966 422 2024 si
445 1963 615 2023 coniunctio
638 1962 742 2042 luerit,
764 1981 819 2042 per
841 1971 854 2025 t
877 1962 1067 2025 scribendum
1092 1972 1151 2044 est,
1174 1973 1209 2025 ut
1231 1972 1277 2025 est

391 2097 427 2148 at
450 2097 483 2149 te
507 2088 698 2147 nocturnis
721 2088 819 2148 iuvat
841 2086 1094 2167 impallescere
1118 2088 1269 2170 chartis;

233 2217 258 2274 si
280 2215 475 2295 praepositio,
497 2231 551 2293 per
574 2212 606 2293 d,
629 2220 663 2272 ut
685 2221 732 2273 est
1549 2233 1574 2271 m

391 2336 497 2398 lanclo
521 2334 659 2414 aliquid
683 2338 712 2396 si
735 2336 830 2397 torte
853 2344 933 2397 tuas
956 2337 1187 2416 pervenitad
1211 2356 1324 2400 aures.

233 2459 344 2544 ‘atque’
365 2466 435 2524 item
449 2455 624 2524 'coniunctio
640 2462 802 2541 composita
820 2470 901 2542 pert
920 2461 1054 2522 similiter
1068 2463 1232 2525 scribenda.
1261 2464 1337 2543 apucl
1356 2469 1535 2546 praepositio

232 2571 327 2651 perd
351 2569 442 2631 scribi
465 2568 566 2650 (lebet,
590 2570 667 2629 sicut
691 2564 737 2628 ‘acl
761 2562 897 2648 patrem'‚
921 2569 1059 2647 quoniam
1079 2577 1194 2630 veteres
1213 2589 1301 2649 saepe
1320 2571 1397 2651 apud
1420 2591 1474 2651 pro
1499 2573 1534 2632 arl

233 2679 279 2738 usi
298 2684 381 2757 sunt3
400 2685 432 2736 et
449 2675 563 2737 duabus
583 2694 618 2736 er
638 2695 672 2737 ea
691 2675 796 2736 mediis
814 2675 922 2736 litteris
940 2674 1072 2756 sublatis,
1092 2675 1121 2737 id
1141 2685 1186 2738 est
1203 2696 1222 2756 p
1242 2685 1272 2738 et
1291 2696 1320 2758 u,
1338 2671 1374 2738 ad
1393 2689 1534 2741 remanet.

233 2786 305 2844 item
325 2785 389 2863 quit
407 2800 461 2863 per
479 2793 491 2845 t
510 2785 653 2862 scriptum
674 2782 796 2843 verbum
815 2789 862 2843 est
880 2784 984 2843 tertiae
1003 2800 1156 2863 personae,
1171 2785 1256 2844 cuius
1275 2786 1370 2863 prima
1385 2794 1431 2847 est
1448 2804 1534 2866 queo,
1549 2803 1575 2841 zo

233 2890 363 2951 secunda
386 2892 467 2969 quis,
496 2892 582 2950 tertia
605 2891 682 2971 quit3
710 2907 746 2949 er
775 2887 883 2968 quibus
911 2897 1130 2968 componuntur
1153 2908 1269 2970 nequeo
1293 2894 1400 2971 nequis
1423 2896 1535 2975 nequit,

326 3104 341 3151 t
360 3097 380 3150 Z
399 3098 428 3152 in
446 3097 569 3166 antiquis
590 3097 665 3152 Cart.
685 3095 953 3162 Valertaa.157,16
1009 3102 1041 3150 13
1060 3096 1098 3150 At
1122 3096 1177 3151 Vel.
1196 3096 1283 3167 Ieup.
1303 3103 1414 3166 62,10.
1433 3106 1478 3168 69,
1497 3107 1534 3157 18

269 3183 302 3232 17
322 3178 397 3248 apud
421 3178 476 3234 Vel.
495 3179 582 3248 Loup.
603 3184 648 3243 70,
666 3182 685 3231 6
757 3174 872 3244 coquit
895 3175 952 3230 Vel.
971 3176 1058 3245 Loup.
1078 3182 1181 3244 69,.25

323 3383 336 3430 1
362 3377 474 3432 uarroni
497 3376 582 3431 etiam
606 3373 700 3444 placet
723 3373 750 3426 A
773 3371 887 3427 uarroni
911 3372 986 3427 enim
1009 3371 1103 3442 placet
1125 3374 1153 3427 Β
1160 3388 1177 3432 ς
1201 3375 1311 3431 numeni
1334 3377 1429 3446 placet
1452 3376 1474 3430 G

231 3473 245 3509 r
258 3454 384 3511 literam
398 3456 421 3511 si
436 3456 525 3547 primo
540 3456 602 3511 loco
616 3457 737 3524 ponatur
754 3451 860 3519 Carrio,
875 3451 894 3506 h
908 3451 1004 3508 littera
1017 3451 1042 3506 si
1055 3469 1105 3522 pro
1119 3453 1220 3522 (primo
1235 3456 1262 3522 ς)
1276 3454 1338 3512 ioco
1351 3460 1472 3526 ponatur
1484 3457 1534 3515 Βς

231 3536 249 3590 h
273 3536 399 3590 litteram
422 3536 447 3589 si
469 3553 519 3605 pro
542 3536 604 3591 loco
626 3532 789 3603 ponaturtl
809 3532 829 3586 h
849 3494 1015 3587 litteram
993 3550 1017 3586 s1
1035 3549 1068 3602 pr
1082 3534 1153 3601 (lue
1173 3536 1247 3603 post)
1265 3553 1280 3589 r
1297 3539 1418 3604 ponatur
1436 3539 1462 3591 A

232 3615 400 3670 alectusO
468 3618 526 3670 tam
545 3614 598 3669 etsi
617 3614 706 3668 ABG
774 3613 806 3684 h]
825 3612 903 3682 bqO
972 3618 987 3666 3
1007 3611 1148 3684 Rhodum]
1168 3613 1266 3668 rodum
1283 3614 1311 3669 Β
1380 3618 1532 3706 rhetorem]

232 3749 372 3802 aetherem
391 3747 449 3801 ΒΟ
516 3696 571 3801 secl
583 3707 681 3802 eldea
700 3745 924 3801 obseruationem
943 3746 1018 3815 (nem
1035 3749 1101 3816 rus.)
1120 3763 1176 3802 non
1193 3747 1349 3803 necessaria
1368 3749 1411 3802 ast
1428 3767 1442 3802 r
1460 3749 1533 3803 litte-

230 3845 278 3882 rae
304 3831 383 3896 (corr.
403 3827 507 3895 littera)
529 3828 558 3882 Β
648 3827 814 3881 trlittera
836 3842 886 3880 om.
906 3827 945 3892 A,
969 3825 1179 3885 rlitteraes'
1171 3846 1201 3881 m
1218 3846 1233 3883 r
1250 3828 1284 3883 lit
1272 3831 1346 3883 ttera
1366 3827 1463 3883 Carrio

144 3917 146 3921 ’
231 3915 247 3962 s
271 3908 370 3962 merito
394 3906 551 3962 auferamus
574 3910 625 3961 aiat
647 3907 840 3963 amouebimus
863 3904 1092 3975 (adspirationem
1115 3908 1179 3962 odd.
1203 3909 1226 3973 c)
1249 3925 1267 3964 a
1291 3924 1370 3962 roma
1393 3907 1416 3961 G
1436 3909 1535 3964 merito

231 3985 381 4041 auferimus
400 3987 418 4040 h
437 4003 516 4041 roma
534 3988 560 4040 A
651 3995 667 4043 6
686 3988 766 4058 rapa]
786 4003 861 4056 papa
878 3987 906 4041 Β
997 3992 1012 4040 ‘1
1031 3985 1061 4040 in
1079 3987 1201 4057 antiquis
1219 3988 1323 4044 libellis
1341 3988 1487 4057 ABPar.,
1504 3988 1534 4042 in

231 4065 354 4134 antiquis
383 4064 462 4120 libris
487 4064 520 4133 C,
547 4066 578 4121 in
605 4067 728 4135 antiquis
756 4066 835 4120 libris
858 4065 1021 4121 Latinorum
1051 4073 1177 4137 excerpta
1201 4067 1293 4123 Curtii
1321 4069 1465 4124 Valeriani

231 4144 335 4215 scripta
353 4144 439 4201 estG
511 4162 562 4215 pro
580 4144 674 4200 illac
749 4145 821 4200 duae
840 4163 866 4200 ss
883 4147 911 4201 Β
983 4147 1150 4202 Serotalizo
1169 4147 1336 4203 chrotalisso
1355 4149 1382 4202 A
1401 4149 1534 4204 crotolizo

231 4225 376 4282 crotalisso
394 4226 422 4278 Β
441 4226 541 4281 eralizo
556 4224 745 4280 crotalissoC
797 4225 944 4297 malacizo]
963 4226 1090 4281 malicizo
1109 4227 1137 4280 A
1191 4230 1221 4282 et
1234 4227 1264 4281 in
1277 4229 1321 4283 his
1339 4230 1366 4281 A
1422 4229 1536 4283 auide}

231 4309 267 4377 (b.
290 4325 311 4362 e.
335 4306 476 4376 uiderunt)
502 4307 525 4361 0
614 4313 647 4362 10
671 4306 839 4362 crediderint
856 4306 883 4359 Β
973 4307 1016 4360 est
1034 4323 1083 4362 om.
1102 4307 1130 4359 Β
1222 4314 1358 4378 liquam
1377 4313 1430 4363 m
1454 4304 1548 4361 ineli-'

230 4408 330 4475 genter
349 4405 375 4460 A
394 4421 477 4474 quam
496 4422 551 4459 non
566 4406 732 4476 ineliganter
751 4406 830 4475 (cor-r.
844 4403 1028 4475 ineleganter)
1048 4403 1075 4458 B
1093 4422 1177 4475 quam
1196 4393 1225 4461 il
1241 4406 1382 4476 eligantur
1400 4405 1430 4470 0,
1450 4423 1534 4473 quam

229 4485 404 4553 ineleganter
422 4488 518 4540 nostra
535 4503 675 4555 apponere
694 4503 711 4545 ς
730 4505 762 4542 ec
778 4485 869 4540 Curtii
888 4485 1031 4539 Valeriani
1048 4487 1181 4555 exemptis
1254 4492 1286 4540 ta
1306 4485 1438 4540 UELLIO
1458 4486 1485 4538 Β

230 4565 460 4633 huncouans]
479 4565 625 4620 RELATA
644 4567 671 4620 Β
760 4572 791 4621 13
811 4564 986 4619 scribendum
1005 4565 1058 4635 est]
1078 4563 1162 4620 scribi
1180 4566 1306 4621 debetO
1391 4571 1425 4617 14
1444 4568 1475 4618 at
1492 4566 1532 4636 te]

231 4644 304 4698 Pers.
323 4650 374 4700 sot.
394 4649 420 4710 5,
439 4649 478 4699 02
540 4652 572 4700 16
592 4645 688 4717 tando]
714 4645 791 4714 Verp.
810 4646 878 4700 Aea.
899 4645 941 4697 II
957 4649 992 4699 81
1052 4643 1168 4714 aliquod
1185 4645 1213 4698 Β
1276 4651 1310 4700 18
1328 4645 1443 4711 sortasse
1462 4643 1535 4699 sicut

230 4722 267 4778 ad
285 4722 456 4792 praepositio
520 4730 552 4778 19
572 4741 605 4780 ex
624 4726 669 4796 aa]
689 4742 722 4780 ex
741 4727 781 4780 eis
799 4724 890 4778 ABG
950 4729 985 4777 20
1009 4723 1087 4779 cuius
1108 4723 1200 4793 prima
1222 4725 1266 4778 est
1288 4739 1359 4793 queo
1379 4724 1534 4793 exquibus

231 4806 424 4876 conponuntur
442 4821 549 4873 nequeo
568 4804 663 4875 inquio
682 4822 732 4874 per
750 4805 769 4859 d
787 4806 882 4860 autem
901 4804 924 4858 0
