3316 5474
174 433 177 439 .
259 376 303 456 94
518 411 534 441 .
855 375 963 430 cursu

257 488 278 523 p.
294 478 346 515 2240
360 476 384 515 P.

348 560 497 620 Eventura
529 558 601 619 milri
633 576 775 638 praesago
805 561 955 638 praesagis
984 560 1145 638 praesagit,
1179 576 1232 617 nos
1263 560 1480 638 praesagimus,
1514 578 1566 619 vos

257 669 444 747 praesagitis,
466 666 508 726 illi
531 675 719 745 praesagunt.

346 772 401 833 llic
428 781 550 852 pecten,
578 772 625 832 bic
656 773 728 850 lien,
756 773 804 833 hic
833 775 912 853 rien,
941 774 983 832 sic
1007 772 1117 833 tibicen
1141 771 1248 831 fidicen
1272 770 1372 832 liticen
1396 771 1566 833 dicendum.

258 899 379 960 praeses
402 879 547 959 praesidis
571 881 648 940 facit,

345 986 457 1047 Ambos
480 997 510 1047 et
532 987 607 1046 duos
630 989 798 1046 accusativo
821 987 963 1066 dicimus,
987 984 1073 1045 ambo
1097 994 1127 1046 et
1150 986 1210 1046 duo
1234 988 1423 1045 nominativo.

346 1095 423 1154 Acer
445 1096 582 1153 inermus
604 1093 738 1154 infirmus
762 1093 874 1153 faciunt
896 1091 1051 1171 pluraliter
1074 1095 1136 1152 acri
1159 1094 1266 1151 inermi
1284 1092 1401 1151 infirmi.
1440 1098 1470 1151 at
1488 1093 1564 1151 acris

259 1204 382 1261 inermis
410 1201 534 1261 infirmis
563 1203 593 1260 iu
624 1199 731 1280 plurali
764 1217 889 1259 numero
921 1198 1033 1260 faciunt
1062 1218 1147 1260 acres
1177 1202 1307 1258 inermes
1337 1198 1478 1258 infirmes.
1521 1201 1564 1258 sic

258 1307 371 1367 hilarus
394 1307 480 1368 hilari
502 1309 585 1386 lacit,
608 1305 710 1367 hilaris
733 1305 851 1368 hilares.
1118 1289 1122 1297 ’

347 1414 448 1475 Nostri
472 1423 644 1474 nostrorum
667 1422 804 1473 nostrum
828 1415 909 1475 venit
932 1431 949 1473 a
972 1432 1041 1474 uos:
1065 1415 1108 1474 sic
1131 1415 1223 1473 vestri
1242 1420 1410 1473 vestrorum
1430 1421 1562 1472 vestrum

260 1522 339 1579 venit
362 1539 377 1578 a
402 1539 461 1580 vos.

347 1625 402 1686 Vas
427 1629 502 1687 vasis
526 1629 595 1688 facit
624 1632 760 1708 genetivo
785 1627 940 1707 singulari3
970 1638 999 1688 et
1027 1627 1124 1688 dativo
1152 1625 1258 1706 plurali
1287 1628 1363 1686 vasis
1391 1627 1474 1705 facit,
1504 1644 1563 1686 nou

261 1733 389 1814 vasibus,
412 1744 442 1795 et
465 1737 601 1812 genetivo
625 1754 776 1816 vasorum,
800 1753 858 1794 non
882 1753 1014 1794 vasuum.

347 1841 427 1902 Odea
452 1860 553 1902 musea
577 1860 699 1920 serapea
722 1843 782 1900 isca
807 1840 955 1901 mausolea
978 1841 1106 1901 caduces
1130 1840 1298 1901 dicendum.

348 1945 412 2006 Non
436 1960 483 2007 est
505 1947 608 2020 sorbo,
633 1946 685 2007 sed
709 1947 831 2027 sorbeo,
854 1965 909 2006 nec
933 1946 1043 2027 sorbsi,
1067 1947 1118 2007 sed
1143 1946 1253 2006 sorbui.
1291 1948 1334 2005 sic
1358 1953 1389 2008 et
1411 1944 1561 2028 absorbui,

262 2072 320 2113 nou
345 2052 496 2134 absortsi,
519 2063 553 2114 ut
575 2053 721 2113 Lucanus.
1581 2061 1607 2099 ¹⁵

348 2158 483 2240 Coactus,
503 2178 561 2219 non
582 2168 684 2219 coctus
704 2159 870 2219 dicendum.
908 2159 1058 2239 abscondi,
1078 2179 1136 2219 non
1156 2159 1301 2220 absconsi.
1335 2162 1378 2220 sic
1397 2169 1428 2220 et
1441 2158 1565 2222 abscon·

259 2266 353 2346 ditus,
376 2285 436 2327 non
459 2266 622 2348 absconsus
645 2266 817 2347 dicendum,
841 2276 870 2326 et
893 2267 1034 2346 lassatus,
1057 2285 1117 2326 non
1141 2266 1243 2328 lassus.

347 2373 429 2433 Alter
452 2392 468 2433 e
492 2372 622 2454 duobus,
646 2392 724 2434 unus
747 2391 763 2432 e
788 2372 883 2434 tribus
907 2373 953 2433 vel
975 2372 1119 2453 pluribus.

347 2479 492 2541 Descendi
517 2484 546 2541 iu
571 2481 677 2541 solium
700 2459 892 2560 maius,non
916 2482 1065 2540 maiorem.

347 2586 419 2647 Bina
442 2605 475 2646 ac
500 2589 577 2646 trina
596 2585 719 2646 dicenda
739 2594 809 2646 sunt
828 2604 903 2665 quae
923 2594 993 2646 sunt
1013 2605 1130 2665 semper
1149 2586 1281 2668 pluralia,
1305 2595 1338 2647 ut
1357 2581 1459 2646 ‘binos
1478 2585 1564 2646 ludos
1581 2593 1608 2633 2⁰

258 2692 434 2773 plerumque
458 2682 655 2771 spectavimus
680 2712 738 2754 uno
762 2687 840 2773 die'3
864 2694 907 2753 sie
931 2694 1025 2753 trinos
1049 2696 1208 2755 circenses.

347 2800 469 2860 Fruitus
493 2818 559 2860 sum
581 2800 630 2860 illa
654 2819 701 2861 re:
725 2809 840 2860 veteres
863 2798 1004 2860 dixerunt
1026 2794 1153 2862 ‘fruitus
1176 2804 1223 2861 vix
1246 2801 1325 2862 illam
1348 2795 1438 2861 rem'.

1580 961 1593 1000 5

1579 1494 1605 1532 10

349 3006 364 3053 1
388 3015 524 3068 praesago
553 3031 584 3038 -
609 2998 790 3070 praesagunt]
814 3001 894 3055 imaro
917 2998 1064 3069 praesagio
1087 3030 1120 3038 —
1144 2998 1339 3070 praesagiunt:
1367 2999 1402 3066 cf.
1426 2997 1565 3053 masaa

258 3081 276 3134 i.
301 3079 390 3133 VIII
406 3097 436 3149 p.
456 3083 520 3148 397,
544 3084 561 3134 3
584 3079 730 3149 praesagio
754 3081 784 3133 et
806 3079 980 3149 praesagium
1003 3078 1083 3133 Beda
1101 3097 1131 3148 p.
1151 3084 1227 3135 2795
1250 3078 1398 3151 praesagio
1421 3076 1566 3148 praesagis

258 3158 441 3230 praesagiunt
511 3165 528 3212 4
547 3159 615 3213 facit
633 3176 683 3213 oin.
698 3158 757 3213 BG
826 3166 841 3213 5
860 3159 965 3213 Ambos
985 3160 1015 3212 et
1033 3157 1102 3213 duos
1122 3158 1161 3226 (in
1176 3161 1239 3215 add.
1255 3163 1279 3229 e)
1298 3159 1460 3214 accusativo
1474 3158 1566 3212 Ambo

259 3243 288 3294 et
306 3239 361 3293 duo
380 3239 420 3308 (in
438 3239 502 3293 odd.
522 3241 546 3307 c)
566 3239 738 3294 nominatiuo
759 3240 781 3293 Ο
798 3241 889 3294 Ambo
908 3242 936 3293 et
962 3238 1016 3292 duo
1035 3237 1065 3290 in
1083 3238 1256 3294 nominatiuo
1275 3239 1373 3295 ambos
1390 3241 1420 3294 ct
1443 3237 1513 3292 duos
1537 3237 1567 3289 in

258 3319 419 3374 accusatiuo
437 3317 466 3370 B
538 3325 554 3373 6
573 3320 645 3376 Acer
663 3320 777 3374 inermis
795 3320 920 3374 infirmus
939 3317 1009 3374 facit
1032 3322 1110 3387 (corr.
1130 3317 1248 3387 faciunt)
1271 3319 1419 3388 pluraliter
1437 3316 1567 3373 acerrimi

257 3397 362 3453 infirmi
383 3401 415 3452 at
437 3399 509 3453 acris
532 3399 645 3454 inermis
668 3399 784 3453 infirmis
807 3398 944 3467 pluralem
968 3400 1047 3465 (coir.
1067 3398 1130 3464 les)
1153 3397 1260 3452 faciunt
1281 3416 1359 3454 acres
1382 3399 1503 3454 inermes
1526 3395 1567 3450 in-

258 3479 350 3533 firmes
374 3479 413 3533 sie
436 3478 542 3533 hilarus
566 3479 649 3533 hilari
672 3478 742 3533 facit
763 3478 860 3533 hilaris
880 3481 910 3532 et
927 3477 1031 3531 hilares
1051 3476 1162 3531 OAcer
1179 3476 1293 3532 inermis
1311 3477 1437 3532 infirmus
1460 3476 1569 3531 faciunt

259 3575 336 3614 acres
359 3558 479 3613 inermes
502 3559 624 3614 infirmes
647 3559 688 3614 sic
711 3559 817 3613 hilarus
842 3555 927 3611 hilari
949 3554 1017 3609 facit
1042 3553 1138 3608 hilaris
1162 3558 1192 3610 et
1214 3556 1318 3612 hilares
1336 3558 1365 3610 B
1454 3562 1470 3609 9
1495 3555 1569 3610 sicut

260 3637 346 3692 uestri
363 3638 391 3691 B
464 3644 497 3691 11
517 3639 573 3692 Uas
592 3638 668 3693 uasis
687 3640 757 3693 facit
775 3657 830 3693 non
849 3635 963 3691 nasibus
982 3639 1012 3689 et
1029 3649 1159 3689 uasorum
1178 3638 1252 3691 uasis
1276 3637 1407 3707 genetiuo
1432 3634 1568 3704 singulari

259 3716 337 3772 Odes
355 3717 393 3770 Μ
418 3717 475 3771 Uas
491 3761 496 3772 .
513 3759 519 3770 .
539 3723 599 3786 (uas
619 3761 625 3772 .
645 3761 651 3773 .
672 3762 678 3773 .
698 3735 765 3773 corr.
786 3735 854 3772 uasa
873 3716 906 3784 (I)
925 3714 1000 3768 uasis
1019 3713 1089 3767 facit
1107 3731 1163 3768 non
1181 3717 1295 3771 uasibus
1314 3719 1344 3772 et
1362 3732 1493 3771 uasorum
1511 3732 1568 3770 non

260 3812 377 3851 uasuum
395 3796 470 3851 uasis
488 3797 557 3851 facit
576 3797 732 3866 genitiuum
747 3796 918 3867 singularem
936 3799 966 3850 et
983 3795 1079 3850 datiuo
1098 3795 1202 3863 plurali
1221 3799 1296 3853 uasis
1315 3795 1472 3866 geniliuum
1487 3813 1567 3851 usso-

259 3895 321 3931 rum
336 3876 414 3932 Odaa
428 3876 492 3931 Bc.
521 3894 650 3945 casuum,
669 3878 742 3946 qaod
759 3895 793 3932 er
806 3877 863 3931 BG
878 3879 979 3946 recepi,
998 3876 1096 3945 lepitur
1109 3877 1141 3929 in
1155 3877 1245 3931 codice
1259 3877 1383 3931 Charisii
1399 3893 1427 3945 p.
1441 3881 1505 3942 146,
1519 3881 1568 3931 24.

260 3974 299 4012 aa
321 3963 436 4012 rasum?
523 3962 555 4010 13
580 3957 691 4026 serapia
712 3957 771 4011 BG
841 3957 914 4011 isses
936 3957 1074 4011 mausolia
1100 3955 1124 4010 0
1193 3957 1334 4012 cauducea
1358 3956 1396 4009 Μ
1466 3961 1498 4010 16
1523 3958 1566 4027 ut]

259 4039 289 4092 et
306 4036 364 4092 Bc
414 4036 556 4108 Lucanus]
576 4037 703 4091 Pbarsol.
720 4037 804 4089 IIII
820 4042 875 4091 100
893 4037 1034 4106 absorpsit
1052 4037 1163 4108 penitus
1182 4054 1273 4106 rupes,
1292 4052 1345 4106 quo
1362 4037 1483 4104 eampis
1501 4053 1569 4090 ossis

259 4122 297 4171 cst
317 4118 481 4172 Priscianus
500 4118 516 4171 i.
537 4120 559 4171 I
560 4119 591 4170 X
604 4136 634 4186 p.
653 4121 768 4182 491,14
843 4124 875 4170 16
894 4116 1036 4172 abscondi
1055 4133 1110 4171 non
1129 4116 1293 4172 abscondidi
1311 4115 1493 4170 absconditus
1512 4132 1569 4172 uon

258 4198 410 4254 absconsus
424 4204 550 4267 exempta
565 4198 817 4267 Montepessaluno.
832 4196 996 4252 abscondidi
1010 4197 1161 4264 defenduat
1170 4197 1332 4252 Risum
1346 4197 1363 4250 l.
1376 4195 1407 4248 X
1416 4212 1446 4264 p.
1457 4200 1523 4263 516,
1532 4203 1567 4252 11

259 4285 283 4334 et
300 4279 412 4335 Nonius
429 4296 457 4348 p.
472 4284 517 4344 75,
532 4284 578 4344 21,
598 4278 754 4333 abscondor
771 4278 920 4332 absconsus
938 4281 967 4332 et
984 4279 1165 4335 absconditus
1178 4278 1322 4332 Dioscorias
1335 4293 1367 4345 p.
1381 4279 1446 4341 375,
1460 4282 1499 4330 25

259 4361 300 4416 sie
313 4377 363 4416 om.
378 4360 436 4415 BG
498 4365 530 4412 11
550 4359 698 4413 dicendum
713 4360 743 4411 et
760 4357 879 4412 lassatus
893 4375 948 4413 non
963 4360 1054 4414 lassus
1068 4376 1118 4414 osu.
1132 4360 1246 4429 Βθςρ,
1261 4360 1325 4414 odd.
1342 4356 1380 4409 Μ
1443 4360 1476 4409 18
1495 4355 1569 4410 alter

259 4440 295 4495 ds
313 4441 421 4495 duobus
439 4458 510 4494 unus
528 4455 562 4493 ex
581 4439 707 4508 pluribus
728 4439 774 4493 uel
792 4438 913 4495 tribues
973 4455 988 4492 e
1006 4439 1096 4495 tribus
1114 4440 1160 4494 vel
1178 4437 1316 4508 pluribus]
1336 4452 1352 4491 e
1371 4433 1498 4504 pluribus
1519 4439 1566 4493 usi

259 4519 349 4574 tribus
369 4519 465 4574 MBO
532 4524 563 4571 19
582 4518 613 4572 in
631 4519 733 4573 solium
751 4518 877 4573 &scendi
896 4521 975 4584 (corr.
996 4518 1138 4587 descendi)
1157 4518 1246 4573 maius
1266 4516 1295 4572 G.
1318 4517 1433 4584 fortasse
1452 4517 1566 4570 ascendi

258 4598 289 4652 in
307 4599 407 4652 solium
425 4599 515 4654 maius
614 4617 670 4654 non
687 4600 716 4652 in
736 4600 871 4653 maiorem
890 4599 928 4651 M
1028 4604 1063 4653 20
1081 4597 1153 4652 Bina
1172 4627 1204 4637 -
1224 4599 1362 4652 circenses
1385 4610 1435 4649 om.
1454 4593 1568 4665 BOsp,

259 4677 324 4731 odd.
343 4677 382 4730 M
430 4684 464 4732 21
483 4680 693 4749 expectauimus
712 4678 750 4731 M
804 4684 838 4732 22
857 4677 959 4732 fruitus
977 4696 1040 4732 sum
1057 4676 1157 4731 filare
1175 4679 1285 4731 ueteres
1304 4675 1447 4740 dixerunt,
1466 4671 1568 4730 fruitus

258 4773 309 4813 nos
326 4757 406 4812 illam
423 4774 482 4812 rem
501 4772 518 4815 ς
535 4758 636 4812 fruitus
655 4774 716 4810 sum
735 4755 814 4810 illam
828 4775 886 4810 rem
902 4759 1011 4811 ueteres
1029 4755 1164 4811 dixerunt
1182 4772 1238 4810 non
1258 4755 1360 4811 fruitus
1379 4755 1431 4809 ills
1445 4769 1475 4807 re
1489 4771 1512 4823 p

258 4835 360 4892 fruitus
378 4836 425 4891 uix
443 4836 523 4891 illam
541 4852 599 4892 rem
618 4836 655 4888 M
670 4835 771 4889 fruitus
786 4852 838 4889 uer
856 4835 935 4890 illam
949 4854 1008 4890 rem
1025 4834 1049 4891 0
1064 4851 1121 4889 nou
1140 4833 1242 4889 fruitus
1261 4852 1323 4889 sum
1341 4835 1420 4889 illam
1439 4848 1498 4887 rem
1517 4835 1569 4892 Bc
