3316 5474
614 399 661 452 DE
683 400 972 455 ORTHOGRAPHIA
1399 395 1441 459 79

138 510 160 545 p:
174 499 227 537 2237
242 498 266 536 P:

138 586 190 660 qui
214 582 354 662 quasdam
373 581 487 642 litteras
505 579 635 643 lenitatis
658 602 745 643 causa
769 587 943 664 omiserunt,
967 586 1044 644 sicut
1068 582 1181 663 Cicero,
1204 585 1255 661 qui
1279 582 1386 641 loresia
1410 589 1440 640 et

137 688 293 767 Megalesia
317 699 347 749 et
375 689 505 749 bortesia
533 690 597 750 sine
621 710 640 749 n
663 689 763 750 littera
790 689 918 750 libenter
946 688 1062 750 dicebat
1090 699 1133 769 et,
1162 699 1194 749 ut
1223 686 1320 749 verbis
1349 690 1442 766 ipsius

138 804 268 874 utamur,
291 790 589 874 ‘posmeridianas
613 815 754 875 quoque
779 790 989 876 quadrigas'
1012 798 1109 874 iuquit
1132 790 1325 855 ‘libentius
1344 793 1442 853 dixe·

139 903 206 960 rim
234 920 335 979 quam
364 898 693 981 postmeridianas’.
740 905 783 962 sic
812 913 842 962 et
869 902 990 962 dossum
1018 921 1072 980 ρει
1100 902 1159 961 duo
1187 920 1202 960 s
1230 920 1318 981 quam
1346 920 1400 981 per
1427 920 1443 961 r

108 1008 261 1068 adorsum
289 1008 408 1087 quidam
432 1017 466 1068 ut
488 1009 584 1069 lenius
613 1010 851 1069 enuntiaverunt.
893 1027 926 1068 ac
950 1016 1012 1068 tota
1036 1027 1050 1067 r
1073 1006 1172 1068 littera
1201 1007 1315 1067 sublata
1343 1017 1389 1068 est
1412 1011 1442 1068 in

138 1134 176 1174 eo
199 1115 280 1193 quod
302 1124 349 1176 eat
370 1134 476 1176 rusum
498 1125 530 1177 et
551 1126 712 1177 retrosum
1249 1103 1253 1111 ¹

228 1223 340 1284 Cocum
364 1242 422 1284 non
447 1223 519 1284 nulli
542 1227 572 1284 in
596 1234 721 1302 utraque
745 1223 854 1302 syllaba
876 1242 932 1303 ρει
955 1243 973 1303 q
997 1221 1143 1303 scribunt,
1166 1241 1225 1283 nou
1248 1222 1320 1283 nulli
1344 1232 1374 1283 et
1397 1221 1441 1283 in·

137 1339 218 1389 serta
242 1350 277 1390 u:
301 1332 330 1389 in
354 1330 445 1390 verbo
470 1333 557 1390 etiam
581 1349 735 1409 quoquere
759 1350 813 1410 ρει
836 1349 903 1409 quo.
950 1330 1039 1391 Nisus
1065 1338 1169 1390 censet
1193 1329 1303 1408 ubique
1327 1349 1343 1389 e
1367 1328 1445 1389 litte·

137 1455 200 1497 ram
225 1436 390 1515 ponendam
411 1448 469 1497 tam
494 1439 523 1497 in
548 1440 668 1497 nomine
692 1456 779 1515 quam
803 1439 834 1496 in
857 1436 957 1515 verbo,
980 1437 1058 1515 quod
1083 1437 1155 1497 milri
1179 1439 1303 1496 nimium
1326 1435 1443 1495 videtur

96 1544 223 1604 nexile.
263 1563 330 1605 nam
354 1547 431 1604 sicut
454 1562 513 1603 non
538 1555 584 1605 cst
607 1546 700 1624 prima
725 1542 834 1622 syllaba
857 1542 1015 1621 oneranda,
1039 1545 1082 1603 sic
1101 1562 1230 1621 sequens
1253 1542 1371 1602 videtur
1394 1560 1443 1601 ex·

138 1648 253 1729 plerstla.
299 1670 335 1711 eo
362 1652 517 1712 decentius
545 1651 622 1731 apud
652 1650 810 1729 Vergilium
841 1648 950 1729 legitur
981 1644 1031 1710 ‘et
1059 1645 1286 1738 †caetcram
1318 1650 1445 1727 coquit

138 1757 324 1837 improbus
348 1753 510 1838 bastam',
534 1758 664 1818 secunda
687 1757 795 1836 syllaba
819 1776 910 1836 perq
935 1759 1053 1837 scripta,
1077 1775 1164 1835 quam
1188 1766 1221 1817 ut
1245 1766 1369 1835 utraque
1390 1774 1444 1834 per

138 1883 154 1923 c
182 1869 299 1941 scripta
328 1867 502 1925 enuntietur
530 1864 558 1924 k.
604 1865 782 1925 locutionem
811 1883 930 1942 quoqne
954 1865 1099 1924 Antonius
1122 1863 1218 1924 liuius
1246 1881 1299 1943 per
1325 1880 1343 1940 q
1372 1860 1444 1920 dicit

138 1990 205 2031 esse
229 1969 430 2049 scribendam,
458 1970 537 2050 quod
561 1973 600 2031 sit
623 1970 659 2030 ab
686 1990 721 2030 eo
745 1970 823 2048 quod
848 1979 894 2030 est
916 1970 1010 2049 luqui;
1040 1973 1110 2030 item
1138 1969 1304 2050 periculum
1328 1976 1358 2028 et
1385 1968 1443 2026 ler-

98 2090 125 2129 15
140 2076 249 2137 culum.
295 2095 370 2155 quae
395 2079 513 2137 nomina
537 2086 675 2137 contenta
699 2096 765 2136 esse
789 2096 805 2137 c
829 2076 926 2136 littera
950 2079 1099 2157 existimo,
1128 2087 1185 2136 tarn
1212 2075 1332 2136 hercule
1356 2092 1444 2152 quam

138 2183 206 2244 illos
227 2187 330 2244 vitiose
350 2194 379 2245 et
398 2184 498 2243 dicere
518 2193 548 2243 et
567 2183 708 2264 scribere,
731 2188 785 2258 qui
798 2188 900 2260 potius
919 2202 973 2263 per
992 2202 1050 2261 quo
1069 2182 1200 2262 quotidie
1221 2183 1332 2260 dieunt,
1356 2198 1443 2258 quam

139 2310 194 2370 per
216 2310 251 2350 co
275 2291 393 2371 cotidie,
416 2309 485 2350 aum
504 2297 535 2350 et
557 2289 673 2349 dicatur
697 2289 802 2350 melius
827 2298 857 2351 et
879 2289 1036 2350 scribatur.
1074 2308 1132 2349 non
1153 2291 1231 2350 enim
1251 2297 1298 2349 est
1316 2307 1331 2348 a
1353 2297 1444 2366 quoto

139 2397 187 2457 die
211 2396 343 2475 quotidie
367 2398 493 2478 dictum,
516 2396 569 2457 sed
592 2414 608 2454 a
632 2399 798 2456 continenti
820 2395 867 2456 die
892 2397 1000 2458 cotidie
1023 2404 1159 2456 tractum.

229 2503 342 2564 Nimiae
372 2522 478 2564 rursus
506 2503 667 2582 elegantiae
696 2510 858 2562 sectatores
886 2521 946 2562 non
975 2501 1103 2562 arbitror
1130 2502 1301 2583 imitandos,
1328 2503 1444 2562 tametsi

98 2624 126 2664 ιο
141 2610 230 2670 Nisus
254 2619 358 2671 auctor
377 2618 474 2671 estut
494 2629 610 2670 cornese
631 2618 661 2670 et
679 2627 823 2670 cousuese
843 2628 896 2689 per
917 2628 1009 2670 tanum
1030 2628 1045 2670 s
1069 2608 1233 2670 scribamus
1252 2618 1282 2669 et
1304 2608 1376 2669 dicit
1399 2626 1444 2667 ra·

140 2711 266 2790 tionem,
296 2719 365 2795 quia
393 2719 473 2777 iuxta
499 2716 674 2797 productam
697 2715 827 2775 vocalem
849 2719 1005 2791 peminatu
1029 2735 1195 2776 consonans
1218 2715 1357 2796 progredi
1385 2732 1444 2775 nou

228 2881 319 2962 eoae
338 2907 487 2961 ranam·
525 2903 684 2959 sleuitatis
748 2904 884 2974 alenus]
904 2905 995 2959 leuius
1050 2905 1192 2960 aniana
1208 2905 1238 2959 n
1252 2906 1338 2960 uerbo
1359 2905 1445 2959 euim

139 3023 279 3076 quoquere
298 3023 347 3075 per
365 3021 506 3074 quoquere
526 2990 673 3058 nesuseine
691 3004 721 3057 et
739 3005 768 3056 et
786 3003 891 3071 ubique
955 3009 988 3056 12
1007 3020 1057 3072 ρει
1075 3022 1090 3058 e
1109 3003 1270 3058 enuntietur
1287 3004 1306 3056 k
1325 3003 1444 3073 loqutio·

139 3103 203 3140 nem
259 3092 291 3139 15
306 3085 443 3140 existumo
500 3091 532 3139 16
551 3083 628 3154 illos]
643 3084 692 3137 illo
747 3083 796 3154 qui
810 3083 903 3154 potius
917 3099 967 3138 ons.
1024 3089 1056 3137 17
1071 3101 1127 3138 non
1140 3084 1215 3140 euim
1229 3085 1273 3137 est
1287 3100 1305 3136 a
1318 3082 1445 3151 quotidie

140 3183 266 3252 quotidie
285 3184 391 3238 dietum
464 3189 497 3237 19
517 3182 634 3236 nimium
706 3181 844 3237 tamensi
911 3187 946 3235 20
964 3198 1072 3254 comesq
1092 3185 1121 3236 et
1140 3173 1236 3255 esp'esq
1259 3197 1310 3250 per
1327 3198 1445 3236 unums

194 3269 227 3317 21
247 3264 391 3332 geminata
409 3281 460 3318 orn.

230 3425 389 3479 tlenitatis
407 3429 540 3478 corrector
558 3424 659 3477 codicis
686 3421 827 3486 Vaticani,
845 3419 971 3474 leuitatis
989 3420 1017 3474 R
1102 3419 1368 3490 3posmeridiauas]
1389 3419 1444 3476 Cir.

140 3510 208 3558 orat.
227 3508 351 3574 47,137.
380 3505 483 3560 loresia
500 3511 525 3559 ct
543 3501 697 3574 Megalesia
714 3506 738 3554 et
757 3501 881 3556 hortesia
899 3504 948 3556 nbi
967 3503 1060 3557 Cicero
1078 3501 1180 3554 dixerit
1197 3515 1254 3553 nan
1272 3505 1379 3553 condat

141 3589 156 3637 ὑ
176 3584 277 3656 lenius]
297 3586 387 3640 leuius
405 3585 432 3639 R
518 3584 631 3638 sublata
649 3582 739 3638 estin
759 3599 792 3636 eo
810 3599 905 3636 rusum
923 3581 951 3634 R
1033 3587 1049 3635 8
1068 3579 1098 3634 in
1117 3580 1203 3634 verbo
1222 3579 1308 3634 etiam
1327 3595 1445 3647 coquere

141 3680 190 3732 pro
209 3681 350 3733 quoquere
369 3665 453 3719 Nisus
472 3666 581 3729 censet,
600 3665 629 3717 et
647 3661 750 3732 ubique
769 3679 784 3716 o
803 3662 926 3717 litteram
945 3661 973 3714 R
1046 3667 1077 3714 11
1099 3661 1128 3714 et
1145 3657 1291 3714 decentius
1310 3658 1446 3713 Seruiana

175 3747 205 3799 et
222 3749 327 3800 certam
341 3744 435 3814 quatit
452 3743 596 3813 improbus
615 3745 727 3798 hastam
741 3741 776 3809 R,
786 3742 836 3796 ubi
854 3743 981 3796 lamasam
996 3746 1060 3810 post
1074 3740 1185 3794 hastam
1200 3739 1334 3793 indicarit
1348 3738 1444 3793 Sanie-

140 3841 195 3880 rue.
228 3830 386 3893 corruptam
409 3825 509 3878 codicis
533 3824 683 3890 lectmnem,
706 3824 847 3892 adquam
870 3824 901 3877 id
927 3823 999 3890 quod
1021 3824 1157 3890 sequitur,
1186 3820 1308 3874 secunda
1336 3819 1446 3887 syllaba

140 3922 190 3973 par
208 3923 227 3974 q
246 3903 358 3973 scripta,
373 3904 501 3971 pertinet,
520 3903 637 3968 retinui,
655 3919 822 3970 quamquam
831 3902 958 3970 Lonpurn
972 3902 1075 3969 coquit,
1094 3918 1151 3955 non
1169 3899 1271 3969 quatit,
1289 3900 1366 3968 apud
1383 3899 1446 3952 Ver·

139 3986 237 4054 pilium
255 3983 348 4054 lepiaee
362 4001 465 4052 parum
479 3983 623 4050 probabile
641 3988 686 4035 est.
717 3982 1181 4052 sedduooersuspeorp.11523
1200 3981 1276 4034 mitis
1295 3979 1324 4032 in
1343 3979 1445 4048 apricis

140 4065 270 4134 coquitur
292 4062 434 4118 vindemia
456 4062 543 4129 saxis,
566 4079 619 4130 qua
642 4062 761 4129 exemplo
786 4061 958 4130 Papirianae
981 4064 1057 4131 apud
1081 4061 1201 4118 Cassiod.
1223 4079 1253 4129 p.
1276 4064 1356 4114 2295
1379 4076 1447 4112 nens

140 4151 190 4211 est,
213 4151 238 4199 et
260 4145 329 4197 Aen.
351 4141 404 4194 XI
421 4147 475 4195 767
499 4145 528 4195 et
551 4144 655 4196 certam
678 4139 771 4209 quatit
793 4140 936 4209 improbus
959 4141 1081 4209 hastam,
1101 4144 1149 4210 qui
1171 4143 1204 4194 de
1225 4141 1305 4194 uerbo
1330 4141 1445 4207 quatere

139 4229 216 4295 (nam
234 4226 305 4279 illud
323 4239 426 4292 quoquc
444 4223 476 4274 in
493 4221 544 4274 bac
561 4223 717 4290 quaestione
736 4239 754 4276 a
771 4223 958 4290 pammaticis
976 4223 1129 4276 adhibitum
1147 4227 1197 4274 est:
1222 4220 1257 4285 cs.
1278 4220 1356 4272 Mar.
1377 4218 1446 4273 Vici.

136 4325 166 4374 p.
176 4311 222 4371 13,
236 4308 284 4373 21)
298 4303 420 4358 adscribi
429 4307 547 4370 poterat,
561 4304 730 4371 rteplrpentia
744 4302 921 4355 librariorum
934 4301 1063 4355 υἱάειιιιιι
1076 4302 1185 4366 contusi
1199 4315 1253 4352 esse
1317 4303 1349 4351 12
1364 4314 1414 4366 per
1428 4314 1443 4351 a

140 4385 300 4441 enuntietur
317 4385 336 4438 k
355 4384 391 4450 R,
410 4400 460 4452 ρει
477 4400 493 4436 ε
512 4382 674 4437 enuntietur
692 4382 799 4448 (maresa
817 4381 847 4448 k)
867 4382 1002 4436 Semlcrne
1076 4386 1107 4433 15
1127 4396 1210 4446 quam
1230 4377 1281 4432 illa
1297 4376 1399 4431 vitiose
1418 4378 1448 4431 et

141 4466 233 4521 dicere
252 4468 282 4518 et
300 4465 428 4520 scribere:
454 4464 508 4519 Per
526 4480 581 4533 quo
600 4459 725 4530 quotidie
743 4460 886 4530 dicuut2R
963 4469 996 4516 16
1016 4458 1153 4530 quotidie]
1179 4458 1352 4526 Papirianae
1369 4456 1447 4526 apud

143 4545 263 4601 Cassiod.
279 4563 309 4614 p.
324 4551 403 4601 2290
477 4550 508 4599 ta
528 4561 583 4599 non
602 4542 676 4598 enim
695 4545 739 4597 est
757 4540 881 4611 quotidie
900 4559 918 4597 a
935 4544 1022 4610 quoto
1042 4539 1148 4593 dietum
1166 4538 1194 4590 R
1268 4543 1300 4590 19
1320 4535 1446 4591 Nimium

141 4645 234 4680 rursus
250 4625 279 4679 R
352 4631 386 4679 20
404 4623 487 4677 Nisus
505 4626 603 4678 auctor
622 4626 678 4691 est,
699 4637 826 4676 comesse
844 4624 873 4676 et
891 4638 1005 4676 esuesae
1024 4636 1073 4690 per
1092 4637 1177 4672 unum
1196 4637 1209 4671 ε
1227 4617 1263 4672 R.
1288 4619 1446 4673 comesset

142 4722 221 4760 suess
244 4705 354 4759 Pierius
379 4704 544 4759 Valerianus
567 4706 598 4757 in
622 4703 699 4772 Vrrp.
723 4705 792 4758 Aen.
818 4702 906 4755 VIII
927 4707 981 4757 184
1009 4707 1034 4756 et
1058 4699 1252 4763 Oomnseiinas,
1279 4714 1389 4752 comeso
1415 4699 1445 4752 et

142 4801 238 4840 asuese
257 4784 398 4854 Seyfertus
414 4800 526 4853 pamm.
546 4784 593 4837 lat.
613 4782 704 4852 §132
719 4801 749 4851 p.
760 4790 797 4838 90
869 4789 902 4836 21
922 4782 1001 4837 iuxta
1017 4781 1184 4852 productam
1202 4779 1329 4833 vocalem
1348 4793 1444 4831 conso·

143 4882 211 4919 nans
228 4864 358 4935 progredi
375 4881 430 4920 non
445 4864 536 4918 soleat
553 4864 595 4929 R,
613 4863 685 4931 quod
703 4864 744 4916 ita
762 4864 872 4929 defendi
886 4867 1009 4931 poterat,
1027 4865 1058 4914 ut
1072 4864 1136 4927 post
1151 4860 1314 4928 productam
1327 4857 1444 4910 vocalem
