3316 5474
286 393 330 456 42
808 370 927 443 'vuuu
946 387 1057 443 eonor

285 588 375 639 crant
416 578 562 639 Romanae
586 586 618 638 et
641 574 899 655 Heidelbergensis
923 575 1061 636 editionis
1085 577 1199 654 copiam
1223 573 1295 635 mibi
1318 575 1390 637 lecit
1411 574 1592 638 bibliotheca

284 684 493 765 Gottingensis.
721 752 724 757 ,
1477 663 1483 675 ’

370 792 476 852 Postea
495 792 619 852 loannes
639 791 755 851 Salomo
776 790 958 851 semlerus
982 791 1012 848 iu
1036 796 1177 869 corrupta
1201 789 1351 849 editorum
1375 790 1591 870 exemplarium

282 900 409 960 lectione
438 899 619 960 emendanda
651 898 771 960 multam
800 915 920 976 operam
949 898 1133 976 consumpsit
1157 903 1186 956 et
1209 894 1351 974 plurimas
1375 894 1591 978 adnotationes,

237 1019 242 1029 “
283 1026 356 1087 quas
380 1007 537 1067 admodum
563 1006 737 1066 adulescens
767 1007 993 1084 conscripserat,
1017 1004 1052 1063 ad
1075 1003 1197 1063 Petrum
1222 1001 1404 1063 Bondamum
1427 1005 1517 1079 misit,
1540 1007 1593 1083 qui

283 1132 385 1174 earum
420 1113 659 1175 emendationum
695 1114 875 1172 mentionem
911 1112 983 1170 lecit
1012 1128 1070 1170 var.
1101 1108 1167 1170 lect.
1197 1128 1225 1188 p.
1259 1105 1329 1170 118.
1378 1110 1459 1188 ipsae
1489 1119 1591 1172 autem

282 1219 407 1281 Semlerl
435 1218 638 1279 adnotationes
668 1238 724 1279 una
754 1237 822 1279 cum
855 1216 979 1297 epistula
1012 1216 1047 1276 ad
1078 1215 1271 1297 Bondamum,
1300 1224 1333 1277 ut
1361 1216 1494 1298 videtur,
1521 1216 1590 1279 data

285 1344 364 1385 nunc
393 1327 422 1384 in
447 1324 585 1386 leidensi
614 1325 790 1386 bibliotheca
818 1327 848 1384 in
877 1323 977 1384 codice
1007 1323 1199 1383 Perizoniauo
1224 1323 1249 1394 Q
1272 1320 1315 1384 92
1347 1331 1510 1385 servantur.
1553 1343 1590 1385 ex

283 1450 341 1510 quo
370 1432 471 1493 codice
500 1433 656 1512 epistulam
685 1432 810 1493 Semleri
840 1449 907 1491 curn
938 1449 996 1490 non
1020 1429 1108 1490 nullis
1132 1431 1197 1490 eius
1220 1431 1401 1491 coniecturis
1425 1429 1504 1490 edidi
1527 1431 1590 1493 ind.

282 1538 349 1599 lect.
373 1538 489 1601 llalens.
513 1544 613 1601 aestio.
638 1559 661 1600 a.
689 1537 782 1600 1877.
825 1556 1003 1618 quamquam
1031 1545 1130 1597 autem
1154 1536 1306 1597 Semlerus
1335 1536 1487 1616 complura
1511 1556 1588 1616 quae

282 1650 422 1726 corrupta
446 1650 477 1708 in
501 1647 588 1708 editis
611 1644 829 1725 exemplaribus
852 1645 992 1724 leguntur
1011 1646 1126 1724 primus
1146 1645 1285 1724 correxit,
1308 1651 1405 1703 tamen
1426 1662 1462 1703 ex
1481 1662 1589 1724 magno

282 1771 406 1814 numero
436 1757 675 1814 coniecturarum
703 1770 811 1831 paucas
840 1753 936 1811 inveni
966 1770 1039 1829 qnae
1069 1750 1173 1829 dignae
1198 1767 1264 1810 esse
1287 1752 1429 1811 memoria
1453 1750 1588 1812 videren-

282 1869 341 1921 tur.
371 1863 480 1938 optime
501 1879 570 1920 vero
590 1861 721 1921 omnium
741 1858 777 1918 de
797 1856 1001 1918 emendatione
1022 1856 1089 1917 libri
1109 1858 1217 1917 meruit
1232 1855 1262 1916 C.
1277 1855 1308 1916 L.
1328 1854 1590 1936 Schneiderus‘,

283 1968 333 2043 qui
363 1969 393 2026 in
424 1969 612 2046 grammatica
643 1966 758 2043 linguae
789 1963 895 2023 latinae
926 1963 1034 2023 multos
1067 1963 1155 2024 huius
1183 1966 1366 2042 grammatici
1396 1964 1477 2025 locos
1508 1984 1524 2025 a
1555 1983 1587 2025 se

283 2053 454 2134 emendatos
478 2072 619 2133 exhibuit.

372 2179 442 2241 blihi
470 2183 500 2241 in
529 2200 602 2242 nova
630 2180 759 2241 editione
789 2178 824 2238 ad
849 2177 1062 2239 restituendam
1087 2178 1264 2256 scripturam
1288 2177 1399 2238 codicis
1422 2177 1587 2261 Bobiensis,

282 2305 342 2364 qrro
365 2290 461 2346 omnis
485 2288 573 2347 buius
595 2286 664 2347 libri
688 2288 827 2346 memoria
848 2288 1026 2364 continetur,
1050 2283 1142 2344 codex
1161 2283 1318 2366 Parrhasii,
1341 2287 1392 2363 qui
1411 2303 1492 2346 nunc
1511 2284 1585 2346 Nea-

281 2391 430 2472 politanus
449 2392 485 2452 lV
505 2393 527 2451 Α
550 2391 584 2453 11
609 2402 663 2472 est,
682 2402 801 2472 paratus
820 2402 891 2452 erat.
929 2411 987 2470 quo
1007 2391 1137 2451 adhibito
1157 2390 1257 2471 multa,
1276 2410 1350 2469 quae
1374 2391 1442 2451 inde
1465 2411 1482 2452 a
1506 2395 1587 2472 prin·

282 2501 347 2578 cipe
379 2497 506 2559 editione
538 2508 677 2577 corrupta
709 2500 897 2580 terebantur,
927 2503 1051 2560 correxi.
1095 2498 1225 2559 restabat
1255 2508 1352 2559 tamen
1384 2516 1488 2577 magna
1518 2518 1587 2578 pers

284 2606 431 2685 vitiorum,
454 2624 538 2686 qrrae,
562 2608 701 2684 quoniam
724 2626 759 2665 ex
780 2606 917 2667 llobiensi
941 2608 1042 2668 codice
1067 2608 1101 2667 ad
1126 2606 1326 2686 apographum
1345 2606 1495 2668 Parrhasii
1518 2624 1586 2686 pro·

281 2721 383 2791 pagata
414 2722 496 2787 sunt,
525 2715 695 2774 coniectura
723 2712 849 2772 tollenda
878 2723 970 2774 erant.
1013 2716 1041 2772 in
1071 2732 1130 2790 quo
1159 2716 1320 2773 cumreri
1343 2715 1473 2774 inventio
1498 2732 1586 2793 saepe

282 2818 366 2879 valde
386 2821 524 2899 impedita
546 2829 632 2893 esset,
652 2822 716 2880 lieri
736 2840 794 2880 non
814 2823 909 2900 potuit
928 2825 998 2900 quin
1014 2820 1104 2881 multa
1120 2823 1208 2880 etiarn
1227 2839 1301 2898 quae
1321 2822 1454 2898 quamvis
1472 2823 1588 2881 incerta

281 2928 452 2987 coniectura
478 2927 521 2988 vel
545 2946 561 2987 a
584 2946 631 2986 me
656 2927 700 2987 vel
724 2927 759 2987 ab
784 2928 847 2987 aliis
877 2931 993 2988 inventa
1018 2935 1102 2988 erant
1126 2930 1346 3007 reciperentur,
1374 2934 1408 2988 ut
1431 2936 1498 3007 apta
1521 2945 1586 2988 ver-

283 3030 390 3092 borum
422 3038 566 3095 sententia
597 3036 776 3095 efficeretur.
832 3036 930 3112 itaque
962 3042 994 3094 ut
1023 3043 1192 3114 appareret,
1229 3052 1304 3113 quae
1337 3042 1416 3095 esset
1449 3041 1587 3113 receptae
1621 3076 1624 3080 -

281 3137 418 3200 lectionis
442 3144 601 3202 auctoritas
625 3141 670 3201 rel
694 3159 710 3200 a
734 3159 793 3219 quo
818 3140 1007 3201 fundamento
1031 3141 1144 3219 reliqua
1167 3139 1234 3200 libri
1262 3140 1426 3201 emendatio
1451 3141 1586 3203 ducenda

282 3255 376 3330 esset,
404 3256 505 3327 aptum
534 3267 598 3308 esse
627 3251 722 3308 visum
751 3256 798 3308 est
826 3250 1003 3327 scripturam
1028 3248 1213 3307 Parrbasiani
1242 3246 1353 3307 codicis
1382 3254 1548 3326 separatam
1571 3266 1587 3308 a

280 3353 393 3433 reliqua
412 3355 599 3415 adnotatione
618 3373 737 3435 ponere.
776 3354 873 3435 siquid
898 3358 927 3415 in
952 3357 1045 3434 prima
1069 3354 1180 3415 codicis
1204 3357 1351 3433 scriptura
1374 3372 1391 3413 a
1415 3364 1587 3417 correctore

280 3467 425 3519 mutatum
453 3460 498 3520 rel
527 3460 658 3521 additum
686 3470 763 3539 erat,
793 3461 912 3521 lectioni
941 3461 1050 3521 codicis
1079 3463 1219 3520 maiorem
1249 3460 1376 3521 litteram
1403 3462 1587 3543 Capposui3

282 3583 410 3643 eaquae
435 3569 597 3626 correctori
621 3565 767 3627 debentur
792 3569 905 3627 minore
930 3567 1027 3627 littera
1051 3586 1068 3627 c
1092 3567 1239 3647 adscripta
1263 3566 1396 3627 indicavi.
1434 3570 1463 3629 in
1484 3571 1587 3648 paucis

282 3688 357 3748 quae
390 3675 476 3732 tertia
509 3692 597 3733 manu
630 3676 660 3732 in
692 3652 780 3734 initio
810 3673 921 3734 codicis
958 3683 1091 3735 correcta
1130 3694 1195 3735 esse
1233 3675 1374 3735 dicuntur
1410 3677 1587 3737 asteriscum

281 3779 414 3856 apposui,
432 3776 483 3837 c*.
518 3782 548 3838 in
564 3779 654 3839 altera
674 3780 870 3842 adnotationis
886 3790 970 3861 parte
993 3781 1150 3843 lectionem
1171 3783 1315 3862 principis
1333 3782 1471 3842 editionis
1492 3785 1586 3862 posui,

282 3891 367 3943 utet
392 3883 461 3962 quid
486 3883 590 3945 Vrsino
619 3888 649 3945 in
678 3887 882 3950 emendatione
912 3889 1069 3950 verborum
1100 3889 1290 3950 tribuendum
1319 3896 1399 3949 esset
1422 3896 1587 3969 appareret,

281 3997 312 4050 et
334 4008 392 4069 qua
415 3991 541 4051 lectione
566 3993 585 4051 ii
609 3996 658 4071 qui
683 4003 784 4074 postea
809 3994 853 4054 vel
878 3995 964 4056 verba
984 3998 1166 4075 grammatici
1186 3998 1351 4056 citaverunt
1370 3995 1416 4055 rel
1435 3997 1467 4056 in
1486 4014 1586 4057 emcn-

282 4095 376 4157 dauda
396 4096 522 4158 lectione
542 4116 661 4177 operam
682 4100 900 4161 collocaverunt
924 4105 970 4161 usi
994 4111 1094 4163 essent
1117 4104 1347 4182 perspiceretur.
1389 4120 1482 4181 quare
1507 4106 1586 4183 priu-

283 4207 357 4285 cipis
390 4222 509 4284 quoque
543 4203 679 4266 editionis
710 4208 937 4287 discrepantiam
969 4211 1100 4289 exceptis
1128 4209 1249 4288 quidem
1279 4208 1435 4270 levissimis
1465 4208 1587 4289 quibus·

282 4312 349 4372 dam
373 4310 477 4391 rebus,
505 4313 535 4371 in
565 4310 672 4390 quibus
700 4313 856 4375 lectionem
884 4334 971 4375 mauu
1002 4317 1106 4394 scripti
1134 4315 1200 4375 libri
1230 4334 1383 4375 revocasse
1412 4316 1588 4395 sufficiebat,

283 4418 363 4478 velut
389 4421 425 4478 iis
453 4437 528 4498 quae
556 4418 705 4479 interdum
729 4423 758 4480 in
783 4422 972 4483 collocatione
997 4421 1155 4483 verborum
1180 4430 1289 4482 mutata
1317 4430 1415 4503 eraut,
1442 4424 1588 4502 integram

284 4523 416 4584 indicavi.
458 4529 560 4603 paucis
590 4526 677 4605 locis,
707 4528 737 4586 in
768 4528 875 4606 quibus
906 4548 964 4588 non
995 4529 1098 4590 inutile
1129 4547 1195 4589 esse
1224 4527 1378 4589 videbatur
1406 4531 1484 4590 scire
1517 4529 1586 4609 quid

284 4629 405 4690 Vrsinus
433 4633 463 4690 in
492 4632 593 4692 codice
622 4636 765 4712 scriptum
795 4636 967 4713 invenisset,
998 4636 1087 4697 buius
1120 4654 1239 4715 quoque
1270 4638 1449 4715 scripturam
1480 4636 1587 4698 addidi.

283 4738 400 4816 saepius
420 4756 454 4796 ex
470 4737 562 4798 altero
577 4737 716 4798 Vaticano
741 4739 841 4799 codice
866 4742 1086 4804 emendationes
1106 4744 1285 4804 correctoris
1304 4742 1457 4823 adscripsi.
1486 4761 1587 4822 quam-

284 4862 371 4922 quam
395 4862 429 4903 er
450 4843 498 4903 his
518 4862 635 4921 quoque
657 4844 764 4906 multae
784 4863 850 4904 cum
870 4847 1003 4925 principe
1024 4849 1152 4909 editione
1172 4851 1371 4930 consentiunt,
1394 4868 1492 4928 neque
1512 4826 1587 4928 opus
