3316 5474
257 377 323 443 456
747 379 922 435 ARVSIANI
940 379 1061 435 MESSII

257 481 434 532 pmmn

345 566 543 627 Animadverti
570 567 601 626 in
629 583 710 646 eum,
738 565 795 628 Sal.
824 565 906 627 Catil.
936 567 1054 641 (tw)
1083 575 1122 627 ut
1149 568 1250 646 prius
1278 566 1514 630 verberibus
1543 572 1582 630 in

256 673 698 736 mmmmmmmmm

344 781 457 842 Artifex
488 780 577 841 buius
606 781 663 859 rci,
695 779 751 840 Sal.
785 778 846 860 lug.
876 775 979 861 (35,5)
1012 800 1074 861 per
1106 781 1268 842 homines
1300 781 1387 843 talis
1426 787 1579 865 negotii

255 890 433 950 amma

344 996 488 1056 Addictus
515 994 593 1056 illam
623 1012 699 1075 rem,
732 993 788 1055 Sal.
821 993 889 1055 hist.
913 993 953 1053 lll
985 993 1126 1055 adflicti
1154 994 1275 1055 alvens
1311 995 1502 1058 undarum
1543 1002 1603 1065 nin

255 1103 411 1165 mulcato
434 1120 586 1182 corpore
610 1099 825 1182 interibant,
849 1100 926 1161 idem
950 1101 1017 1162 bist.
1038 1100 1064 1161 ll
1082 1097 1105 1179 †
1124 1104 1386 1168 circumventis
1412 1102 1577 1166 dextera

255 1210 346 1272 nndu
371 1211 505 1271 lerrnm
529 1218 606 1269 erat
630 1226 712 1268 sara
735 1218 794 1269 aut
817 1206 901 1287 qnid
926 1208 994 1269 tale
1018 1210 1113 1288 capit
1140 1207 1365 1288 adfligebant
1389 1256 1397 1270 .
1424 1210 1578 1274 adllictus

255 1336 359 1398 carc,
386 1316 504 1378 Cn.in
532 1314 615 1376 Cant
644 1313 669 1373 b
698 1315 775 1391 (d2)
807 1324 940 1395 quanto
973 1314 1114 1377 tandem
1147 1315 1247 1376 ibunt
1280 1333 1450 1377 macrore
1486 1336 1575 1380 esse

254 1425 440 1486 adflictum
464 1433 498 1484 et
520 1421 753 1503 prelligatum
777 1423 923 1501 putatis.

343 1526 1614 1612 mwwQOfflwfflwmfflmmmm

344 1640 455 1698 Anrms
479 1617 649 1714 bmusreq
674 1633 821 1695 sn.hnt
845 1633 897 1693 ΠΗ
921 1638 1516 1714 anxinsanimiatqueincertus

342 1746 463 1825 decepit
486 1746 516 1804 in
540 1742 588 1803 illa
613 1733 663 1816 re,
692 1741 751 1802 Cic.
775 1740 811 1802 de
836 1741 989 1822 suppliciis
1012 1744 1058 1814 (in
1089 1743 1173 1803 l'err.
1205 1743 1230 1799 l'
1249 1743 1312 1816 1,3)
1341 1743 1383 1803 de
1413 1763 1457 1805 en
1489 1748 1571 1808 vul·

254 1872 340 1914 nere
359 1852 466 1913 multa
486 1851 590 1931 dixit,
614 1848 705 1928 quod
725 1848 786 1909 ille
805 1847 845 1909 ab
865 1847 1023 1909 bostium
1042 1847 1131 1909 duce
1151 1852 1185 1909 in
1206 1852 1322 1929 capite
1342 1862 1572 1931 acceperat.

253 1961 367 2040 accepit
389 1959 438 2020 illa
462 1977 509 2038 rc,
531 1955 616 2036 Verg.
640 1974 738 2035 georg.
762 1953 815 2015 llll
839 1956 933 2028 (362)

456 2066 673 2143 accepitque
697 2065 777 2123 sinn
801 2071 902 2122 vastn
926 2064 1095 2141 misitque
1120 2062 1184 2123 snb
1207 2082 1349 2125 amnem.
1585 2093 1610 2134 15

341 2171 499 2251 Adstringn
532 2169 585 2230 tibi
618 2169 688 2249 boc,
724 2169 831 2231 Teren.
861 2168 914 2229 Eu.
948 2170 984 2240 (l
1006 2169 1093 2242 222)
1128 2169 1192 2229 tibi
1226 2188 1334 2230 meam
1367 2171 1569 2255 adstringo

253 2279 369 2340 Mm.

340 2386 506 2467 Adquiesce
531 2386 560 2445 in
585 2384 655 2466 boe,
682 2384 741 2446 Cic.
769 2403 823 2464 pro
848 2383 983 2444 Deiotaro
1012 2384 1092 2457 (2,5)
1125 2386 1158 2445 in
1192 2393 1252 2446 tun
1285 2404 1345 2445 ore
1379 2385 1566 2469 vultuque

252 2494 455 2574 wwmw
1018 2474 1021 2479 ’

340 2601 482 2664 Adiudicn
506 2598 577 2659 illud
602 2598 684 2678 buin,
708 2598 768 2659 Cic.
791 2616 845 2677 pro
860 2596 947 2658 Corn.
962 2596 988 2656 ll
1011 2600 1041 2658 si
1067 2576 1127 2658 vos
1148 2599 1255 2660 liuius
1280 2601 1447 2661 lnrtunas
1472 2622 1605 2682 pau-no

251 2727 372 2770 corum
397 2707 478 2768 odio
503 2705 811 2766 adiudicaveritis.

339 2816 475 2876 admittit
502 2817 531 2874 in
556 2831 588 2873 se
612 2815 740 2892 crimen,
767 2812 834 2872 Ter.
858 2811 945 2872 anr.
969 2813 1024 2884 (II
1042 2813 1132 2885 IAO)
1161 2812 1298 2893 culpam
1327 2814 1487 2893 dniipbn
1524 2821 1560 2879 in

251 2943 286 2983 sc
311 2922 507 2983 admiserit.

339 3032 465 3090 Aversor
488 3028 585 3104 illum,
608 3026 664 3086 Sal.
689 3026 756 3087 bist.
780 3025 802 3083 V
826 3045 943 3104 regem
967 3026 1212 3088 aversabatur.

339 3136 458 3198 mttndit
481 3135 516 3195 ad
545 3134 614 3214 boc,
642 3132 709 3194 Ter.
732 3133 786 3194 Eu.
815 3135 885 3205 (III
904 3135 991 3209 dtr)
1019 3133 1128 3194 habui
1156 3143 1328 3215 scortum,
1356 3139 1483 3215 coepit
1514 3138 1599 3203 ades

250 3244 510 3306 idfflwme

338 3352 497 3411 dntevertc
525 3348 591 3422 tibi,
620 3348 687 3408 Ter.
715 3348 769 3409 Eu.
798 3349 967 3424 (ivm)
1002 3353 1112 3411 mirer
1143 3349 1202 3410 ubi
1236 3369 1299 3428 ego
1331 3350 1415 3411 buic
1449 3363 1557 3415 ante·

248 3458 428 3517 verterim.

337 3562 464 3624 Attemlc
488 3563 631 3643 animum,
655 3561 721 3621 Ter.
747 3561 836 3623 dndr.
860 3565 949 3639 (prul.
971 3563 1006 3637 8)
1030 3567 1181 3625 animum
1205 3564 1391 3626 attendite.

252 3703 464 3710 -.,-.--.--

320 3780 410 3834 Codex
428 3777 575 3832 Parrhasii
617 3778 724 3831 3tnlcs
796 3776 913 3832 thieto.
929 3777 967 3831 ill
1030 3780 1166 3834 undarum
1186 3781 1307 3836 mulcato
1371 3787 1552 3859 emaerore]

249 3877 352 3915 merorr
423 3864 457 3912 25
477 3859 553 3928 cepit
624 3865 657 3911 27
678 3857 724 3912 ubi
744 3857 809 3912 bnie
827 3875 879 3927 ego
898 3858 975 3926 hnic,
993 3859 1077 3922 deleto
1093 3862 1187 3930 priore
1206 3863 1262 3916 loco
1282 3862 1345 3916 hnic

337 4061 352 4108 5
372 4055 438 4109 bist.
454 4055 505 4125 III]
520 4054 593 4108 Nun.
604 4072 634 4123 p.
649 4058 704 4107 406
775 4053 881 4109 adflicti
901 4054 988 4110 alveis
1006 4056 1143 4111 undarum
1158 4057 1185 4111 vi
1199 4058 1321 4113 mulceto
1336 4059 1417 4114 foede
1432 4077 1553 4132 corpore

246 4136 388 4190 intereunt
405 4135 516 4190 Nonius
586 4134 667 4190 elveo
683 4132 743 4187 GP
810 4142 826 4188 6
845 4135 1026 4191 circumventi
1044 4137 1154 4205 dextra,
1174 4138 1246 4192 unde
1264 4139 1367 4193 ferrum
1388 4142 1461 4208 erat,
1481 4159 1552 4199 sexu

129 4218 132 4223 '
247 4220 297 4271 aut
315 4216 381 4285 qnid
400 4216 458 4271 lale
478 4220 563 4286 capul
581 4215 753 4283 adfligebant
773 4216 821 4280 Μ,
848 4216 1051 4272 circumventus
1079 4219 1193 4272 dextera
1216 4219 1291 4272 nude
1309 4219 1480 4275 ferramenta
1498 4227 1553 4278 aut

247 4298 315 4367 qnid
342 4297 399 4352 tale
428 4299 521 4366 capita
548 4297 701 4366 adfligebat
728 4297 829 4351 ennimi
856 4297 914 4351 iud.
942 4297 998 4352 lect.
1022 4298 1089 4352 Hal.
1113 4304 1176 4353 aest.
1197 4304 1314 4354 a.1879
1334 4317 1364 4368 p.
1390 4301 1468 4355 IX.
1489 4304 1552 4358 alia

247 4383 417 4435 coniecerunt
426 4381 554 4433 Kritev'us
564 4378 631 4432 Sall.
642 4379 703 4433 bist.
713 4378 812 4446 srnpm.
827 4392 858 4444 p.
874 4381 930 4431 182
949 4381 974 4430 et
991 4377 1147 4432 Dietselvt'us
1162 4378 1230 4434 Sall.
1245 4381 1306 4434 bist.
1320 4382 1419 4449 sraqnv.
1431 4400 1463 4449 p.
1475 4389 1512 4437 53

248 4460 361 4531 icapit]
372 4462 458 4530 ceput
467 4461 550 4513 cocles
563 4457 763 4512 Ambrosianus
775 4456 860 4522 illati,
875 4454 968 4525 capite
979 4456 1005 4510 G
1070 4464 1102 4512 12
1118 4459 1151 4513 de
1166 4460 1216 4513 illo
1230 4460 1353 4528 vnlnere,
1368 4460 1444 4529 qnod
1458 4461 1509 4518 ille
1519 4465 1552 4520 in

246 4540 340 4609 capite
359 4540 395 4595 ab
414 4539 537 4594 hostiurn
556 4539 626 4592 duce
645 4541 806 4606 acceperet,
825 4537 915 4592 multa
933 4537 1005 4591 dixit
1024 4539 1116 4593 Cicero
1188 4546 1222 4593 22
1242 4540 1352 4609 culpem
1371 4544 1403 4594 ut
1421 4544 1552 4614 Antipho

245 4619 274 4672 in
294 4637 322 4672 ne
341 4619 485 4674 admiserit
505 4619 647 4674 Terentina
719 4624 753 4670 ‘24
772 4635 866 4687 regem
884 4618 1084 4674 adversabatur
1101 4621 1204 4674 codices
1219 4620 1295 4674 Maii
1366 4628 1400 4675 tu
1419 4624 1551 4684 animum

245 4701 386 4755 advortite
404 4702 507 4754 codices
528 4699 661 4753 Terentii:
688 4697 839 4764 advertite,
863 4697 966 4767 legitur
990 4703 1019 4753 et
1041 4699 1179 4753 attendite
1197 4699 1327 4754 Donatus
1344 4703 1375 4756 in
1397 4703 1456 4759 Ter.
1478 4708 1496 4761 i.
1516 4726 1551 4776 c„

246 4779 339 4833 enimn
362 4779 499 4834 attendite
522 4778 633 4832 Non-ins
658 4795 686 4845 p.
706 4782 741 4830 39
762 4821 768 4834 .
788 4779 825 4831 nd
845 4778 953 4834 Pborm.
971 4780 1041 4846 prol.
1060 4786 1098 4835 24
1125 4797 1198 4834 nnnc
1223 4781 1290 4849 quid
1315 4783 1397 4837 velim
1418 4787 1551 4847 animum

245 4859 383 4913 attendite
401 4859 505 4913 rettulit
523 4857 732 4911 Lindemnnuus
