3316 5474
178 387 244 451 524
617 385 801 457 [CORNELII
818 385 1040 460 FRONTONIS]

178 499 199 536 p.
214 490 274 529 erec.
288 488 343 530 ner
356 488 381 530 Ρ.

266 573 412 634 Virtutem
435 581 465 632 et
488 571 692 632 fortitudinem
716 581 747 632 et
769 574 900 651 vigorem
927 581 958 632 et
985 571 1169 634 velocitatem
1196 581 1229 634 et
1261 574 1499 636 vehementiam

177 681 272 741 virtus
295 680 447 741 bominum
472 697 620 740 summum
644 679 756 741 bonum
779 688 837 760 est,
861 697 936 759 quae
960 681 989 739 in
1013 681 1198 740 orationeet
1220 682 1381 743 incursu
1400 691 1500 764 potest

176 785 282 848 videri:
315 787 457 848 fortitudo
485 789 529 848 vis
556 789 691 866 corporis
718 785 754 846 ad
782 786 972 848 sustinendos
1000 785 1130 848 labores:
1161 788 1248 866 vigor
1276 790 1381 850 animi
1409 788 1498 851 hahet

176 894 345 955 elationem:
386 893 525 955 velocitas
553 893 714 974 corporalis
746 892 895 975 celeritas,
927 895 1012 973 quasi
1046 890 1110 951 velo
1141 893 1213 954 cita:
1252 893 1495 959 vehementiae

176 1002 205 1061 vi
227 1011 257 1062 et
280 1003 392 1082 lmpetu
417 1003 532 1062 mentis.
1514 1016 1526 1057 s

264 1106 445 1169 Facultatem
473 1117 503 1169 et
531 1107 707 1168 facilitatem.
755 1106 878 1167 facultas
911 1106 1081 1188 locupletis,
1113 1107 1239 1168 facilitas
1272 1110 1407 1171 artificis
1439 1120 1491 1172 est.

175 1215 275 1293 ltaque
307 1214 389 1275 dives
421 1214 589 1275 facultatem
622 1213 711 1275 babet
739 1214 829 1275 multa
855 1213 902 1273 vel
934 1212 1052 1274 emendi
1083 1213 1128 1273 rel
1160 1213 1349 1297 redimendi,
1382 1218 1489 1279 artifex

174 1338 265 1401 opera
288 1320 460 1401 perficiendi
484 1320 662 1381 facilitatem.

264 1426 358 1488 Silere
387 1437 417 1488 et
444 1437 550 1489 tacere.
597 1427 664 1488 silet
692 1429 778 1488 cuius
807 1427 957 1508 loquentis
985 1445 1083 1487 sermo
1112 1430 1323 1508 comprimitur
1352 1428 1392 1491 ah
1425 1433 1486 1512 ipsa

175 1536 388 1614 significatione
412 1535 527 1597 litterae
552 1556 579 1617 c,
604 1544 681 1596 taret
704 1537 755 1614 qui
779 1553 816 1595 ne
840 1535 920 1614 loqui
943 1534 1062 1614 (pridem
1085 1537 1191 1615 coepit
1496 1553 1517 1591 u

265 1643 420 1722 {gnoscere
445 1651 474 1703 et
497 1642 668 1703 concedere.
716 1643 842 1721 ignoscit
865 1643 915 1720 qui
940 1641 1104 1702 dissimulat
1127 1661 1158 1702 se
1183 1660 1271 1702 nosse
1296 1645 1380 1723 quod
1405 1664 1482 1707 eom·

174 1753 252 1829 perit
276 1760 305 1810 et
328 1752 367 1811 ita
387 1749 503 1810 silentio
523 1759 642 1830 peccatu
657 1746 680 1826 †
695 1750 813 1822 fecerit,
837 1748 973 1809 concedit
993 1750 1044 1829 qui
1063 1750 1160 1808 omnia
1179 1757 1301 1827 peccata
1323 1752 1481 1814 condonat

263 1856 377 1916 Habere
393 1866 422 1917 et
436 1857 597 1936 possidere.
630 1854 738 1916 babere
753 1863 851 1936 potest
865 1856 952 1914 etium
967 1851 990 1932 †
1005 1856 1054 1915 fur
1069 1872 1209 1935 nequam3
1228 1856 1365 1935 possidet
1385 1878 1481 1940 neruo,

175 1966 231 2024 nisi
259 1966 310 2044 qui
338 1973 388 2023 aut
417 1963 536 2023 relictae
566 1972 616 2022 utu
644 1963 768 2022 donatae
798 1963 841 2021 rei
874 1970 926 2021 aut
954 1969 1069 2040 emptae
1102 1961 1239 2044 dominus
1272 1972 1328 2024 est
1380 1967 1423 2026 ita
1450 1968 1479 2026 in

174 2070 300 2130 habente
324 2088 416 2150 onus,
439 2072 468 2129 in
493 2068 662 2148 possidente
685 2088 759 2129 usus
783 2076 836 2129 est.
1491 2084 1513 2123 rs

262 2177 371 2237 Munus
399 2185 428 2236 et
456 2175 574 2234 donum.
622 2193 730 2236 munus
759 2174 836 2254 qrred
861 2177 973 2235 amicus
997 2174 1042 2233 rel
1066 2173 1159 2235 cliens
1178 2175 1222 2235 vel
1242 2174 1370 2238 libertus
1389 2179 1479 2240 offleii

174 2302 261 2343 consa
286 2285 419 2363 mittunt,
444 2281 488 2341 vel
513 2300 620 2342 nrrrrrus
646 2281 863 2363 gladiatorium3
887 2281 997 2343 donum
1021 2281 1100 2359 ‹prtod
1124 2281 1180 2342 diis
1203 2282 1305 2345 datur:
1329 2284 1401 2345 inde
1426 2285 1475 2346 uhi

173 2390 249 2450 dona
273 2399 438 2468 ponuntur,
466 2388 621 2447 donarium
645 2386 816 2467 appellatur.
863 2397 989 2467 possunt
1018 2396 1048 2448 et
1076 2386 1123 2447 illa
1153 2388 1242 2449 nihilo
1272 2392 1373 2452 minus
1402 2392 1477 2453 dona

174 2497 245 2577 dici,
272 2516 347 2576 quae
375 2496 485 2555 donant
514 2492 693 2573 pauperibus
721 2493 827 2554 divites
856 2493 900 2553 vel
928 2485 1066 2573 potentes
1089 2541 1096 2554 .
1121 2493 1191 2554 illud
1215 2514 1336 2576 quoque
1365 2497 1476 2559 donum

173 2604 335 2683 putandum
360 2612 420 2681 est,
445 2601 522 2681 quod
548 2600 690 2660 militibus
713 2599 839 2659 donetur
863 2601 893 2660 in
917 2603 1035 2680 castriS,
1059 2609 1093 2660 ut
1115 2600 1231 2662 vallaris
1253 2621 1375 2664 corona.
1489 2620 1514 2659 so

261 2711 373 2770 Nexum
396 2720 425 2770 et
450 2711 573 2769 noxiam.
620 2725 694 2767 noxa
718 2725 812 2787 poena
836 2714 895 2784 est,
919 2709 1005 2767 noxia
1029 2706 1123 2786 ctrlpa.

262 2816 411 2877 Sciontem
439 2824 469 2876 et
496 2818 611 2875 scitum.
658 2815 755 2873 sciens
784 2814 836 2891 qui
865 2814 935 2893 soit,
964 2815 1057 2873 scitus
1080 2816 1131 2893 qui
1155 2816 1249 2875 scitur
1272 2815 1318 2875 vel
1343 2818 1477 2881 festivus

260 2925 425 2983 lluinmntiu
449 2932 479 2983 et
502 2922 644 2982 attinulfo.
690 2922 846 2980 animantia
875 2923 1001 2980 ultimam
1029 2922 1154 3001 faciunt,
1184 2923 1319 2984 animalia
1348 2929 1478 2989 animam

172 3029 288 3090 babent.

260 3135 437 3216 dbspulsunt
466 3144 496 3195 et
523 3135 683 3215 repulsum.
735 3133 891 3213 abspulsus
920 3143 966 3194 est
993 3133 1029 3193 ub
1057 3134 1154 3215 aliquo
1181 3135 1301 3217 pulsus,
1333 3140 1515 3221 repulsusrs

171 3254 253 3304 retro
276 3242 388 3322 pulsus.

260 3350 361 3411 Visum
385 3359 415 3409 et
438 3351 594 3410 visitatum.
641 3351 735 3409 visum
760 3348 864 3428 semel,
888 3350 1035 3408 visitatum
1060 3352 1177 3429 saepius
1200 3352 1275 3411 scito
1300 3370 1376 3413 esse.
1397 3349 1403 3434 Ι

260 3459 369 3519 fletum
403 3467 433 3518 et
465 3460 601 3516 timorem
634 3466 663 3517 et
696 3456 884 3516 formidinem
915 3467 945 3516 et
976 3475 1123 3536 pavorem.
1174 3466 1271 3518 metus
1300 3466 1400 3518 motus
1430 3469 1478 3521 est

171 3568 273 3645 animi,
298 3568 385 3626 timor
410 3574 521 3644 tumor,
551 3562 674 3622 formido
700 3562 757 3622 fert
779 3560 930 3621 interdum
958 3565 1116 3636 rationem,
1147 3581 1238 3642 pavor
1265 3564 1392 3642 puerilis
1420 3577 1476 3628 est

258 3671 400 3750 Reperire
425 3679 454 3729 et
478 3672 609 3730 iuvenire
633 3715 639 3727 .
665 3669 830 3746 reperimus
855 3675 969 3747 nostra,
992 3670 1158 3729 invenimus
1181 3669 1282 3729 aliena.
1491 3690 1517 3730 so

258 3776 361 3837 Videte
386 3788 415 3837 et
438 3777 575 3837 videtote.
622 3773 717 3833 videte
742 3776 881 3853 imperat,
904 3773 1032 3834 videtote
1056 3776 1182 3837 maudat.

257 3883 415 3964 Proprium
440 3893 469 3943 et
492 3885 645 3961 privatum.
692 3881 845 3959 proprium
870 3880 1014 3957 cuiusque
1043 3886 1210 3963 proprium,
1238 3886 1389 3963 privatum
1414 3905 1476 3949 non

169 3990 329 4071 publicum.

257 4182 273 4230 2
293 4170 449 4241 hominum]
468 4169 587 4224 hominis
607 4185 622 4226 ς
696 4183 768 4236 quae
787 4168 817 4221 et
834 4165 863 4219 in
883 4166 1009 4221 oratione
1024 4168 1177 4223 Fabricius
1246 4176 1262 4223 3
1282 4169 1365 4239 uigor
1384 4172 1476 4230 animi

168 4254 254 4309 hebet
273 4255 423 4309 elationem
443 4268 460 4310 ς
479 4251 557 4321 uigor
582 4250 611 4303 ui
635 4251 664 4302 et
688 4247 810 4302 eletione
833 4252 864 4300 ut
885 4249 1028 4302 videbatur
1051 4249 1083 4300 N
1099 4287 1106 4303 .
1124 4249 1240 4315 sortasse
1258 4248 1338 4318 vigor
1357 4270 1376 4306 n
1396 4256 1425 4310 vi
1446 4261 1477 4314 et

168 4334 289 4391 elatione
361 4332 476 4401 rquasi
495 4330 616 4384 ueloeile
630 4345 646 4387 ς
660 4328 740 4397 quasi
755 4326 890 4381 uelocitas
904 4327 937 4379 N
1006 4327 1178 4381 uehimentia
1191 4328 1224 4381 N
1294 4334 1327 4382 10
1341 4348 1379 4385 no
1394 4333 1476 4404 loqui

168 4413 328 4479 Fabricius,
346 4431 398 4469 nec
417 4413 493 4482 loqui
511 4411 544 4465 N
551 4426 567 4468 5
649 4416 682 4464 12
702 4409 819 4478 peccata
836 4406 974 4476 impunita
992 4408 1090 4463 fecerit
1108 4423 1124 4465 5
1197 4414 1229 4462 13
1249 4408 1293 4463 fur
1311 4427 1438 4480 nequam
1457 4433 1476 4474 5

167 4503 243 4593 forma
261 4555 345 4606 qnam
363 4537 397 4591 N
411 4538 455 4591 fur
474 4538 503 4590 el
520 4552 638 4604 nequem
659 4533 810 4588 Fabricius
881 4538 914 4585 14
933 4535 984 4588 aul
1001 4533 1169 4587 testemonio
1188 4532 1302 4588 relictae
1319 4534 1477 4596 Prrtsclrr'rce

222 4623 254 4672 15
273 4618 351 4688 usus]
377 4617 419 4671 ius
439 4616 590 4670 Fabricius
674 4619 709 4667 20
728 4611 843 4667 uallatis
861 4626 878 4668 5
896 4611 998 4665 uelleri
1016 4612 1049 4664 N
1130 4617 1165 4665 23
1184 4612 1339 4670 animantis
1358 4619 1476 4676 enimus

168 4696 235 4750 lacit
254 4713 271 4754 5
350 4702 384 4750 25
403 4696 572 4765 Abopulsum
593 4726 624 4734 -
644 4696 718 4748 retro
736 4693 834 4763 pulsus
854 4698 916 4760 post
934 4697 973 4747 27
992 4692 1062 4746 scibo
1087 4709 1146 4747 esee
1170 4694 1300 4747 collocato
1318 4702 1385 4750 cunt
1404 4699 1438 4752 irc
1457 4716 1476 4758 5

212 4776 248 4830 eb
266 4776 361 4844 aliquo
380 4775 538 4840 Fabricios,
558 4792 575 4829 a
594 4791 648 4843 quo
667 4775 700 4827 N
704 4789 721 4831 5
793 4779 827 4826 27
843 4772 913 4826 seito
928 4787 945 4829 5
959 4772 1017 4826 acio
1030 4773 1063 4825 N
1132 4778 1165 4828 29
1181 4773 1266 4826 timor
1279 4773 1361 4840 qnasi
1375 4777 1477 4835 tumor

167 4854 318 4909 Fabricius
388 4861 423 4910 30
441 4855 591 4925 Repperire
610 4854 643 4907 N
711 4850 883 4924 repperimus
901 4851 936 4904 N
