3316 5474
578 388 647 443 Ans
666 388 909 445 suiuusrrca
1353 392 1419 456 403

116 499 139 535 p.
154 488 187 527 ³2.
202 488 228 526 33
242 488 272 526 Η.
1431 484 1440 497 “

117 574 203 631 istam
227 574 320 634 istanc
344 573 423 633 istud
447 582 477 633 et
500 576 590 656 istuc,
613 592 630 633 ο
655 577 710 635 iste
734 577 788 635 ista
812 576 892 636 istud
915 577 1008 657 istuc,
1031 576 1068 635 alt
1092 579 1148 638 iste
1172 587 1202 638 et
1226 577 1261 637 ali
1285 579 1360 637 istoc
1383 576 1418 638 ab

118 681 174 739 ista
198 679 233 739 ab
257 682 329 741 istac
354 679 389 740 ab
413 683 470 740 istu
493 680 529 740 ab
553 683 642 742 istoc:
669 681 707 762 pl.
731 666 825 743 οὗτοι
852 676 985 744 τούτων
1013 677 1068 744 καὶ
1092 669 1188 745 αὗται
1212 678 1341 746 τούτων
1365 678 1420 745 καὶ

117 783 220 846 ταῦτα
247 778 376 847 τούτων
405 789 453 847 isti
482 790 555 847 istae
583 789 639 848 ista
666 798 697 849 et
724 788 776 849 rel.
804 779 906 862 αὐτὸς
927 780 1031 851 αὐτοῦ
1053 784 1108 851 καὶ
1132 783 1215 871 αὐτή
1240 783 1342 871 αὐτῆς
1364 786 1420 853 καὶ

118 884 199 955 αὐτὸ
222 883 326 955 αὐτοῦ
350 896 414 975 ipse
437 897 500 973 ipsa
524 897 621 973 ipsum
644 903 674 955 ct
698 895 765 957 rel:
793 895 830 975 pl.
855 887 950 957 αὐτοὶ
975 888 1086 958 αὐτῶν
1109 893 1163 959 καὶ
1187 889 1285 959 αὐταὶ
1309 889 1420 960 αὐτῶν

92 994 173 1061 ικαὶ
197 992 280 1062 αὐτὰ
304 990 416 1062 αὐτῶν
440 1003 497 1080 ipsi
519 1004 600 1081 ipsae
624 1004 688 1082 ipsa
711 1011 741 1063 et
763 1002 815 1063 rel.
839 1005 936 1083 ipsum
961 1022 1052 1083 quare
1077 1024 1135 1066 non
1160 1006 1260 1086 ipsud,
1288 1014 1321 1066 ut
1348 1005 1419 1066 illud

119 1116 149 1169 et
176 1105 277 1168 istud?
309 1111 446 1187 quoniam
478 1117 593 1168 veteres
621 1111 833 1171 nominativum
863 1110 1058 1172 masculinum
1088 1132 1146 1173 nnn
1180 1115 1242 1193 ipse
1275 1111 1421 1192 dicebant,

119 1215 170 1275 sed
194 1218 291 1297 ipsus,
314 1215 392 1295 quod
417 1218 503 1277 etiam
524 1218 553 1276 in
574 1218 735 1278 comoediis
753 1217 904 1279 veteribus
924 1222 1099 1281 invenimus.
1145 1216 1271 1292 ἐκεῖνος
1290 1215 1421 1281 ἐκείνου

118 1316 173 1383 καὶ
196 1317 305 1403 ἐκείνη
329 1318 455 1402 ἐκείνης
477 1319 532 1384 καὶ
555 1320 665 1386 ἐκεῖνο
689 1320 820 1386 ἐκείνου
843 1325 891 1386 ille
915 1326 962 1386 illa
987 1326 1058 1387 illud
1078 1326 1146 1387 illuc
1166 1326 1202 1386 ab
1221 1326 1287 1387 illoc
1307 1335 1336 1387 et
1356 1325 1421 1387 rel:

119 1430 156 1510 pl.
181 1425 301 1492 ἐκεῖνοι
325 1425 462 1491 ἐκείνων
485 1425 541 1492 καὶ
564 1427 688 1493 ἐκεῖναι
711 1428 850 1494 ἐκείνων
873 1428 928 1495 καὶ
952 1430 1061 1496 ἐκεῖνα
1085 1431 1231 1496 ἐκείνων.

80 1549 105 1588 1⁰
209 1538 353 1598 lnllnitiva
376 1533 426 1611 τὶς
448 1527 469 1618 ἢ
494 1531 589 1611 ποιὸς
611 1530 703 1612 τινὸς
726 1530 746 1619 ἢ
770 1537 870 1602 ποιοῦ
892 1535 947 1602 καὶ
970 1537 1020 1617 τίς
1037 1531 1058 1622 ἣ
1077 1531 1156 1604 ιιοιδ
1175 1532 1266 1614 τινὸς
1284 1530 1305 1621 ἢ
1324 1536 1422 1613 τιοιᾶς

119 1639 172 1706 καὶ
196 1637 228 1705 τί
251 1634 271 1725 ἢ
295 1636 394 1705 ποιὸν
417 1637 508 1718 τινὸς
531 1635 550 1724 ἢ
574 1643 674 1707 ποιοῦ
698 1640 766 1724 [καὶ
790 1636 828 1721 δς
849 1641 904 1708 καὶ
928 1647 965 1708 αἳ
984 1643 1039 1708 καὶ
1061 1638 1083 1709 δ
1105 1642 1160 1709 καὶ
1184 1640 1285 1726 ποσά]
1306 1651 1372 1727 quis
1392 1657 1421 1709 et

120 1754 172 1832 qui
200 1771 275 1831 quae
303 1752 398 1832 quod:
428 1751 465 1831 pl.
492 1745 581 1824 τινές
608 1742 629 1833 ἢ
657 1747 749 1814 ποιοὶ
776 1752 880 1815 τινῶν
907 1743 928 1835 ἢ
956 1752 1064 1816 ποιων
1091 1749 1147 1815 καὶ
1173 1748 1262 1827 τινές
1283 1743 1304 1833 ἢ
1328 1748 1422 1815 ποιαί

119 1860 223 1923 τινῶν
246 1851 266 1942 ἢ
290 1858 397 1923 ποιῶν
419 1856 474 1922 καὶ
497 1852 572 1921 τινὰ
595 1849 616 1941 ἢ
639 1853 719 1922 ποιὰ
741 1859 845 1923 τινῶν
868 1852 889 1942 ἢ
913 1860 1020 1923 ποιῶν
1043 1864 1095 1942 qui
1118 1880 1193 1941 quae
1217 1880 1292 1941 quae
1316 1870 1346 1922 et
1369 1860 1421 1922 rel.

120 1969 172 2029 sed
200 1978 317 2029 veteres
347 1970 558 2029 nominativum
587 1968 729 2048 pluralem
759 1972 825 2049 quis
858 1969 997 2031 dixerunt
1029 1970 1160 2049 regulam
1194 1972 1296 2030 secuti.
1343 1968 1421 2029 unde

81 2079 208 2138 uetiam
232 2078 346 2138 dativus
370 2079 478 2137 mansit
500 2078 530 2136 in
555 2077 784 2138 consuetudine:
812 2095 879 2137 nam
908 2076 1033 2138 dicimus
1063 2077 1172 2157 quilius
1200 2095 1254 2156 pre
1282 2078 1365 2155 quis,
1392 2083 1422 2135 et

122 2183 190 2264 [pru
209 2184 331 2264 quibus]
356 2186 423 2264 quis
442 2202 501 2243 non
521 2202 681 2263 numquam
702 2184 836 2245 dicimus.
872 2182 999 2257 τίςτιοτε
1019 2174 1039 2264 ἢ
1058 2176 1233 2257 κοιόςτιοτε
1251 2174 1422 2255 τινόςιιοτε

119 2281 140 2371 ἢ
163 2284 342 2353 ιιοιούιιοτε
365 2285 420 2352 καὶ
443 2288 571 2364 τίςιιοτε
595 2281 795 2371 ἢτιοιτίιιοτε
814 2284 985 2365 τινόςιιοτε
1004 2280 1024 2371 ἢ
1044 2284 1218 2365 τοιάςτιοτε
1237 2284 1293 2351 καὶ
1311 2288 1421 2351 τίποτε

120 2388 140 2477 ἢ
173 2392 352 2461 ιιοιόντιοτε
383 2391 554 2472 τινόςιιοτε
586 2386 607 2478 ἢ
639 2390 835 2477 ποιούιιοτε,
872 2393 1007 2471 ἕκαστος
1044 2390 1163 2477 ἑκάστη
1196 2393 1335 2459 ἕκαστον
1367 2390 1421 2457 καὶ

121 2498 277 2584 ἑκάτερον
302 2508 427 2585 quisque
451 2524 586 2585 quaeque
610 2505 762 2585 quodque:
785 2505 823 2585 pl.
837 2496 878 2566 τὰ
894 2498 931 2566 δὲ
945 2496 1101 2585 ε’ίίηνικὰ
1116 2502 1177 2565 τοῦ
1190 2502 1421 2584 πληθυντικοῦ

81 2611 240 2692 ἳοταῦτα,
267 2607 433 2685 τινέςτιοτε
457 2602 478 2692 ἢ
501 2612 672 2674 ποιοίποτε
699 2607 883 2674 τινῶνιιοτε
911 2601 932 2691 ἢ
960 2605 1146 2672 κοιώυποτε
1174 2605 1229 2672 καὶ
1255 2607 1421 2684 τινέςιιοτε

121 2710 141 2800 ἢ
164 2719 335 2781 ποιαίποτε
358 2711 540 2781 τινωυιιοτε
562 2710 583 2799 ἢ
607 2712 796 2781 τιοιαίυποτε
818 2713 872 2780 καὶ
895 2711 1049 2780 τινάιιοτε
1074 2708 1095 2797 ἢ
1118 2710 1276 2779 nerdense
1304 2709 1421 2779 τινών-

121 2846 198 2888 ιιοτε
221 2818 243 2906 ἢ
266 2818 467 2904 ποιώνιιοτε,
492 2822 621 2888 ἕκαστοι
647 2822 778 2888 ἕκασται
802 2821 922 2887 ἕκαστα
945 2828 1055 2905 quique
1079 2844 1215 2905 quaeque
1234 2844 1368 2905 quaeque
1392 2832 1423 2886 et

121 2936 172 2996 rel.
193 2926 408 3015 ὁστιςδήποτε
428 2924 448 3014 ἢ
468 2925 705 3014 ὁτιοιοςδήιιοτε
724 2928 940 3013 τινοςδήιιοτε
957 2923 979 3013 ἢ
998 2926 1221 3012 κοιουδήιτοτε
1239 2928 1295 2993 καὶ
1312 2925 1421 3012 τιςδή-

121 3060 198 3103 ποτε
235 3033 256 3122 ἢ
292 3034 494 3122 ποιαδήποτε
535 3033 750 3120 τιυοςδήιιοτε
789 3029 810 3120 ἢ
851 3031 1071 3120 ποιαςδήκοτε
1111 3033 1167 3099 καὶ
1206 3032 1360 3119 sedularum
1401 3022 1421 3120 η’

81 3141 344 3229 25ιτοιονδήιιοτε
389 3140 606 3227 τινοςδήιιοτε
645 3136 666 3228 ἢ
706 3139 930 3226 ποιουδήιιοτε
976 3149 1172 3226 quiscumque
1218 3165 1422 3226 quaecumque

122 3258 343 3337 quodcumque:
375 3257 412 3337 pl.
435 3248 646 3335 τιυεςδήιιοτε
669 3243 690 3335 ἢ
713 3249 928 3335 ποιοιδήιιοτε
950 3245 1178 3333 τινωυδήποτε
1207 3243 1227 3332 ἦ
1255 3246 1421 3335 ιιοιωνδή-

120 3381 199 3425 ποτε
223 3358 277 3424 καὶ
300 3356 511 3443 τινεςδηίιοτε
534 3351 554 3442 ἢ
577 3355 794 3442 ποιαιδήποτε
816 3353 1043 3441 τινωυδήιιοτε
1066 3349 1087 3440 ἢ
1110 3351 1341 3440 τιοτωνδήιιοτε
1367 3355 1423 3420 καὶ

121 3464 319 3551 τιναδηποτε
355 3460 376 3550 ἢ
413 3462 616 3550 ποιαδήιιοτε
652 3460 878 3547 τινωνδήτιοτε
915 3456 937 3548 ἢ
973 3459 1205 3546 τιοιωνδήιιοτε
1242 3469 1421 3545 quicumque

123 3597 326 3658 quaecumque
350 3596 562 3656 quaecumque.
608 3567 708 3648 ἄλλος
726 3567 831 3636 ἄλλου
849 3569 903 3635 καὶ
922 3566 1005 3653 ἄλλη
1025 3566 1127 3653 ἄλλης
1144 3568 1198 3634 καὶ
1218 3566 1298 3633 dato
1318 3565 1423 3634 ἄλλου

84 3691 109 3728 ³⁰
124 3685 198 3745 alius
221 3684 275 3744 alia
299 3682 391 3744 aliud:
419 3683 456 3762 pl.
482 3679 487 3762 Ι
511 3674 606 3744 ἄλλοι
634 3675 746 3743 ἄλλων
773 3676 828 3743 καὶ
855 3672 952 3742 ἄλλαι
979 3671 1091 3742 ἄλλων
1118 3675 1173 3741 καὶ
1202 3671 1287 3741 ἄλλα
1310 3670 1421 3740 ἄλλων

123 3793 171 3853 alii
194 3792 265 3853 aliae
290 3791 353 3851 alia.
399 3786 509 3869 ἕτερος
533 3784 647 3869 ἑτέρου
670 3783 724 3850 καὶ
748 3783 842 3869 ἑτέρα
866 3783 977 3868 ἑτέρας
999 3781 1054 3849 καὶ
1078 3783 1192 3868 ἕτερον
1216 3780 1330 3867 ἑτέρου
1349 3787 1423 3847 alter

124 3898 213 3959 altera
247 3897 385 3958 alterum:
417 3897 455 3977 pl.
489 3891 592 3975 ἕτεροι
625 3890 680 3957 καὶ
713 3891 819 3976 ἕτεραι
846 3889 900 3956 καὶ
930 3890 1024 3974 ἕτερα
1052 3890 1174 3975 ἐτέρων
1202 3895 1286 3955 alieri
1314 3894 1422 3955 alterae

123 4008 222 4067 altera.
274 3996 449 4083 οὐδέτερος
477 3993 657 4081 οὐδετέρου
688 3996 743 4063 καὶ
772 3993 931 4082 οὐδετέρα
960 3993 1136 4081 οὐδετέρας
1164 3994 1217 4062 καὶ
1246 3991 1423 4079 οὐδέτερον

124 4104 303 4190 οὐδετέρου
327 4120 431 4171 neuter
456 4120 561 4170 neutra
584 4118 723 4169 nentrum
748 4109 897 4168 neutrius:
920 4107 958 4185 pl.
982 4098 1150 4185 οὐδέτεροι
1173 4102 1227 4168 καὶ
1252 4099 1423 4184 οὐδέτεροι

124 4213 179 4279 καὶ
203 4211 361 4297 οὐδέτερα
385 4208 572 4297 οὐδετέρων
591 4217 691 4276 neutri
710 4222 832 4275 neutrae
852 4222 966 4275 neutra.
1004 4209 1138 4287 ἕκαστος
1152 4207 1270 4293 ἑκάστη
1285 4210 1423 4275 ἕκαστον

214 4426 303 4481 Codex
322 4424 517 4493 Sanqallensis.
557 4430 569 4476 1
591 4440 607 4476 ο
627 4422 680 4476 iste
698 4425 729 4477 ta
745 4422 796 4476 iud
815 4422 883 4476 isles
903 4423 939 4476 ab
957 4421 1018 4477 istis
1035 4425 1115 4491 (corr.
1136 4421 1192 4489 isli)
1212 4423 1241 4476 et
1260 4421 1295 4475 ab
1312 4421 1369 4476 ista
1385 4422 1421 4477 ab

124 4509 179 4562 isla
197 4508 232 4562 ab
251 4507 320 4560 istac
339 4507 375 4559 ab
394 4505 448 4559 isto
466 4505 503 4558 ab
521 4504 592 4558 istoc
663 4509 679 4556 8
699 4503 729 4556 el
750 4501 799 4555 rel.
824 4520 935 4555 εκεινου
958 4518 1027 4557 corr.
1048 4534 1080 4541 —
1100 4522 1127 4557 οι
1199 4508 1351 4556 uenerator
1369 4502 1421 4572 plr.

125 4587 263 4642 infiniliua
322 4583 626 4654 15proquis]prncnis
686 4591 718 4637 19
730 4578 876 4653 ἑκάτερον]
887 4578 1013 4649 εκατερο’
1064 4576 1422 4652 3ίούδέτεροι]ουδετερου

218 4800 247 4846 11
269 4791 316 4845 nal
335 4785 367 4853 ὅς
389 4821 424 4830 -
447 4786 520 4843 ποσά
535 4805 584 4843 nvn.
601 4788 637 4841 M
655 4829 661 4842 .
680 4788 796 4842 relativa
812 4789 977 4857 pronomina
995 4781 1027 4850 ὃς
1046 4781 1063 4857 ἣ
1082 4781 1097 4841 ὃ
1118 4786 1144 4841 o‘l
1163 4785 1193 4841 αἳ
1211 4781 1230 4841 ἅ
1249 4789 1424 4858 adscripsisse

127 4875 234 4928 ridetur
251 4873 445 4942 qranrmnticus
