3316 5474
236 312 303 376 244

234 424 257 461 p.
271 414 324 453 noct
338 413 362 452 P.

235 505 265 557 et
287 497 394 558 hrator

395 606 474 666 iura
497 606 694 666 ministerii
718 607 836 666 sacris
859 604 1038 667 altaribus
1061 609 1135 687 apti

394 714 431 788 in
455 722 591 793 septem
617 721 780 773 statuere
804 715 906 794 viris,
929 731 1019 792 quos
1043 714 1202 795 undique
1225 714 1341 776 lectos
1426 761 1435 779 t

391 816 537 888 ¹Levitas
561 820 872 913 vocitarcqplacet
907 837 1009 898 quam
1033 820 1222 899 splendida
1245 824 1367 901 coepit

394 922 574 985 ecclesiae
598 925 740 1004 fulgere
764 944 899 1006 manus,
923 943 1011 1005 quae
1035 926 1163 1006 pocula
1188 929 1282 988 vitae
1557 943 1570 982 o

394 1033 546 1092 misceat
568 1039 603 1092 ct
625 1030 752 1092 latices
776 1050 854 1093 cum
878 1034 1051 1111 sanguiue
1074 1036 1241 1114 porrigat
1263 1036 1353 1114 agni

235 1157 338 1201 verum
363 1138 452 1199 buius
475 1138 554 1198 modi
578 1140 703 1199 conexio
727 1140 752 1198 si
775 1137 852 1199 ultra
876 1138 997 1199 modum
1027 1140 1180 1221 procedat,
1209 1140 1359 1201 fastidium
1387 1142 1480 1219 gignit
1509 1159 1543 1200 ac

236 1245 374 1307 taedium.
412 1244 537 1323 hymnos
561 1263 645 1327 vcro,
669 1263 744 1324 quos
768 1244 867 1305 choris
891 1244 1106 1307 alternantibus
1129 1265 1236 1308 canere
1260 1253 1391 1327 oportet,
1419 1265 1541 1307 necesse

234 1360 280 1413 est
303 1349 427 1429 siugulis
448 1349 582 1411 versibus
607 1351 642 1411 ad
666 1369 775 1430 purum
795 1370 860 1414 esse
881 1351 1052 1432 distinctos,
1075 1360 1109 1414 ut
1133 1363 1203 1414 sunt
1225 1372 1329 1414 omnes
1348 1353 1541 1414 Ambrosiam.

234 1461 343 1539 optima
365 1466 466 1547 autem
489 1475 594 1550 versus
618 1457 754 1539 dactylici
778 1477 812 1518 ac
835 1457 1036 1537 pulcherrima
1059 1462 1235 1540 compositio
1259 1469 1317 1542 est,
1346 1478 1413 1519 cum
1437 1461 1541 1538 primis
1556 1475 1582 1513 1⁰

233 1565 412 1646 paenultima
445 1582 479 1624 ac
510 1563 614 1624 mediis
647 1565 830 1644 respondent
859 1573 1005 1646 extrema,
1035 1584 1092 1645 qua
1117 1559 1264 1649 [Sedulius
1294 1569 1468 1646 frequenter
1497 1569 1541 1627 uti

233 1673 401 1750 cousuevit,
424 1678 458 1732 ut

389 1779 515 1859 pervia
537 1777 646 1838 divisi
670 1786 868 1858 patuerunt
891 1777 1036 1839 caerula
1060 1782 1161 1859 ponti

233 1878 263 1931 et
392 1940 487 1999 sicca
510 1940 724 2018 peregrinas
747 1946 971 2018 stupuerunt
994 1957 1168 1999 marmora
1191 1939 1334 2019 plantas
1555 1954 1580 1992 1⁵

234 2036 265 2090 et
393 2096 507 2158 edidit
529 2097 700 2159 humanas
723 2097 852 2160 animal
875 2098 1026 2178 pecuale
1050 2098 1227 2181 loquelas,

218 2213 306 2280 *tem
332 2207 362 2265 in
386 2212 571 2285 pentametro

395 2311 566 2391 dignatus
588 2314 726 2374 nostris
749 2311 957 2374 accubitare
982 2315 1073 2375 toris

1536 2419 1538 2423 ·
1556 2399 1582 2436 20

238 2411 269 2463 et
399 2470 507 2532 rubra
531 2472 625 2550 quod
649 2471 852 2552 adpositum
877 2458 1178 2535 testaministrat
1201 2473 1287 2535 olus.

240 2588 412 2641 nontamen
432 2578 488 2638 hoc
503 2580 697 2638 continuatim
712 2578 867 2659 agendum,
886 2596 989 2639 verum
1007 2588 1076 2659 post
1093 2578 1205 2658 aliquot
1222 2582 1413 2660 interpositos
1428 2599 1539 2641 versus.

241 2689 266 2747 si
290 2688 369 2747 enim
388 2703 506 2764 semper
524 2703 584 2745 uno
604 2684 691 2744 modo
714 2683 805 2764 pedes
824 2683 987 2765 ordinabis,
1010 2693 1041 2746 et
1059 2703 1177 2765 versus,
1200 2686 1317 2744 tametsi
1340 2686 1469 2764 optimus
1493 2687 1539 2763 sit,

239 2802 334 2855 status
352 2795 451 2854 statim
470 2791 596 2853 vilescit:
620 2790 776 2870 aliquando
795 2809 914 2852 versum
933 2790 1102 2851 nominibus
1128 2798 1241 2852 tautum
1260 2791 1403 2869 perlicere
1423 2802 1539 2870 gratum

234 2910 294 2983 eat,
318 2910 351 2961 ut
375 2900 554 2961 Fortunatus

392 3005 482 3087 lilia,
505 3007 704 3085 narcissus,
728 3005 856 3086 violae,
879 3023 974 3086 rosa,
996 3004 1141 3084 nardus,
1165 3020 1349 3083 amomum,

445 3111 628 3174 oblectant
650 3113 785 3173 animos
809 3114 967 3191 germina
992 3109 1218 3191 nulla'meos,

233 3221 312 3301 quod
335 3221 413 3283 idem
437 3227 469 3281 et
490 3221 520 3280 in
544 3222 673 3299 propriis
697 3221 767 3280 lecit
790 3217 975 3299 nominibus,
999 3227 1033 3280 ut

384 3327 511 3406 Sarra,
534 3323 708 3408 Rebecca,
731 3325 879 3407 Rachel,
901 3324 1022 3406 Ester,
1045 3325 1179 3406 ludith,
1204 3327 1314 3407 huna,
1336 3326 1473 3408 Noemi,

443 3435 604 3514 quamvis
626 3435 823 3513 praecipue
847 3431 988 3492 culmen
1011 3430 1051 3490 ad
1076 3441 1172 3492 astra
1195 3430 1334 3513 lcveut3
1553 3445 1578 3484 δυ

234 3544 304 3604 lecit
327 3552 357 3604 et
380 3543 411 3602 in
434 3541 546 3622 verbis,

390 3647 588 3728 blanditur,
611 3647 766 3726 refovet,
790 3652 998 3722 veneratur,
1020 3641 1187 3721 honorat,
1210 3640 1401 3704 obumbrat

444 3762 480 3814 ct
501 3753 596 3813 locat
617 3755 652 3813 in
677 3751 831 3813 thalamo
854 3747 1009 3810 membra
1032 3746 1160 3827 pudica
1185 3765 1258 3807 suo.

232 3858 411 3926 studendum
429 3869 582 3941 praeterea
598 3861 744 3940 metricis,
764 3866 906 3937 quantum
931 3856 1005 3916 artis
1023 3854 1124 3914 decori
1143 3872 1202 3913 non
1217 3852 1349 3936 obsistit,
1368 3864 1401 3915 ut
1419 3855 1537 3916 mobilia

232 3941 351 4032 nomina
378 3969 443 4028 stris
471 3975 668 4047 praeponant,
696 3966 747 4027 sed
777 3983 815 4026 ne
844 3962 1030 4024 concinentia
1058 3962 1176 4020 nomina
1206 3951 1387 4022 coniunctim
1418 3973 1537 4043 ponant,
1552 3976 1577 4013 ³⁵

232 4095 336 4139 vertum
360 4075 534 4154 interposita
556 4073 688 4152 qualibet
711 4071 765 4133 alia
789 4077 872 4151 parte
897 4068 1055 4148 orationis,
1078 4076 1112 4127 ut

392 4182 489 4242 mitis
513 4182 547 4241 in
570 4181 740 4240 immitem
763 4179 863 4256 virga
886 4183 943 4234 cst
967 4176 1120 4235 animata
1143 4174 1341 4236 draconem.

234 4293 318 4371 prius
346 4290 446 4370 posuit
473 4289 555 4349 mitis
583 4305 670 4366 quam
699 4286 796 4364 virga,
825 4283 908 4362 prius
936 4283 1079 4343 immitem
1108 4300 1195 4362 quam
1223 4282 1395 4344 draconem:
1428 4283 1478 4343 sed
1507 4293 1537 4344 et

306 4470 322 4518 6
337 4460 463 4531 porriget
473 4457 504 4513 F
515 4458 636 4528 porrigit
648 4455 708 4511 LP
751 4462 784 4510 10
794 4452 960 4523 compositio
971 4452 997 4506 L
1011 4453 1113 4522 positio
1124 4453 1188 4509 FP
1232 4461 1265 4508 22
1280 4471 1331 4509 nec
1344 4456 1440 4509 tamen
1455 4455 1505 4512 ςΡ

233 4549 267 4597 23
280 4558 390 4611 semper
403 4557 453 4595 om.
463 4540 500 4607 L,
513 4539 577 4595 odd.
593 4538 655 4592 FP
712 4534 826 4592 tametsi
840 4534 866 4586 L
879 4534 938 4587 bom
953 4531 977 4586 si
991 4529 1022 4584 F
1038 4533 1133 4588 mmon
1147 4533 1200 4590 etei
1213 4534 1265 4592 ςΡ
1325 4539 1359 4586 24
1379 4537 1468 4588 statuo
1483 4539 1537 4588 sta-

233 4618 590 4676 timFPstatimataiusL
644 4635 754 4673 uersum
766 4611 987 4689 FPuorsusLt‘
1036 4613 1281 4669 infortunatusF
1327 4613 1539 4684 tigerminaF

233 4701 348 4772 gemina
365 4717 433 4755 corr.
453 4699 580 4769 germina
598 4698 627 4753 P
641 4698 770 4770 gramina
787 4697 838 4755 Ls
909 4700 944 4749 29
963 4694 1057 4766 Anna]
1077 4688 1164 4749 annos
1184 4694 1215 4748 F
1284 4700 1319 4747 34
1338 4697 1472 4764 quantum
1493 4713 1537 4748 ars

233 4779 334 4836 decoro
353 4796 408 4834 non
426 4779 573 4837 obsistite
659 4784 694 4833 3⁶
713 4778 760 4849 nc]
779 4793 831 4832 nec
849 4775 880 4831 F
953 4780 988 4829 38
1005 4774 1082 4844 prins
1100 4790 1183 4843 quam
1202 4773 1284 4842 uirga
1302 4773 1398 4844 posuit
1415 4774 1491 4828 mitis
1510 4774 1537 4828 L
