3316 5474
542 392 715 447 EXEMPLA
735 389 999 447 ELOCVTIONVM
1356 387 1423 451 485

122 505 144 541 p.
159 496 199 533 113
212 493 238 533 n.

211 578 370 639 lncludunt
397 578 466 638 lruic
495 581 552 659 rei,
579 576 663 655 Verg.
688 579 758 637 Aen.
783 577 808 636 ll
838 578 907 650 (19)
935 575 1125 636 includunt
1152 594 1258 635 cacco
1286 575 1390 636 lateri
1416 624 1422 635 .

123 684 315 745 includuntur
339 687 368 745 in
393 684 468 745 11333
488 703 564 765 rent,
588 685 646 746 Cic.
663 685 699 745 de
714 685 809 765 suppl.
825 689 870 755 (in
893 685 977 744 l'err.
1000 683 1166 756 taem)
1185 682 1423 743 includuntur

122 794 156 851 in
181 810 364 851 carcerem
388 792 645 853 condemnati.

213 898 244 958 ln
266 901 446 978 praepositio
470 900 636 959 communis
659 898 808 960 interdum
827 897 905 959 aliud
926 899 1107 978 significanS,
1130 896 1279 958 interdum
1299 896 1423 957 licenter

95 1008 217 1086 aposita
242 1007 392 1066 invenitur
416 1054 422 1066 .
447 1009 476 1066 13
501 1005 548 1066 1113
572 1025 605 1066 13
629 1005 781 1087 conditur,
804 1005 888 1082 Verg.
913 1022 1010 1083 georg.
1036 1003 1088 1063 llll
1114 1005 1210 1076 (473)

308 1132 411 1191 quam
435 1112 544 1174 multa
568 1115 602 1173 13
626 1113 725 1174 131113
748 1115 862 1174 avium
887 1131 922 1172 se
947 1111 1043 1171 milia
1067 1110 1238 1191 condunt,

122 1220 200 1278 idem
228 1218 524 1291 133.11(401)31
557 1229 638 1281 3313
671 1219 876 1281 conduntur
909 1221 942 1278 in
975 1217 1052 1277 alvo
1076 1265 1082 1277 .
1107 1220 1137 1278 in
1164 1218 1248 1277 illum
1276 1217 1424 1296 conditur,

122 1325 206 1404 Verg.
231 1328 301 1386 den.
325 1325 363 1385 Xl
388 1327 480 1400 (187)

315 1433 490 1494 conditur
513 1435 546 1494 in
569 1432 739 1495 tenebras
762 1432 872 1494 altum
897 1434 1051 1511 caligine
1076 1432 1224 1513 caelum,

83 1554 108 1593 1⁰
122 1541 199 1600 idem
228 1559 326 1617 georg.
351 1539 362 1599 l
387 1541 480 1612 (438)
508 1550 543 1602 31
570 1559 647 1601 3331
675 1558 712 1601 33
741 1540 863 1601 condit
889 1542 924 1600 in
952 1539 1064 1600 undas
1093 1549 1123 1601 et
1144 1541 1174 1599 13
1199 1538 1303 1598 eodem
1328 1539 1423 1611 (442)

123 1647 288 1707 33311133
311 1649 345 1707 13
370 1646 496 1707 nubem
520 1695 526 1707 .
550 1649 580 1708 in
604 1646 652 1708 1113
676 1666 708 1708 13
732 1647 875 1726 concidit,
897 1645 981 1724 Verg.
1006 1646 1077 1706 den.
1101 1645 1124 1703 V
1147 1646 1239 1717 (333)

544 1736 547 1742 ’
786 1754 848 1814 sed
872 1771 1007 1834 pronus
1030 1755 1064 1813 in
1088 1754 1167 1832 ipso

263 1861 422 1922 concidit
446 1862 696 1941 immundoque
720 1859 779 1940 [in]
804 1862 888 1922 limo
912 1876 1087 1939 sacroque
1111 1877 1242 1920 cruore
1266 1907 1272 1918 .

123 1969 153 2026 in
176 1966 224 2027 iris
247 1967 374 2047 effusus,
398 1966 482 2045 l'erg.
506 1968 577 2027 Aen.
602 1966 638 2026 l'l
663 1967 756 2039 (339)

83 2087 108 2127 1⁵
347 2073 533 2135 exciderat
556 2076 666 2154 puppi
690 2073 816 2134 mediis
840 2073 983 2134 3113333
1008 2075 1042 2134 13
1066 2075 1202 2135 undis:

122 2179 325 2257 diligentiores
358 2180 475 2261 quidam
508 2183 691 2259 grammatici
723 2181 780 2241 hoc
812 2183 852 2242 ita
885 2179 975 2241 dividi
1009 2181 1123 2261 volunt,
1160 2198 1227 2241 cum
1259 2182 1290 2240 13
1318 2180 1423 2240 mediis

123 2287 209 2347 undis
233 2296 326 2369 essct,
349 2290 442 2368 puppi
465 2290 578 2350 eliusus
601 2288 763 2369 exciderat,
787 2287 873 2368 quale
897 2297 943 2348 est
965 2286 1036 2348 illud
1056 2287 1222 2349 'dullianum
1242 2305 1297 2368 pro
1316 2287 1423 2348 Roscio

122 2396 163 2470 (p.
192 2395 281 2455 Bosc.
310 2397 409 2456 Amer.
438 2396 553 2471 3231),
583 2398 657 2476 qui,
689 2405 854 2475 tanquam
883 2397 912 2455 si
941 2395 1057 2456 otiosa
1087 2395 1172 2474 reip.
1202 2396 1423 2474 sempiterna

121 2517 188 2560 331
216 2510 327 2582 esset,
354 2505 402 2562 ita
431 2501 585 2563 ruebant
612 2505 647 2562 in
675 2501 838 2563 tenebris
865 2503 1056 2580 omniaque
1085 2500 1297 2582 miscebant,
1324 2501 1353 2560 id
1378 2512 1424 2562 331

81 2622 180 2667 13333
205 2610 234 2667 111
265 2608 402 2668 tenebras
431 2610 466 2669 de
496 2609 603 2670 illustri
630 2609 730 2688 aliquo
757 2608 821 2669 loco
849 2609 989 2689 ruebant,
1021 2608 1073 2668 sed
1105 2607 1196 2668 veluti
1228 2609 1258 2667 in
1291 2606 1423 2668 tenebris

122 2726 369 2777 conversarentur
391 2716 518 2776 ruebant
544 2716 651 2796 otiosa,
679 2717 788 2795 quippe
817 2715 1002 2795 circundata,
1030 2724 1116 2774 nocte
1145 2716 1218 2793 reip.
1264 2713 1316 2774 scd
1346 2714 1421 2774 lianc

72 2850 78 2865 ·
121 2838 238 2881 3313313
267 2832 371 2883 acntae
399 2825 522 2884 rationis
545 2823 765 2883 distinctionem
789 2822 917 2883 elocutio
940 2822 1105 2882 Salustiana
1129 2819 1283 2881 confundit
1306 2822 1337 2880 13
1362 2808 1422 2897 lug.

121 2927 199 2988 bello
214 2929 312 3003 (1111)
332 2929 373 2989 ab
388 2929 487 2990 Zama
507 2928 662 2990 discedit
681 2932 715 2991 in
735 2929 790 2989 bis
808 2928 959 2991 urbibus
978 2947 1066 3008 quae
1086 2928 1124 2988 ad
1145 2946 1181 2986 33
1199 2926 1422 2988 deiecerant.

121 3037 151 3095 in
175 3036 222 3096 illa
247 3055 279 3096 re
303 3039 424 3097 veniens
448 3054 502 3116 pro
524 3036 567 3096 illi
590 3038 634 3096 rei
656 3038 835 3116 proveniens
857 3035 903 3096 vel
926 3038 956 3096 in
979 3035 1028 3096 illa
1052 3053 1083 3095 re
1108 3034 1195 3112 digne
1219 3053 1272 3095 seu
1296 3033 1423 3094 feliciter

81 3156 107 3195 2⁵
122 3160 260 3224 nascens,
284 3141 368 3220 Verg.
393 3145 463 3205 den.
487 3144 509 3200 V
533 3145 629 3216 (344)

299 3253 436 3327 gratior
459 3260 493 3312 et
515 3249 667 3330 pulchro
690 3251 840 3309 veniens
863 3251 897 3309 in
922 3267 1073 3328 corpore
1097 3252 1227 3310 virtus:

122 3358 165 3415 sic
190 3375 242 3435 per
266 3356 437 3417 adverbium
462 3357 518 3417 loci
541 3376 641 3434 georg.
666 3356 675 3415 1
701 3357 774 3429 (54)

361 3464 419 3523 bic
444 3473 598 3544 segetes,
621 3463 699 3524 illic
723 3465 872 3524 veniunt
896 3462 1042 3523 felicius
1067 3482 1165 3525 vivae:

122 3571 164 3628 sic
189 3569 245 3629 Sal.
265 3569 341 3631 bello
361 3571 443 3632 Catil.
463 3572 543 3644 (13)
567 3569 626 3631 sed
651 3571 732 3650 quia
755 3588 955 3648 provenere
981 3568 1030 3629 ibi
1055 3573 1275 3650 scriptorum
1299 3587 1422 3646 magna

82 3677 295 3753 wiogerna.

212 3783 352 3844 lmnrnnis
382 3785 463 3846 illius
491 3787 549 3866 rei,
588 3784 675 3860 113113.
704 3784 774 3844 deu.
803 3782 856 3843 llll
881 3783 978 3858 (559)
1010 3786 1163 3845 11313333
1197 3783 1281 3844 belli
1316 3793 1422 3863 atque

122 3890 264 3969 impune
289 3893 448 3969 quietum
472 3895 504 3967 .!

730 4037 774 4066 eon

212 4079 301 4134 033133
322 4080 471 4134 Parrhasii
505 4079 730 4149 scondemuati]
758 4078 885 4132 damnati
957 4080 1065 4133 tidem
1085 4096 1135 4132 om.
1210 4087 1243 4134 10
1261 4079 1290 4133 in
1309 4080 1420 4150 eodem]

122 4156 196 4211 idem
287 4166 320 4214 18
343 4160 443 4231 offusa]
472 4160 561 4215 effusa
644 4164 676 4212 11
698 4158 788 4213 offusa
805 4157 909 4228 quippo
928 4159 1031 4228 quippe
1049 4158 1194 4212 circundat
1211 4160 1240 4213 13
1260 4163 1354 4226 33313,
1377 4160 1424 4213 sed

123 4238 206 4291 deleto
219 4238 322 4308 quippe
332 4242 482 4308 posteriore
496 4241 553 4294 loco
620 4243 654 4292 13
669 4237 782 4307 orbibus
796 4254 866 4292 corr.
881 4238 994 4292 urbibus
1066 4239 1200 4308 1631133
1272 4244 1305 4292 19
1321 4255 1423 4308 magno

123 4317 389 4386 13331131333311
404 4321 552 4388 posteriore
570 4319 627 4373 loco
645 4316 758 4373 deletum
776 4322 815 4372 331
885 4324 918 4372 31
938 4317 1021 4389 Verg.
1040 4334 1090 4374 om.

212 4466 244 4512 10
263 4461 370 4530 condit]
394 4461 496 4516 condet
526 4460 664 4531 Vergilius
752 4459 948 4515 1313333313
971 4459 1000 4514 13
1023 4460 1088 4515 fimo
1112 4476 1145 4514 33
1169 4458 1195 4512 G
1214 4461 1300 4514 edidit
1319 4459 1422 4515 Linde-

121 4555 240 4593 31131133
326 4546 358 4594 18
377 4541 401 4596 31
420 4542 519 4596 adfusa
540 4558 574 4596 33
592 4542 682 4595 codice
699 4541 838 4595 Arinicsri
857 4541 975 4609 protulit
995 4539 1167 4594 Garatoneo
1184 4541 1262 4610 apud
1279 4541 1423 4596 Halmium

121 4619 154 4671 in
173 4618 228 4673 Cic.
247 4620 265 4677 1,
284 4636 305 4675 c.
386 4627 421 4675 13
440 4620 477 4674 ab
500 4622 585 4676 Zama
607 4621 726 4676 (11333111
748 4621 827 4676 3113
850 4619 891 4675 313
913 4619 1042 4689 urbibus,
1070 4637 1142 4689 quae
1161 4619 1197 4675 ud
1217 4638 1246 4676 33
1264 4621 1425 4676 deiecerant

122 4696 245 4768 satisque
263 4698 387 4754 munitae
406 4702 468 4755 loco
487 4700 800 4766 autumnitanorum,
819 4700 959 4771 praesidia
972 4699 1092 4769 imponit
1105 4699 1269 4755 Sallustius:
1288 4703 1424 4772 31311313

118 4795 149 4846 p.
163 4783 268 4847 466,20
331 4787 366 4835 16
380 4782 487 4850 gratior
501 4783 530 4836 31
543 4781 660 4851 pulchro
680 4781 817 4852 Vergilius
878 4786 913 4836 18
926 4780 999 4851 11113]
1014 4779 1057 4835 1111
1072 4781 1098 4834 G
1161 4787 1193 4834 st
1209 4781 1313 4851 aspicit
1325 4781 1422 4835 urbem

122 4859 278 4914 Immunem
296 4862 369 4916 lauti
388 4861 456 4915 belli
474 4864 560 4930 atque
578 4863 692 4933 impune
710 4863 835 4932 quietam
860 4861 996 4932 Vergilius
