3316 5474
734 358 928 416 EXCERPTA
1414 359 1478 424 353

175 461 328 509 numm

177 555 275 605 cetera
310 545 376 606 talia
409 547 575 606 accusativo
607 548 689 606 casui
723 563 845 606 necesse
877 553 923 606 est
955 554 988 606 ut
1022 545 1220 624 respondeant
1248 593 1254 607 .
1284 549 1354 607 item
1382 545 1419 607 de
1446 549 1478 608 in

176 654 394 732 praepositione
423 652 479 712 boo
512 671 680 733 monemus,
713 652 807 733 quod,
843 653 960 733 quando
992 651 1103 731 aliquid
1136 656 1256 733 penitus
1289 654 1417 715 efficitur
1448 663 1479 716 et

176 776 264 838 supra
288 757 365 820 dicta
387 762 567 839 praepositio
592 759 766 843 obponitur,
794 761 960 821 accusativo
984 762 1065 820 casui
1089 762 1317 841 respondemus,
1345 771 1378 823 ut
1405 772 1477 842 puta
1511 796 1518 811 ·

176 860 244 943 ‘figo
268 868 298 926 in
322 862 486 947 parietem',
509 865 565 927 boc
589 875 635 928 est
659 867 774 947 longius
798 867 843 928 vel
866 846 1060 948 intrinsecus3
1085 876 1206 929 atvero
1231 869 1348 949 quando
1367 868 1476 947 aliquid

148 971 269 1036 alerius
298 973 343 1033 vel
372 973 466 1034 medie
495 975 610 1053 geritur
642 983 672 1036 et
703 993 793 1054 supra
826 974 902 1035 dicta
933 976 1114 1054 praepositio
1146 974 1320 1059 obponitur,
1352 975 1477 1037 ablativo

175 1082 256 1140 casui
280 1080 503 1160 respondemus.
523 1077 528 1159 Ι

263 1186 413 1266 Loquellis
436 1197 508 1268 quot
529 1191 764 1269 praepositiones
787 1186 947 1251 accidunt?
984 1190 1042 1251 Sex
1066 1238 1072 1251 .
1097 1187 1201 1261 Quae?
1237 1190 1299 1251 Con
1323 1191 1352 1251 di
1375 1189 1421 1250 dis
1445 1209 1476 1250 re

175 1312 207 1354 se
235 1312 295 1377 am,
328 1304 362 1356 ut
388 1304 459 1375 puta
489 1297 665 1377 congredior
697 1296 845 1378 conduco,
877 1297 966 1378 diligo
999 1296 1141 1377 dilectus,
1172 1297 1304 1358 dissutus
1337 1296 1478 1378 dissonat,

175 1403 307 1461 retinens
332 1411 484 1483 repetens,
512 1403 620 1465 sedens
648 1404 751 1486 sedeo,
778 1403 940 1484 amplector
968 1404 1065 1465 ambio
1089 1452 1096 1464 .
1120 1406 1163 1464 sic
1191 1412 1220 1465 et
1248 1403 1313 1464 aliis
1340 1404 1477 1483 loquellis

136 1532 161 1570 m
175 1511 408 1589 praepositiones
431 1509 566 1572 accidere
590 1514 790 1591 reperiuntur.

263 1616 387 1696 Figurae
407 1620 634 1698 praepositionis
653 1627 726 1697 quot
744 1615 836 1680 sunt?
872 1619 979 1698 Figura
993 1618 1263 1698 praepositionibus
1278 1618 1385 1680 accidit
1399 1621 1477 1680 sicut

174 1733 205 1784 et
227 1725 336 1784 ceteris
354 1723 487 1803 partibus
511 1727 665 1807 orationis,
693 1724 721 1784 id
751 1734 798 1786 est
827 1725 949 1805 simplex
973 1734 1004 1787 et
1026 1728 1189 1805 composita
1213 1775 1219 1788 .
1244 1725 1368 1807 simplex
1391 1744 1475 1805 prae-

174 1833 329 1910 positionis
352 1831 445 1910 figura
468 1839 514 1890 cst
537 1829 588 1911 ab,
611 1833 773 1910 composita
796 1830 908 1910 absque
932 1878 939 1892 .
963 1850 1037 1910 quac
1061 1842 1160 1894 autem
1183 1835 1223 1894 sit
1241 1835 1334 1913 ligura
1353 1833 1477 1913 simplex

174 1948 203 1999 et
227 1938 335 2017 quibus
359 1937 448 1999 rebus
473 1946 503 1998 et
526 1946 598 2017 quot
621 1937 716 1998 modis
739 1937 789 1998 liat
812 1937 905 2017 ligura
929 1941 1105 2020 composita,
1127 1942 1185 2001 iam
1209 1943 1240 2000 in
1264 1943 1383 2002 nomine
1403 1943 1476 2002 satis

134 2066 159 2107 rs
174 2045 388 2125 respondentes
412 2047 610 2106 tractavimus.

261 2151 534 2231 Praepositionibus
562 2161 635 2231 quot
663 2161 803 2214 accentus
830 2149 990 2213 accidunt?
1033 2153 1120 2229 Tres,
1149 2154 1326 2234 productus,
1353 2173 1476 2235 pressus

173 2269 203 2321 et
235 2269 352 2340 acutus,
390 2278 465 2338 quos
497 2259 735 2340 competentibus
766 2259 1036 2341 praepositionibus
1068 2261 1274 2323 adnotabimus
1306 2310 1312 2322 .
1344 2271 1374 2322 at
1406 2281 1475 2324 vero

173 2376 287 2428 ceteras
302 2369 535 2447 praepositiones
549 2370 827 2450 praetermittimus,
851 2370 989 2447 quoniam
1014 2368 1175 2451 naturales,
1198 2368 1226 2428 id
1249 2377 1295 2429 cst
1314 2369 1475 2451 simplices,

173 2482 313 2535 accentus
345 2473 454 2534 babere
488 2474 679 2554 reperiuntur
711 2523 718 2536 .
752 2483 822 2535 sunt
857 2477 1093 2554 praepositiones
1126 2494 1200 2554 qnae
1238 2475 1302 2536 aliis
1340 2476 1474 2556 partibus

132 2603 158 2643 eo
172 2583 314 2641 orationis
334 2579 548 2662 respondeant;
567 2581 619 2641 sed
638 2579 692 2642 bae
712 2580 863 2642 intellectu
879 2581 1101 2662 discernuntur,
1121 2590 1153 2642 ut
1171 2591 1242 2661 puta
1261 2590 1338 2664 ante,
1357 2582 1474 2661 quando

172 2690 350 2769 praepositio
379 2696 408 2748 et
437 2685 553 2766 quando
582 2685 754 2749 adverbium
787 2706 852 2749 esse
885 2689 1049 2749 dinoscitur
1073 2735 1080 2748 .
1104 2706 1195 2767 quare
1226 2687 1282 2749 boc
1311 2707 1474 2763 monemus,

172 2795 265 2879 quod,
293 2795 409 2875 quando
432 2802 500 2855 ante
525 2813 593 2856 cum
618 2814 687 2856 casu
712 2815 766 2857 suo
795 2805 824 2857 et
852 2813 956 2875 presso
986 2804 1109 2856 accentu
1139 2798 1362 2877 pronuntiatur,
1390 2816 1473 2876 prae-

172 2906 279 2983 positio
303 2913 505 2983 nuncupatur,
529 2911 562 2963 ut
585 2902 662 2982 apud
686 2902 839 2983 Virgilium
864 2899 1018 2964 ‘Aeneae
1047 2906 1151 2965 stetit
1179 2912 1260 2964 ante
1290 2899 1416 2984 pedes'
1444 2913 1474 2964 et

172 3019 270 3071 cetera
295 3010 361 3070 talia
382 3058 388 3070 .
407 3018 436 3070 at
460 3028 529 3070 vero
553 3009 670 3091 quando
690 3019 758 3071 ante
776 3029 836 3071 non
855 3029 924 3071 cnm
944 3029 1012 3072 casu
1033 3029 1087 3072 suo
1107 3019 1137 3071 et
1155 3030 1222 3072 curn
1242 3020 1329 3072 acuto
1349 3020 1473 3072 accentu

126 3139 157 3180 aa
171 3118 336 3197 protertur,
359 3115 532 3176 adverbium
555 3117 716 3198 iudicatur,
739 3127 773 3178 ut
796 3116 873 3197 apud
896 3115 1050 3197 Virgilium

381 3250 463 3302 ante
487 3251 522 3303 et
544 3241 732 3302 Trinacria
756 3239 949 3301 lentandus
973 3258 1093 3302 remus
1116 3245 1151 3303 in
1175 3242 1266 3304 unda

171 3376 201 3428 et
224 3366 301 3446 apud
325 3366 497 3428 Sallustium
521 3362 718 3429 ‘Antonius
741 3369 870 3448 paucis
893 3374 974 3427 ante
998 3366 1126 3428 diebus
1149 3371 1273 3449 erupit
1296 3389 1336 3430 ex
1359 3363 1474 3450 urbc',

171 3477 242 3535 item
265 3473 342 3553 apud
366 3473 518 3554 Virgilium

406 3599 536 3661 saltem
559 3603 660 3680 siqua
684 3599 773 3661 mibi
796 3598 836 3661 dc
861 3609 894 3661 te
918 3610 1087 3681 suscepta
1110 3602 1244 3662 luisset

129 3675 157 3715 ³⁰
404 3716 485 3767 ante
509 3708 625 3788 lugam
649 3706 795 3769 suboles
819 3755 826 3768 .

170 3833 213 3891 sic
232 3840 262 3891 et
281 3831 353 3892 aliae
377 3835 620 3916 praepositiones,
644 3852 719 3913 quae
739 3852 836 3914 neque
855 3853 922 3895 cum
942 3853 1012 3896 casu
1032 3854 1086 3896 suo
1105 3845 1135 3897 et
1153 3855 1222 3898 cum
1240 3845 1327 3898 acuto
1347 3846 1473 3898 accentu

169 3941 374 4021 inveniuntur,
397 3942 456 4000 iam
480 3958 538 4000 non
561 3942 811 4020 praepositiones,
834 3941 886 4002 sed
905 3941 1060 4023 hocquod
1080 3946 1246 4024 significant
1265 3944 1472 4025 appellantur.

260 4194 386 4246 lcetera
409 4193 467 4247 alis
488 4193 515 4246 Β
588 4192 845 4263 3recpondenmus
868 4194 896 4247 Β
973 4196 1153 4251 seondueor
1174 4197 1201 4249 Β
1279 4194 1473 4264 temploctor

169 4272 288 4342 amplior
307 4313 314 4325 .
333 4271 395 4326 bior
422 4272 461 4325 sie
488 4271 517 4326 in
545 4270 608 4325 aliia
630 4271 658 4325 Β
736 4279 768 4328 11
788 4273 861 4328 sicut
878 4275 908 4328 et
925 4274 954 4328 in
972 4275 1073 4330 ceteris
1091 4275 1119 4328 Β
1200 4281 1232 4330 13
1252 4276 1299 4345 ab]
1319 4291 1356 4344 ap
1374 4275 1402 4328 Β

171 4368 203 4415 15
222 4361 414 4431 respondentis
432 4361 459 4413 Β
533 4367 565 4415 lt
584 4361 780 4416 adnotauimua
798 4362 826 4416 Β
901 4370 933 4417 18
952 4364 1142 4433 promittimus
1160 4365 1292 4432 quoniam
1311 4364 1431 4418 morales
1444 4365 1472 4418 Β

208 4449 239 4496 19
260 4458 331 4510 quoe
350 4441 425 4511 aliis]
446 4458 619 4510 quecumque
638 4441 681 4496 bia
699 4442 727 4496 Β
803 4448 837 4498 20
855 4443 920 4513 hac]
942 4445 1011 4499 hcou
1030 4445 1057 4498 Β
1134 4449 1166 4498 21
1188 4443 1401 4498 disnoscitan

169 4527 202 4575 22
222 4525 286 4576 ante
306 4538 371 4575 casu
392 4540 441 4577 suo
460 4525 489 4577 et
507 4539 607 4592 praesu
625 4524 743 4577 accentu
761 4523 977 4591 pronuntiantur
993 4524 1022 4578 Β
1094 4532 1128 4579 23
1148 4523 1298 4579 aenestetit
1315 4524 1342 4576 B
1361 4545 1370 4576 :
1394 4523 1471 4594 Verp.

169 4603 237 4654 Aen.
263 4601 289 4653 V
305 4607 358 4656 331
442 4609 475 4656 24
495 4603 637 4657 ettamen
654 4605 737 4658 acuto
755 4602 783 4656 Β
864 4609 899 4658 26
918 4606 983 4659 anto
1010 4607 1040 4661 et
1064 4607 1138 4661 trino
1161 4604 1217 4659 tria
1238 4604 1281 4657 B:
1304 4604 1383 4675 Vcrp.
1402 4606 1472 4662 Am.

170 4684 232 4735 ΙΙΙ
250 4687 304 4737 334
378 4690 411 4737 27
431 4684 560 4737 Sallustii
577 4683 658 4737 verba
676 4684 708 4737 in
725 4683 864 4738 codr'nbus
881 4683 966 4738 Probi
985 4690 1116 4755 p.149,4
1139 4686 1268 4740 mutilato
1286 4691 1365 4739 eram
1436 4691 1470 4741 22

170 4762 282 4832 saltem]
310 4763 387 4831 Verp.
403 4764 471 4817 Aen.
493 4764 576 4817 IIII
593 4767 650 4818 327
723 4765 852 4833 suspecta
869 4764 898 4818 Β
971 4772 1004 4820 31
1024 4782 1116 4835 neque
1135 4783 1196 4820 eum
1218 4780 1285 4820 casu
1303 4781 1352 4820 suo
1371 4767 1471 4820 secuto

169 4841 262 4896 accitu
281 4842 460 4898 inueniuntur
478 4844 506 4897 Β
579 4850 612 4898 32
632 4844 680 4899 sed
698 4844 765 4917 hoc]
784 4845 872 4902 codici
889 4846 917 4900 Β
