3316 5474
174 336 217 400 52
715 335 815 391 VELII
832 334 945 390 LONGl

174 448 196 485 p.
210 438 269 477 eata.
284 438 309 477 ra
322 437 348 477 Ρ.

174 531 225 583 aut
248 517 264 597 ξ
288 525 411 599 dixerit,
435 522 627 582 novissimum
650 520 750 581 audiet
773 539 796 602 s,
819 539 854 580 ex
878 508 1030 599 prioribus
1053 526 1150 580 autem
1174 518 1290 600 litteris,
1316 519 1397 581 unde
1421 518 1477 580 hae

174 627 306 709 duplices
329 631 488 709 incipiunt,
512 645 618 688 sonum
642 625 764 688 nullum.

262 734 305 796 Ex
325 738 415 796 mutis
434 734 564 796 evellimt
583 733 701 812 qnidam
720 747 745 794 Η
763 733 901 806 litteram,
927 741 1074 811 nmquam
1093 749 1185 792 sonus
1203 734 1296 811 magis
1315 735 1363 814 sit,
1385 751 1477 813 quam

173 842 280 923 littera,
303 850 333 903 et
356 841 501 904 accedens
524 841 655 921 litterae3
679 848 709 900 et
731 847 858 900 utuntur
881 840 1055 900 auctoritate
1079 837 1274 919 Graecorum,
1297 838 1375 919 apud
1400 857 1477 918 quos

175 957 209 1010 ut
232 967 414 1029 supervacua
438 946 552 1009 sublata
577 955 630 1007 est.
677 947 768 1008 luisse
792 955 890 1008 tamen
915 954 945 1006 et
968 946 1044 1026 apud
1068 945 1134 1005 illos
1157 946 1346 1006 manifestum
1369 954 1417 1006 est
1440 964 1504 1006 exa

173 1054 322 1116 veteribus
351 1056 471 1134 scriptis
498 1063 528 1115 et
557 1072 592 1114 ex
620 1071 665 1133 eo,
695 1052 774 1132 quod
803 1052 905 1134 hodie,
935 1071 1002 1113 cum
1031 1052 1107 1131 apud
1137 1051 1203 1112 illos
1231 1053 1349 1112 numeri
1379 1054 1477 1132 prima

172 1178 289 1240 semper
312 1161 410 1223 littera
433 1163 561 1221 nominis
585 1179 643 1238 quo
664 1162 868 1239 significantur
891 1167 1041 1238 notentur,
1065 1166 1098 1219 ut
1123 1159 1155 1218 Δ
1178 1152 1273 1237 δέκα,
1297 1158 1336 1218 Π
1354 1151 1474 1237 πεντή-

170 1286 281 1345 κοντα,
304 1259 423 1328 ἑκατόν
445 1285 500 1346 pcr
523 1266 562 1325 H
580 1274 693 1327 notant.
731 1265 809 1327 unde
833 1274 955 1346 apparet
978 1266 1054 1326 hanc
1079 1265 1206 1345 litteram
1230 1263 1294 1323 loco
1318 1265 1474 1342 aspiratio·

171 1374 218 1433 nis
240 1390 300 1433 non
324 1374 429 1434 luisse:
458 1372 587 1451 alioquin
611 1390 665 1452 per
688 1373 720 1432 E
741 1381 886 1434 notarent
932 1374 984 1451 qui
1007 1372 1097 1450 igitur
1120 1369 1198 1430 illam
1227 1369 1356 1430 litteram
1379 1370 1474 1431 vincli·

170 1487 252 1560 cant,
279 1479 441 1540 ostendunt
464 1497 528 1539 cam
553 1478 686 1540 eiusdem
710 1497 776 1539 esse
795 1482 967 1555 potestatis,
991 1496 1066 1557 quaa
1091 1477 1280 1536 consonantis
1304 1484 1359 1537 est
1405 1494 1474 1536 nam
1490 1495 1515 1535 io

170 1586 254 1644 etin
282 1593 378 1645 metro
406 1588 513 1646 asserit
541 1583 597 1644 sibi
625 1584 701 1645 hanc
727 1592 920 1664 potestatem:
951 1583 1030 1643 unde
1058 1590 1089 1643 et
1116 1582 1193 1662 apud
1222 1580 1385 1643 Homerum
1414 1600 1474 1642 non

170 1690 308 1751 videntur
332 1693 428 1750 vitiosi
452 1709 557 1752 versus
581 1693 631 1769 qui
655 1690 710 1750 hac
733 1690 930 1770 adspiratione
956 1688 1146 1769 supplentur,

328 1781 348 1875 ἦ
374 1789 490 1876 ὀλίγον
515 1794 550 1858 ot
570 1795 674 1858 παῖδα
697 1789 828 1859 ἐοικότα
851 1795 984 1877 γείνατο
1013 1788 1149 1868 Τυδεύς.

169 1910 199 1962 et
221 1900 277 1961 hoc
301 1902 425 1981 amplius
448 1904 521 1964 adeo
545 1903 643 1963 littera
666 1911 712 1963 est
720 1951 729 1984 ,
755 1910 787 1963 ut
810 1905 904 1982 possit
923 1902 1016 1962 rideri
1039 1904 1125 1962 etiam
1145 1904 1238 1961 vicem
1257 1900 1383 1961 duarum
1403 1921 1473 1962 con-

171 2009 340 2068 sonantium
363 2008 502 2090 implere,
525 2018 559 2071 ut
1487 2027 1512 2066 ιο

329 2104 374 2187 ὡς
396 2105 499 2175 εἰπών
522 2107 622 2189 τόξον
645 2108 708 2195 μὲν
731 2105 796 2175 ἀπὸ
822 2109 857 2175 ἕο
879 2112 965 2195 θῆκε
987 2113 1117 2194 papii.

171 2220 280 2282 attale
304 2221 423 2299 quidem
444 2214 450 2303 Ι
470 2219 638 2301 exemplum
660 2221 738 2301 apud
763 2240 817 2282 nos
841 2240 901 2281 non
924 2220 1126 2302 animadverti,
1148 2228 1282 2281 ceterum
1307 2222 1472 2300 superioris

175 2327 279 2387 similia
302 2327 407 2408 multa,
430 2335 465 2388 ut

330 2433 392 2494 ille
416 2433 512 2495 latus
534 2436 675 2497 niveum
699 2434 797 2496 molli
822 2434 936 2496 lullus
959 2433 1161 2512 hyacintho.

169 2539 283 2600 accedit
305 2539 364 2600 huc
388 2539 477 2622 quod,
501 2542 525 2600 si
545 2542 689 2602 accedens
712 2541 828 2602 litterae
852 2548 941 2620 esset,
965 2558 1033 2600 cum
1051 2541 1114 2617 ipsa
1133 2538 1232 2599 littera
1256 2541 1471 2599 enuntiaretur.
1486 2560 1512 2599 so

169 2664 248 2707 nunc
271 2664 342 2707 nero
366 2656 396 2706 et
419 2655 487 2707 ante
511 2646 639 2707 vocalem
659 2655 775 2726 etpost
797 2646 927 2707 vocalem
951 2653 1049 2705 sonat:
1074 2643 1145 2722 [sic]
1166 2664 1224 2725 quo
1244 2645 1331 2706 modo
1350 2645 1405 2706 alia
1424 2654 1471 2706 est

170 2751 278 2830 syllaba
301 2771 344 2827 ca,
367 2752 422 2812 alia
445 2771 488 2834 ac,
511 2762 541 2812 et
564 2754 618 2813 alia
642 2753 688 2833 ba,
711 2753 765 2814 alia
789 2752 834 2833 ab,
858 2754 900 2812 sic
924 2751 979 2812 alia
1002 2751 1048 2833 ha,
1071 2751 1126 2812 alia
1149 2751 1194 2813 ah.
1240 2771 1307 2813 nam
1330 2753 1412 2832 quod
1435 2771 1472 2813 ex

169 2857 225 2917 hoc
250 2876 368 2937 quoque
392 2861 562 2919 existimant
585 2859 703 2938 quidam
727 2858 823 2937 colligi
847 2877 936 2937 posse
960 2867 1171 2920 consonantem
1192 2878 1257 2919 esse
1275 2867 1305 2919 et
1323 2859 1471 2939 adsignifi-

169 2973 298 3045 cantem,
326 2965 405 3044 quod
434 2973 484 3026 aut
513 2965 657 3026 accedens
680 2974 731 3025 aut
758 2964 902 3025 recedens
929 2947 1078 3026 immutat*
1093 2966 1352 3046 significationem,
1380 2967 1471 3044 siqui·

170 3069 238 3131 dem
262 3070 340 3131 aliud
365 3081 411 3132 est
433 3071 507 3153 hira,
533 3071 611 3131 aliud
635 3074 678 3132 ira
701 3068 724 3149 †
747 3087 850 3131 canam
878 3071 1052 3150 exemplum.
1099 3090 1166 3132 nam
1185 3071 1276 3133 multa
1299 3072 1419 3131 uomina
1442 3078 1512 3131 etas

171 3185 308 3257 correpta
332 3176 439 3257 syllaba
463 3178 542 3239 aliud
566 3177 732 3257 significant
755 3185 785 3237 et
807 3176 959 3256 producta,
984 3197 1042 3257 quo
1066 3177 1153 3238 modo
1177 3177 1254 3237 aliud
1278 3184 1335 3259 est,
1358 3180 1384 3238 si
1402 3196 1470 3257 pro·

168 3305 381 3316 ὴ.-

257 3367 347 3422 Codex
367 3367 517 3422 Parrhasii
553 3370 617 3422 tut
637 3366 709 3421 δέκα
727 3359 903 3433 πεντήκοντα
923 3361 1024 3421 ἕκατον
1043 3382 1093 3434 per
1112 3369 1142 3419 Η
1157 3367 1292 3420 notantur
1365 3371 1399 3418 10
1421 3382 1471 3435 po·

168 3446 280 3501 natam
298 3463 348 3501 om.
424 3453 457 3501 16
480 3442 519 3509 ὡς
537 3442 625 3501 εἰπόν
644 3477 678 3488 -
696 3446 803 3516 χαμᾶζε
824 3462 874 3501 om.
895 3445 928 3511 0,
947 3447 1045 3502 addc
1115 3442 1182 3516 pte]
1205 3449 1273 3500 etan
1345 3450 1379 3498 20
1403 3445 1470 3517 huc]

166 3575 233 3632 huic
308 3580 572 3649 maxumeque
649 3586 683 3633 23
702 3595 762 3634 esse
780 3595 831 3634 om.
913 3584 948 3632 24
966 3578 1041 3646 quod
1051 3529 1416 3646 1τ’,όῄοοοοόοοειόζιότοοοόοοο
1436 3579 1470 3634 0:

165 3657 216 3710 aut
232 3671 400 3725 τυραννον
484 3665 518 3713 26
536 3659 591 3730 ira]
611 3658 673 3713 dira
756 3657 857 3727 multa]
877 3658 956 3710 muta
1040 3663 1075 3711 26
1094 3658 1233 3729 correpta]
1254 3660 1399 3714 conuecta

166 3734 243 3789 aliud
262 3735 286 3790 si
303 3736 440 3806 producas
458 3737 519 3808 pila
537 3739 566 3792 et
584 3736 720 3806 corripias
737 3738 797 3809 pila

255 3909 271 3958 6
290 3904 428 3973 hodieque
447 3921 510 3959 cum
529 3904 663 3961 Semlennts
753 3914 767 3961 l
792 3911 824 3962 ut
842 3905 927 3975 δέκα,
947 3902 1136 3975 πεντήκοντα,
1161 3901 1264 3960 ἔνατόν
1283 3908 1415 3962 notentur
1433 3907 1470 3977 R,

166 3986 199 4037 ut
217 3984 235 4036 δ
253 3983 337 4052 δέκα,
356 4002 377 4037 τι
394 3979 583 4053 πεντήκοντα,
604 4005 617 4040 τ
638 3981 741 4040 ἔνατόν
759 3989 891 4041 notentur
905 3987 1024 4040 litatae:
1042 3987 1077 4052 cs.
1093 3985 1230 4039 Pristim
1245 3986 1278 4039 de
1295 3986 1377 4055 tipice.
1392 4004 1468 4043 num.

161 4079 192 4132 p.
211 4067 275 4129 406,
294 4069 320 4117 8.
352 4064 456 4118 Terent.
477 4063 573 4121 Scanr.
589 4081 619 4134 p.
639 4069 719 4130 23,4
799 4068 975 4136 9notarent]
996 4067 1141 4120 notaretur
1158 4063 1187 4118 R
1267 4070 1301 4119 10
1319 4063 1470 4134 potestatis

165 4158 215 4198 om.
234 4141 276 4208 R,
294 4143 403 4198 addth
419 4143 552 4197 Semterua
625 4149 657 4196 12
676 4144 831 4213 suppleturi
848 4145 877 4200 R
950 4154 981 4201 13
1001 4138 1018 4214 ἦ
1038 4140 1144 4215 ὀλίγον]
1165 4144 1245 4200 Hom.
1262 4144 1300 4200 Il.
1323 4147 1416 4201 Z800

166 4229 199 4278 16
224 4217 262 4285 τός
286 4217 385 4292 εἰπόν]
404 4222 485 4275 Heln.
507 4221 557 4276 Od.
577 4241 598 4289 φ
617 4226 673 4276 136
761 4221 845 4291 τόξον
868 4223 942 4280 alter
960 4219 1008 4278 ἄπ’
1029 4222 1059 4278 to
1082 4224 1110 4278 R
1200 4231 1232 4278 17
1255 4226 1372 4291 sonasse
1392 4227 1469 4297 apud

164 4306 274 4359 nostros
367 4306 398 4355 19
421 4301 481 4371 ille]
508 4301 584 4373 Verp.
609 4304 694 4358 bucol.
719 4309 751 4369 6,
771 4310 806 4358 53
896 4310 930 4359 20
954 4303 1063 4358 aceedit
1087 4302 1164 4370 huic,
1187 4303 1263 4371 quod
1286 4304 1310 4358 ai
1333 4307 1469 4362 accedens

164 4381 308 4437 litterali
379 4387 412 4435 21
432 4381 546 4447 semesae
564 4381 672 4437 scilicet
689 4398 744 4450 quo
763 4384 846 4438 modo
923 4391 957 4439 22
975 4402 1041 4439 nam
1060 4383 1136 4452 quod
1154 4399 1187 4437 ax
1206 4385 1223 4436 h
1244 4400 1354 4453 quoque
1374 4387 1469 4441 existi·

165 4463 244 4516 mant
262 4461 376 4530 qnidam
395 4460 492 4532 colligi
508 4479 590 4532 posse
609 4466 806 4517 consonantem
826 4466 855 4518 et
872 4464 1113 4535 adsignificantem
1130 4464 1248 4534 apparet
1266 4480 1300 4517 ex
1319 4481 1365 4532 eo,
1392 4468 1467 4534 quod

165 4543 215 4594 aut
232 4541 364 4596 accedens
382 4540 410 4596 R
489 4547 523 4596 25
543 4543 620 4597 aliud
639 4544 682 4597 eat
699 4542 762 4597 hira
780 4543 856 4598 aliud
875 4544 936 4600 dira
954 4561 1065 4611 canam,
1089 4542 1246 4611 exemplum
1264 4543 1300 4598 It.
1329 4543 1406 4599 alind
1425 4548 1469 4600 est

166 4618 229 4673 hira
241 4619 318 4672 aliud
336 4619 378 4673 ira
391 4621 562 4675 scribendam
575 4636 629 4675 ease
642 4621 712 4675 vidit
726 4621 873 4689 Seruianae,
891 4625 1023 4679 dubitans
1040 4625 1073 4677 ete
1085 4639 1115 4677 eo
1128 4625 1200 4693 qaod
1217 4624 1349 4693 sequitur,
1367 4640 1468 4679 canam

165 4699 330 4768 exemplum.
359 4701 461 4754 conieci
478 4718 577 4770 parum
595 4699 756 4769 expeditum
774 4703 817 4755 eat
834 4703 875 4756 cel
894 4719 978 4756 causa
995 4719 1051 4756 non
1070 4705 1111 4758 est
1129 4706 1197 4774 apta
1268 4708 1303 4759 26
1323 4706 1473 4768 contracta,

165 4775 272 4846 syllaba
290 4776 325 4844 R,
344 4782 472 4846 correpta
490 4779 599 4846 syllaba
617 4779 751 4833 Sainterns
