3316 5474
238 365 301 429 108
836 365 944 418 capnt

235 477 257 514 p.
271 467 331 506 saar.
344 467 371 506 aa
384 466 409 505 a.

236 551 352 630 aquilus
372 551 454 612 color
472 553 557 630 nigre
577 553 738 631 proximus.
775 549 904 612 arcubus
923 560 1086 631 pugnatur:
1105 560 1175 610 sunt
1195 553 1273 610 enim
1293 549 1328 610 ab
1348 569 1433 612 arcu:
1457 570 1542 611 arces

236 668 335 719 autem
359 657 478 718 arcibus
502 659 621 719 iaciunt.
658 669 741 719 artus
765 658 903 739 artubuS,
931 667 1011 718 artes
1034 657 1147 718 artibus
1172 658 1291 717 iaciunt.
1328 661 1453 718 arteriae
1477 658 1541 719 bae.

235 763 442 843 artolagoenus
466 763 517 842 [ab
542 763 722 841 assidendo}
760 773 912 844 attagenae
936 764 999 824 hae.
1038 767 1289 844 atramentarium,
1312 782 1371 825 non
1394 774 1541 825 atramen-

235 871 308 952 tale‚
337 882 369 933 ut
397 872 554 951 lignarium
578 882 608 932 et
631 874 798 933 armarium.
843 882 994 953 austerus,
1025 890 1083 932 nun
1113 874 1240 933 austeris
1270 871 1314 948 [et
1337 872 1483 954 austera],
1512 883 1542 934 et
1606 943 1609 947 ,

236 987 363 1060 austere,
386 997 446 1038 non
466 981 641 1058 austeriter3
665 981 736 1040 item
755 988 874 1039 austera
894 989 924 1039 et
942 986 1103 1039 austerum.
1141 978 1288 1061 assiduus,
1312 998 1372 1039 neu
1390 979 1569 1059 adsiduus‚s

235 1084 271 1144 ab
295 1084 459 1145 assidendo.
497 1085 645 1164 ausculta,
668 1103 727 1144 nun
752 1084 871 1145 asculta.
909 1085 1042 1145 aniculus
1066 1085 1128 1167 hic,
1151 1088 1220 1164 quia
1243 1084 1291 1146 bic
1314 1088 1385 1146 axis.

326 1190 466 1250 baculum
494 1191 587 1272 bunc,
617 1209 676 1251 nnn
700 1191 764 1250 linc.
801 1191 939 1251 balneum
963 1201 994 1252 et
1018 1191 1150 1272 balneas,
1177 1210 1238 1252 non
1260 1190 1410 1253 balineum
1456 1191 1541 1253 binas

235 1298 350 1359 tabulas
379 1297 518 1372 dicimus,
551 1316 610 1358 non
639 1298 726 1358 duas:
757 1315 874 1376 semper
904 1299 982 1358 enirn
1010 1298 1164 1377 pluraliter
1192 1298 1306 1359 tabulas
1333 1298 1473 1360 dicimus:
1512 1310 1542 1361 at

237 1405 377 1484 epistulas
407 1404 494 1484 duas,
523 1423 581 1464 non
611 1402 707 1484 binas,
741 1407 879 1482 quoniam
909 1404 1098 1484 singulariter
1125 1405 1247 1485 epistola
1276 1405 1393 1466 dicitur.
1438 1408 1481 1466 sic
1512 1417 1542 1467 ct

240 1512 345 1573 Graeci
368 1509 534 1571 observant.
570 1509 687 1589 bibere,
711 1529 769 1570 uon
794 1508 886 1570 biber.
924 1508 1041 1590 bracas,
1064 1530 1123 1572 non
1148 1511 1261 1574 braces.
1556 1530 1582 1569 ιο

323 1617 459 1679 Cannabe
483 1617 554 1698 boe,
582 1635 640 1677 non
664 1615 813 1677 cannabis,
850 1616 992 1678 carbasus
1015 1616 1100 1699 baec,
1130 1636 1190 1677 nou
1217 1617 1274 1678 bic.
1311 1618 1460 1681 caduceus
1483 1620 1542 1703 hic,

234 1745 293 1787 uon
322 1727 494 1787 caduceum.
525 1722 529 1804 l
565 1727 680 1786 catinus
711 1725 771 1806 bic,
803 1743 861 1784 unu
893 1727 1031 1786 catinum.
1076 1725 1200 1785 canulus
1230 1725 1318 1807 haec,
1348 1725 1446 1785 canuli
1477 1726 1541 1787 hae.

234 1833 322 1893 cardo
350 1833 412 1912 hic,
441 1850 499 1892 non
528 1831 608 1891 haec.
651 1850 799 1913 ramerus,
830 1850 889 1892 non
918 1830 1081 1891 cambarus.
1123 1835 1251 1893 cetariae
1280 1831 1434 1912 tabernae,
1465 1852 1541 1912 quae

234 1958 313 2000 nunc
337 1941 479 1999 cretariae
499 1957 558 1998 nun
578 1948 659 1999 recte
679 1938 827 1999 dicuntur.
865 1941 1012 2019 cercinus,
1036 1957 1095 1999 uon
1114 1941 1254 2000 circinus.
1293 1939 1441 2017 [cucumis
1460 1940 1541 2023 haec,

235 2064 293 2106 non
317 2044 482 2122 cucumerl.
521 2048 650 2126 cinctus,
675 2063 733 2105 nen
757 2046 895 2105 cinctum.
934 2047 1008 2106 cinis
1031 2044 1080 2106 hic
1103 2046 1148 2106 vel
1171 2046 1257 2128 haec,
1282 2065 1341 2107 non
1364 2047 1420 2107 hoc
1445 2052 1541 2110 einer.
1557 2063 1582 2102 15

234 2152 327 2213 cliens
355 2161 414 2212 tam
444 2152 491 2212 bic
522 2171 610 2231 quam
638 2151 719 2212 baec.
767 2150 900 2212 clibanus
923 2151 986 2233 bic,
1015 2171 1073 2213 non
1098 2153 1255 2214 clibanum.
1298 2154 1382 2216 clatri
1405 2155 1450 2237 bi,
1480 2174 1539 2215 nun

236 2258 308 2319 haec
328 2259 428 2319 clatra.
465 2259 561 2320 clunis
580 2259 637 2339 hic,
657 2277 714 2319 nen
734 2258 816 2319 baec.
855 2261 1033 2334 coturnices,
1053 2279 1112 2321 uon
1132 2263 1329 2322 cocturnices.
1366 2252 1449 2322 colus
1467 2261 1541 2322 haec

305 2545 318 2592 1
329 2538 450 2609 aquilus]
459 2538 578 2606 aquibus
588 2538 625 2591 M
666 2537 791 2593 Arcubus
800 2536 964 2607 pugnaturis
975 2540 1053 2605 (corr.
1062 2539 1214 2609 pugnaturi
1224 2540 1261 2607 Β,
1272 2556 1341 2595 corr.
1351 2541 1491 2611 pugnatur
1502 2541 1540 2610 0)

236 2622 302 2673 suut
320 2619 394 2674 enim
413 2619 449 2673 ab
468 2635 535 2672 arcu
553 2634 630 2671 arces
649 2619 743 2671 aulem
761 2616 820 2670 BC
841 2617 966 2671 Arcnbus
990 2621 1132 2687 pugnatur
1155 2619 1195 2673 Ns
1218 2622 1303 2675 Arces
1327 2623 1420 2675 autem
1445 2621 1481 2673 M

233 2700 355 2771 aarles]
376 2699 443 2754 artis
461 2698 519 2752 ΒΟ
589 2696 706 2767 faciunt]
726 2697 795 2751 lacit
808 2698 958 2764 posteriore
976 2698 1033 2751 loco
1053 2697 1152 2751 MBG
1221 2700 1340 2756 arteriae
1357 2700 1427 2754 baec
1448 2700 1485 2754 M

381 2793 394 2820 0

232 2839 249 2887 3
267 2833 447 2902 artulagenus
463 2831 500 2885 M
511 2830 691 2899 ariolagenus
705 2831 732 2883 Β
747 2830 943 2900 artolagoenus
959 2830 1175 2901 Oartolagauus
1184 2851 1215 2902 p.
1230 2835 1346 2901 fortusse
1360 2833 1541 2904 arminganus

232 2928 287 2966 non
310 2912 488 2982 artohgenus
559 2913 708 2981 attagenus
726 2912 796 2966 haee
816 2912 853 2964 M
869 2911 1068 2981 attaginebae
1088 2910 1259 2983 sartagine
1282 2915 1335 2971 hae
1353 2915 1401 2970 Bc
1472 2923 1489 2969 4
1511 2919 1542 2970 nt

231 2993 381 3065 lignarium
401 2996 434 3047 ut
451 2994 602 3048 armarium
623 2993 690 3046 ΜΒ
780 2990 883 3044 bitem
903 2993 1013 3044 austero
1032 2993 1061 3045 ei
1079 2994 1220 3047 austerum
1241 2995 1278 3048 M
1294 2995 1364 3051 item
1382 2997 1494 3051 austera
1512 3000 1542 3050 et

231 3076 376 3128 austerum
393 3073 440 3128 hic
458 3091 514 3129 uon
532 3075 602 3128 haec
619 3072 678 3127 Bc
783 3069 911 3124 assiduus
930 3086 985 3123 non
1004 3069 1136 3125 adsiduus
1155 3073 1285 3128 ausculta
1303 3091 1359 3128 non
1377 3075 1485 3130 asculta
1504 3076 1542 3128 M

231 3156 359 3210 assiduus
377 3171 433 3209 non
451 3153 584 3209 asseduus
602 3153 638 3208 ab
657 3150 804 3206 assidendo
821 3151 981 3204 auscultare
999 3165 1055 3203 non
1073 3150 1211 3206 ascultare
1231 3153 1289 3209 Bc
1364 3162 1380 3209 6
1399 3155 1538 3226 aniculus]

140 3249 147 3261 ¹
231 3236 299 3290 Ausi
317 3235 462 3290 anxiculus
480 3235 508 3287 B
527 3233 587 3288 ausi
605 3229 774 3286 axiculnsO
850 3235 864 3284 7
883 3229 1018 3284 Baculum
1038 3230 1111 3283 hunc
1130 3248 1185 3285 non
1203 3233 1256 3288 hoc
1274 3234 1334 3289 BG
1350 3235 1469 3305 Baculus
1486 3236 1539 3290 boc

233 3331 287 3369 non
307 3315 380 3368 hunc
401 3315 449 3368 M:
467 3315 502 3381 ef.
521 3314 554 3367 de
572 3313 636 3367 dub.
655 3329 725 3366 unm.
741 3330 771 3380 p.
788 3316 904 3376 572,13
975 3310 1102 3381 balneas]
1123 3311 1239 3368 balneus
1257 3314 1316 3369 ΒΟ
1366 3329 1440 3369 'nou
1459 3314 1538 3369 babi-

234 3410 317 3448 neum
333 3411 401 3449 corr.
417 3399 448 3448 nt
466 3395 574 3448 videtur
589 3410 645 3447 non
664 3392 804 3446 balineum
822 3392 859 3445 M
930 3396 964 3444 10
983 3389 1088 3444 bebere
1107 3407 1163 3444 non
1180 3391 1268 3446 heber
1284 3392 1343 3447 BG
1357 3394 1464 3448 Benere
1482 3411 1538 3448 uon

233 3474 320 3529 bober
335 3475 384 3528 M:
402 3476 437 3540 ef.
454 3473 561 3528 Uliam.
573 3490 602 3541 p.
618 3476 711 3537 124,1
767 3471 869 3525 Bracae
884 3487 938 3524 noa
952 3470 1049 3522 braces
1065 3469 1103 3521 M
1115 3475 1140 3522 et
1157 3471 1267 3525 dedali.
1282 3488 1353 3526 nom.
1364 3489 1395 3540 p.
1411 3477 1478 3536 572,
1492 3478 1536 3536 11,

231 3554 350 3609 brachas
367 3572 423 3609 non
443 3555 537 3609 braces
556 3551 614 3605 ΒΟ
629 3552 747 3605 brachas
766 3567 821 3605 non
839 3550 937 3604 bracas
954 3567 974 3618 p
1048 3555 1080 3601 11
1102 3547 1213 3604 Canaba
1231 3551 1284 3605 hoc
1301 3566 1357 3604 non
1376 3551 1490 3605 canabis
1510 3550 1538 3602 B

232 3633 343 3688 Canaba
361 3634 415 3688 hoc
432 3651 489 3687 non
508 3632 626 3686 canabes
645 3634 723 3697 (corr.
740 3629 806 3698 bis)
827 3627 850 3681 0
867 3628 963 3683 Canna
981 3628 1103 3683 Cannale
1123 3630 1176 3684 hoc
1194 3645 1249 3683 non
1266 3628 1391 3683 cannulis
1411 3629 1455 3696 M,
1474 3646 1537 3682 ean-

231 3713 298 3768 nabi
316 3713 426 3783 generis
445 3712 537 3766 neutri
556 3727 611 3765 non
630 3710 763 3765 cannabis
782 3711 814 3763 de
832 3709 896 3763 dub.
916 3726 986 3763 nom.
1002 3727 1032 3778 p.
1053 3714 1117 3774 573,
1138 3714 1175 3765 12
1260 3705 1410 3763 Carbassus
1431 3708 1468 3762 M

232 3799 265 3847 12
284 3809 340 3847 uon
359 3791 495 3862 caunum]
519 3807 575 3845 non
598 3789 711 3844 catillus
731 3791 768 3843 M
789 3807 845 3844 non
868 3790 981 3844 eatiblis
999 3789 1062 3843 BG.
1090 3792 1206 3856 fortasse
1229 3807 1285 3845 non
1308 3787 1447 3855 calinum,
1471 3787 1538 3856 quia

230 3871 354 3927 catillus:
373 3872 407 3936 cs.
424 3870 530 3925 Obaris.
544 3887 576 3939 p.
596 3875 641 3936 79,
659 3875 698 3924 23
789 3869 909 3925 Cuuulus
928 3870 997 3925 haec
1016 3870 1110 3924 canuli
1129 3871 1182 3924 hae
1203 3870 1241 3924 M
1257 3868 1391 3924 caminus
1410 3869 1463 3922 hec
1482 3884 1538 3922 uon

230 3951 341 4006 camilia
358 3949 421 4007 ΒΟ.
449 3969 488 4005 an
511 3951 634 4004 camelus
657 3951 741 4018 haee,
761 3949 861 4004 cameli
886 3950 956 4004 hae?
979 3951 1013 4017 cf.
1033 3951 1067 4005 de
1094 3952 1158 4005 dub.
1177 3968 1247 4007 nom.
1267 3967 1298 4019 p.
1318 3956 1382 4018 575,
1401 3956 1419 4005 6
1438 3949 1539 4005 cameli

230 4050 332 4104 genere
350 4031 485 4085 feminino
505 4030 653 4085 dicendum
763 4037 795 4084 13
820 4029 952 4084 Camarus
971 4047 1026 4084 non
1047 4032 1193 4086 cambarns
1214 4032 1251 4086 M
1257 4031 1282 4085 0
1302 4030 1465 4086 Cemmenus
1484 4048 1539 4084 non

231 4115 378 4169 sambatus
396 4113 423 4165 B
443 4110 575 4166 Camarus
593 4127 647 4165 non
669 4128 832 4181 camnrusp
922 4109 1031 4164 Cetaria
1054 4111 1203 4180 tabesueq3
1226 4130 1299 4166 nunc
1322 4110 1458 4165 cretariae
1482 4127 1539 4164 uon

231 4197 306 4248 recte
321 4192 418 4247 dicunt
433 4192 469 4245 M
487 4189 634 4245 (letherius
648 4191 781 4245 tabernae
796 4205 868 4258 quae
882 4206 955 4243 nunc
969 4190 1109 4245 retharius
1123 4208 1178 4246 non
1193 4195 1268 4247 recte
1286 4191 1415 4246 dieantur
1432 4189 1538 4258 (dicun-

230 4278 276 4329 tur
296 4273 331 4342 0)
350 4270 410 4326 BC
481 4278 513 4324 14
532 4270 650 4325 circinus
666 4277 725 4325 'non
744 4271 868 4325 cerciuns
883 4287 905 4338 p
924 4275 949 4323 et
967 4277 1093 4340 escerpta
1108 4273 1353 4341 Mentepessulana
1415 4269 1538 4324 cucumis

230 4355 300 4408 haec
314 4371 369 4408 non
384 4357 498 4407 cneume
515 4351 552 4404 M
569 4349 663 4404 Cumis
681 4351 821 4404 haeenon
835 4367 934 4404 eumen
959 4349 1022 4406 Bc.
1049 4353 1148 4406 seclusi
1165 4353 1259 4420 vulta,
1278 4368 1347 4422 quae
1365 4369 1398 4406 ac
1416 4352 1452 4405 iis
1469 4367 1539 4419 quae

230 4435 310 4500 infru
332 4435 365 4487 de
389 4448 528 4487 wcumere
550 4431 655 4500 empta
676 4437 741 4484 eunt
764 4433 879 4500 repetita
901 4437 926 4485 et
949 4433 1038 4487 alieno
1062 4435 1119 4487 loeo
1141 4434 1245 4487 inserta
1268 4449 1322 4487 esse
1340 4433 1468 4487 viduatur

233 4519 264 4567 15
284 4512 361 4566 einer
378 4529 429 4566 om.
449 4509 549 4565 MBC
625 4517 657 4565 le
677 4528 733 4565 nou
752 4510 893 4566 clibanum
911 4512 966 4567 hoe
985 4513 1012 4565 B
1085 4512 1184 4567 Clatrii
1202 4529 1258 4566 uon
1278 4513 1315 4567 M
1391 4517 1423 4566 17
1443 4510 1538 4567 Clunia

230 4592 351 4646 hicnon
369 4592 439 4647 haec
452 4591 511 4646 BG
527 4591 623 4646 Glunis
641 4592 692 4645 hec
713 4592 756 4658 M,
776 4591 866 4645 clunis
886 4592 939 4646 hae
958 4609 1013 4647 non
1032 4591 1062 4645 bi
1081 4597 1207 4659 excerpta
1222 4592 1482 4660 Mentepessulnna:
1501 4594 1537 4657 ef.

233 4672 339 4728 mans.
359 4689 390 4739 p.
408 4677 472 4737 101,
490 4676 508 4726 4
598 4669 759 4730 Coinrniees
777 4688 834 4725 uon
853 4671 1025 4727 cocturnices
1042 4670 1101 4724 BC
1121 4671 1278 4726 coturnices
1297 4688 1353 4726 non
1372 4671 1538 4727 eoturinices

232 4753 269 4807 M
286 4750 444 4805 cuturniees
466 4766 521 4803 non
541 4749 712 4805 cocturnices
735 4767 768 4818 p,
792 4750 963 4805 cocturnices
982 4769 1037 4806 non
1056 4750 1211 4806 coturnices
1229 4757 1357 4819 excerpta
1376 4752 1467 4808 Mont.

235 4831 318 4889 Ceius
337 4831 407 4885 haec
428 4829 459 4882 in
476 4829 598 4884 lanificio
615 4829 643 4882 B
662 4833 687 4883 et
703 4829 886 4899 superacnbto
904 4829 934 4883 in
953 4829 977 4884 0
