3300 5468
229 1300 271 1360 lle
304 1300 480 1362 differentiis
511 1299 722 1363 vocabulorum
753 1301 845 1364 multa
873 1320 889 1361 a
916 1303 1115 1381 grammaticis
1147 1303 1258 1382 scripta
1291 1292 1374 1383 sunt,
1406 1320 1441 1362 ex

141 1405 250 1486 quibus
277 1426 310 1468 ea
338 1426 414 1487 quae
442 1407 602 1468 Putschius
630 1428 657 1488 p.
686 1405 771 1471 2191
803 1427 866 1489 sqq.
894 1408 987 1469 edidit
1014 1411 1128 1490 recepi,
1160 1409 1270 1488 nequid
1298 1409 1377 1487 quod
1405 1407 1442 1468 ab

140 1513 189 1573 illo
213 1514 327 1575 editum
349 1524 430 1576 esset
453 1516 482 1575 in
507 1534 581 1575 nova
603 1518 863 1594 grammaticorum
883 1515 1012 1577 editione
1031 1519 1097 1577 iure
1117 1517 1338 1577 desideraretur
1353 1563 1359 1576 .
1374 1534 1441 1576 nam

140 1621 256 1682 dicuini
284 1625 517 1704 grammaticam,
549 1641 638 1701 quam
665 1624 764 1704 omisi,
797 1641 857 1684 non
890 1631 961 1703 puto
990 1642 1005 1683 a
1034 1642 1182 1703 quoquam
1216 1626 1295 1684 inter
1325 1632 1442 1684 veteres

139 1731 347 1807 grammaticos
379 1729 544 1790 desiderari
572 1778 579 1790 .
607 1729 733 1791 alterum
765 1738 863 1792 autem
892 1730 927 1791 de
956 1729 1132 1791 differentiis
1159 1729 1282 1812 librum,
1315 1731 1366 1809 qui
1397 1738 1442 1790 est

140 1834 217 1914 apud
245 1835 419 1897 Putschium
447 1856 475 1916 p.
503 1833 590 1898 2203
618 1855 696 1919 sqq,
727 1835 866 1916 Hagenus
894 1837 995 1897 anecd.
1023 1835 1136 1898 llelrot.
1164 1857 1192 1917 p.
1220 1832 1286 1899 275
1313 1854 1377 1916 sqq.
1406 1856 1441 1896 ex

139 1941 342 2004 Beruensibus
365 1942 518 2005 codicibus
542 1951 662 2004 auctum
685 1942 778 2004 edidit
798 1991 804 2003 .
824 1942 901 2005 idem
922 1943 958 2005 de
977 1944 1042 2005 aliis
1061 1943 1194 2005 eiusdem
1217 1946 1336 2024 generis
1359 1943 1442 2004 libris

139 2051 239 2110 intima
262 2058 357 2112 aetate
381 2053 502 2131 scriptis
526 2049 615 2112 etde
639 2049 791 2111 codicibus
814 2052 845 2111 in
868 2050 978 2129 quibus
1001 2052 1024 2111 ii
1046 2053 1157 2112 inventi
1186 2058 1256 2112 sunt
1283 2051 1443 2131 disputarit

138 2158 231 2235 prael.
254 2177 282 2237 p.
306 2156 406 2218 CXVll
430 2176 494 2238 sqq.
540 2157 591 2218 sed
615 2156 664 2218 illa
687 2175 762 2236 quae
792 2156 852 2218 dixi
879 2160 910 2218 in
937 2167 1037 2219 vetere
1066 2157 1168 2218 codice
1191 2157 1330 2218 bobiensi
1362 2175 1442 2218 nunc

94 2344 99 2354 Ι
139 2262 330 2345 Neapolitano
349 2264 385 2324 lV
405 2266 428 2325 ll
448 2262 468 2328 8
488 2273 555 2345 post
574 2263 698 2325 Charisii
721 2265 794 2326 artis
813 2266 1019 2344 grammaticae
1038 2263 1147 2326 librum
1172 2266 1308 2344 quintum
1331 2266 1441 2344 scripta

139 2378 222 2451 sunt,
262 2370 314 2432 ubi
351 2372 454 2432 ordine
492 2371 730 2432 membranarum
771 2350 944 2450 pertdrbato
981 2381 1012 2433 et
1048 2374 1232 2452 interpositis
1269 2372 1442 2452 fragmentis

139 2477 265 2537 Charisii
288 2485 318 2538 et
341 2477 435 2538 Servii
460 2478 496 2539 de
520 2481 638 2560 metris,
660 2480 738 2539 sicut
760 2479 791 2538 in
814 2477 1014 2557 descriptione
1038 2482 1104 2540 eius
1122 2479 1234 2540 codicis
1253 2498 1374 2560 gramm.
1393 2479 1441 2540 lat.

138 2603 164 2644 r.
188 2582 250 2664 lp.
275 2583 314 2644 lll
339 2603 402 2664 sqq.
426 2584 500 2666 diri,
523 2587 554 2645 in
577 2584 674 2647 trihus
696 2586 811 2665 paginis
835 2585 853 2645 7.
873 2583 941 2646 37*
965 2594 996 2646 et
1018 2586 1037 2646 7.
1061 2582 1103 2647 39
1128 2585 1268 2666 leguntur
1292 2635 1298 2647 .
1322 2589 1352 2646 in
1376 2589 1441 2665 ipso

140 2701 236 2752 tamen
260 2690 496 2752 differentiarum
519 2691 618 2752 libello
641 2693 697 2752 ista
721 2689 960 2752 membranarum
980 2691 1203 2772 perturbatione
1223 2692 1297 2753 nibd
1315 2695 1440 2774 periisse

139 2815 173 2857 ex
198 2799 235 2857 iis
259 2815 335 2876 quae
358 2796 407 2858 illo
431 2797 496 2859 loeo
520 2799 598 2859 dicte
622 2805 693 2858 sunt
720 2807 871 2877 apparet.
896 2816 963 2858 nam
991 2806 1022 2858 et
1049 2800 1243 2878 praescriptio
1271 2801 1368 2878 posita
1395 2807 1442 2860 est

138 2907 168 2965 in
197 2914 329 2965 extrema
358 2907 463 2985 pagina
491 2905 510 2965 7.
534 2902 575 2966 37
601 2924 634 2984 r.,
662 2901 745 2982 incip
772 2903 811 2965 nc
835 2908 882 2981 pl‘
911 2905 1012 2966 Secnn
1040 2906 1115 2980 disse
1142 2907 1236 2966 uerbo
1258 2912 1288 2966 et
1309 2910 1441 2980 nominet,

139 3011 166 3071 h.
186 3031 211 3071 e.
233 3015 383 3088 inceptant
406 3014 488 3072 nnnc
508 3014 602 3088 pluro
624 3015 790 3072 secundum
814 3013 1021 3087 defferentr'nm
1044 3014 1205 3073 verborum
1228 3021 1258 3073 et
1279 3016 1441 3088 nominum,

139 3122 186 3180 cni
214 3119 322 3179 deinde
350 3117 540 3179 subiciuntur
568 3118 752 3179 differentiae
781 3119 800 3178 7.
827 3115 896 3180 37*
925 3121 1012 3180 Inter
1039 3122 1181 3180 ultionem
1209 3137 1287 3200 sqq,
1317 3126 1347 3179 et
1374 3119 1441 3179 finis

139 3228 286 3305 scriptura
309 3224 422 3286 codicis
445 3225 563 3286 videtur
586 3226 768 3304 significatus
791 3243 856 3285 esse
881 3226 899 3285 7.
923 3221 992 3286 39*
1020 3229 1119 3288 nostia
1147 3230 1246 3287 minor
1267 3260 1304 3284 ω
1325 3260 1362 3284 ω
1384 3260 1440 3285 ω.

226 3331 269 3391 Ex
294 3332 397 3392 eodem
422 3330 524 3392 codice
548 3330 593 3391 vel
612 3350 648 3392 ex
667 3331 835 3411 apographo
855 3350 891 3392 ex
911 3350 945 3392 eo
965 3333 1042 3393 lacto
1062 3331 1149 3393 lanus
1167 3331 1343 3394 Parrhasius
1361 3332 1441 3394 hunc

138 3438 248 3500 librum
271 3457 331 3499 una
355 3457 423 3498 cum
447 3440 593 3499 institutis
611 3439 720 3500 artium
739 3447 770 3499 et
788 3438 941 3500 catholicis
959 3438 1050 3500 Probi
1067 3441 1183 3519 primus
1202 3439 1294 3501 edidit
1312 3438 1440 3501 Vicetiae

138 3565 162 3606 a.
189 3542 272 3607 1509
297 3547 385 3625 eique
408 3544 568 3606 Frontonis
592 3564 699 3606 nomen
722 3547 928 3627 praescripsit,
955 3548 1089 3608 Cornelii
1107 3548 1268 3608 Frontonis
1287 3550 1326 3608 de
1348 3551 1439 3608 nomi·

138 3671 208 3714 num
232 3654 452 3728 verborumque
474 3654 671 3728 defferentes:
694 3653 731 3714 ci.
754 3671 876 3732 gramm.
899 3653 948 3714 lat.
968 3673 993 3714 v.
1011 3651 1049 3713 tv
1072 3673 1099 3733 p.
1119 3652 1159 3713 lx
1178 3702 1185 3715 .
1205 3655 1339 3734 quamvis
1362 3655 1440 3714 enim

138 3762 285 3839 scriptura
310 3759 421 3821 codicis
440 3762 470 3820 in
490 3759 569 3821 edito
588 3760 749 3840 exemplari
768 3761 854 3841 plane
873 3769 1010 3822 accurate
1031 3778 1170 3841 expressa
1189 3780 1248 3822 non
1267 3763 1319 3843 sit,
1343 3769 1440 3822 tamen

63 3849 72 3858 ⁵
138 3887 174 3928 ex
202 3867 258 3927 hoc
286 3886 346 3928 uno
375 3867 476 3928 codice
505 3867 665 3929 editionem
693 3867 811 3929 ductam
840 3886 907 3929 esse
935 3875 1051 3929 eertum
1079 3877 1125 3930 est
1153 3915 1160 3929 .
1188 3869 1344 3929 manitesta
1376 3869 1441 3928 eius

81 4021 85 4031 .
138 3977 182 4036 rei
205 3974 314 4035 indicia
342 3983 460 4054 praeter
489 3975 674 4055 corruptelas
702 3984 732 4036 et
758 3974 879 4037 lacunas
907 3975 1019 4036 codicis
1046 3977 1076 4035 iu
1100 3975 1230 4036 editione
1254 3976 1398 4054 repetitas
1420 3975 1441 4034 ii

138 4085 262 4142 rrraxime
286 4081 344 4141 loci
367 4080 524 4161 praebent,
552 4083 582 4142 in
610 4081 720 4161 quibus
742 4082 850 4143 detrita
872 4082 918 4143 vel
941 4080 1037 4143 deleta
1061 4081 1178 4142 delectu
1203 4079 1441 4142 membranarum

138 4192 286 4268 scriptura
310 4207 369 4249 nou
394 4197 475 4249 recte
495 4187 531 4247 ab
550 4187 664 4249 editore
683 4188 820 4270 suppleta
839 4187 884 4249 rel
904 4187 992 4249 verba
1010 4190 1193 4267 grammatici
1213 4205 1272 4248 non
1291 4186 1441 4248 intellecta
1474 4264 1478 4274 ¹

138 4298 265 4378 ratione,
289 4314 346 4375 qua
366 4297 395 4355 in
416 4293 573 4356 scribendo
592 4294 732 4357 librarius
751 4298 796 4357 uti
815 4304 1024 4368 consueverat,
1043 4297 1222 4374 transposita
1242 4303 1312 4354 sum
1326 4341 1333 4354 .
1348 4313 1440 4374 quare

138 4402 267 4463 dubitari
291 4405 395 4481 nequit
417 4403 489 4482 quin
514 4420 547 4462 ea
571 4405 668 4463 omnia
698 4420 774 4482 quae
801 4405 831 4463 in
859 4405 994 4482 principe
1022 4402 1151 4462 editione
1180 4401 1265 4462 aliter
1293 4410 1382 4481 atque
1409 4403 1440 4462 iu

138 4528 226 4570 manu
259 4511 371 4590 scripto
404 4508 479 4569 libro
513 4508 642 4570 exhibita
675 4518 745 4571 erunt
777 4511 965 4570 coniecturae
998 4507 1044 4568 vel
1076 4507 1281 4588 neglegentiae
1318 4507 1440 4569 editoris

138 4617 294 4679 tribuenda
327 4619 395 4677 siut.
442 4615 591 4677 Parrhasii
624 4615 714 4677 editio
747 4618 850 4695 paucis
882 4613 1097 4677 mutationibus
1129 4616 1214 4676 lactis
1246 4617 1277 4676 in
1309 4614 1439 4677 editione

137 4727 316 4786 Ascensiana
341 4723 488 4785 Diomedis
512 4722 697 4803 aliorumque
721 4723 979 4802 grammaticorum
998 4740 1023 4782 a.
1045 4712 1130 4784 1516
1154 4724 1280 4802 repetita
1303 4731 1350 4784 est
1372 4771 1379 4784 .
1403 4742 1439 4783 ex

136 4831 191 4892 hac
224 4850 363 4911 expressa
397 4840 443 4892 est
474 4829 653 4891 basileensis
685 4849 710 4891 a.
747 4825 828 4891 1527
860 4850 868 4891 :
898 4831 936 4892 el.
968 4847 1089 4908 gramm.
1122 4829 1169 4891 lat
1203 4849 1229 4890 r.
1262 4827 1299 4889 Vl
1329 4848 1359 4911 p.
1390 4827 1439 4890 lll.
