3316 5474
500 1256 794 1357 ARVSIANI
826 1256 1034 1357 llllSSIl

368 1441 668 1515 uxuunna
714 1441 1166 1515 nuocvurouvu

120 1616 166 1663 EX
191 1616 358 1665 VERGILIO
383 1617 571 1666 SALLVSTIO
595 1617 770 1665 TERENTIO
794 1616 968 1665 CICERONE
991 1618 1140 1667 DIGESTA
1161 1618 1228 1664 PER
1246 1616 1418 1663 LITTERAS

119 1820 324 1868 uroounuu.

80 1929 93 1965 3
208 1905 368 1967 Abundans
400 1907 478 1967 illius
510 1909 567 1988 rei,
603 1906 688 1987 Verg.
711 1909 751 1968 ‘in
784 1906 869 1967 buco.
897 1907 1000 1982 (220)
1033 1901 1145 1966 ‘nivei
1176 1923 1278 1984 quam
1310 1903 1418 1965 lactis

119 2009 328 2073 abuudaus'.
374 2013 526 2074 abundans
550 2015 598 2075 illa
625 2034 672 2096 re,
704 2014 808 2076 Cicero
832 2033 886 2094 pro
910 2013 1046 2074 Cornelio
1070 2011 1145 2071 libro
1169 2012 1194 2072 ll
1219 2008 1317 2091 ‘quis
1348 2020 1416 2072 tam

120 2117 302 2180 abundans
326 2123 440 2200 copiis
464 2169 471 2182 .
495 2120 624 2181 abundat
646 2120 693 2181 illa
717 2140 764 2202 re,
793 2121 852 2182 Cic.
877 2139 930 2200 pro
954 2119 1090 2181 Cluentio
1114 2119 1260 2193 (65281)
1289 2117 1417 2179 mulier

119 2225 275 2286 abundat
298 2226 444 2287 audacia
463 2275 469 2287 .
489 2227 605 2288 abunde
620 2238 666 2290 est
684 2228 773 2289 buius
792 2230 850 2310 rei,
875 2227 958 2307 Verg.
973 2228 1042 2288 Aen.
1059 2226 1107 2286 Vll
1123 2226 1216 2299 (552)
1236 2234 1416 2286 terrorum

119 2343 153 2392 ot
176 2333 315 2392 fraudis
338 2332 477 2394 abunde
500 2344 562 2396 ost.

79 2463 105 2500 ro
208 2439 298 2499 Ardet
320 2439 367 2499 illa
392 2459 436 2522 re,
462 2440 544 2521 Verg.
569 2443 639 2504 Aen.
663 2442 701 2502 Xl
725 2443 820 2516 (782)

286 2547 441 2607 femineo
465 2550 619 2628 praedae
643 2562 678 2611 et
701 2549 898 2630 spoliorum
923 2547 1072 2609 ardebat
1095 2565 1212 2607 amore
1236 2593 1242 2606 .

118 2653 202 2714 ardet
224 2653 301 2714 illam
326 2672 403 2736 rem,
426 2655 503 2715 idern
528 2659 556 2717 iu
580 2656 647 2718 buc.
671 2659 748 2733 (LA)

322 2762 519 2823 formosum
543 2771 666 2842 pastor
690 2762 852 2843 Corydon
876 2761 1025 2823 ardebat
1048 2760 1183 2821 Alexim
1207 2809 1213 2821 .

118 2867 201 2927 ardet
229 2870 259 2927 in
287 2868 334 2928 illa
362 2887 408 2949 re,
438 2869 543 2929 Salust.
573 2868 649 2930 bello
677 2869 759 2930 Catil.
789 2871 871 2951 (dd)
899 2869 1028 2929 ardens
1056 2871 1090 2929 in
1119 2866 1415 2948 cupiditatibus.

79 2993 104 3033 1⁵
118 2973 201 3034 ardet
220 2977 250 3033 iu
270 2975 347 3035 illam
368 2993 444 3055 rom,
469 2975 551 3055 Verg.
572 2980 644 3037 Aen.
672 2977 733 3036 t’ll
749 2977 844 3050 (623)
863 2976 964 3037 ardet
987 2977 1022 3036 iu
1045 2977 1196 3036 excitam
1215 2976 1415 3036 Ausoniam.

205 3084 318 3142 Avertit
340 3082 395 3143 hac
420 3101 465 3164 re,
488 3081 573 3162 Verg.
596 3085 667 3144 Aeu.
690 3082 702 3142 l
726 3084 797 3164 (38)

300 3209 363 3249 nec
387 3209 492 3270 posse
517 3189 619 3250 ltalia
643 3190 1055 3261 Teucrorumavertere
1079 3207 1197 3268 regern
1222 3236 1229 3248 .

118 3298 223 3355 avertit
246 3295 282 3355 ab
306 3296 353 3357 illa
377 3316 423 3377 re,
451 3297 510 3358 Cic.
534 3295 637 3377 Philip.
666 3298 749 3370 (l’Il
775 3297 831 3370 28)
854 3296 896 3357 ab
920 3295 1008 3356 urbe
1031 3295 1068 3356 ll.
1091 3297 1236 3356 Antonii
1260 3298 1415 3375 impetus

116 3404 151 3461 in
176 3403 322 3465 Galliam
347 3407 489 3465 avertit.
517 3422 638 3465 aversus
653 3403 688 3464 ab
703 3403 769 3486 illo,
789 3404 848 3464 Cic.
863 3406 894 3464 iu
908 3403 991 3464 Catil.
1006 3403 1046 3464 lll
1060 3403 1159 3477 (921)
1175 3412 1242 3463 tarn
1264 3421 1415 3463 avernus

75 3529 131 3569 roa
157 3530 269 3571 vcro.

205 3620 332 3698 Accingo
356 3637 401 3679 mc
426 3620 494 3680 huic
518 3622 576 3701 rei,
598 3618 683 3699 Verg.
707 3620 778 3680 Aen.
801 3618 813 3678 l
837 3620 930 3692 (210)

298 3725 351 3785 illi
376 3745 411 3787 se
435 3727 586 3808 praedae
611 3729 804 3806 accingunt
827 3726 1050 3807 dapibusque
1074 3727 1240 3786 luttrris.

205 3943 294 3997 Godec
314 3943 462 3996 Parrhasii
508 3943 645 4014 llncipit
670 3944 800 3999 Arueieni
822 3945 904 4001 Mosei
927 3962 970 4000 uc.
993 3961 1032 3999 or.
1060 3942 1170 3999 comitia
1198 3943 1281 4014 primi
1309 3943 1413 4000 ordinis

115 4023 244 4092 exempla
262 4021 450 4077 elocutionum
467 4026 471 4090 Ι
487 4023 528 4077 Ex
543 4024 662 4095 uergilio
677 4025 798 4080 Seluetio
813 4025 945 4081 Terentio
960 4024 1091 4080 Cicerone
1105 4025 1216 4093 digestu
1229 4042 1279 4093 per
1293 4024 1410 4079 litterae.

113 4102 252 4157 Arouionl
278 4106 384 4158 morini
411 4107 501 4160 eudon
523 4123 609 4161 noenu
634 4107 848 4175 superscriptum
870 4110 908 4161 cot
930 4102 1052 4159 Cornelii
1078 4103 1215 4158 frontonis
1241 4104 1355 4168 ddrtto,
1382 4109 1413 4156 ut

113 4186 233 4249 ridetur,
252 4189 315 4238 onte
334 4185 454 4240 Cornelii
477 4187 604 4241 litterae
677 4193 710 4240 14
728 4187 797 4240 Aen.
812 4185 864 4240 Vll
878 4202 928 4240 om.
1003 4187 1033 4236 l'l
1049 4184 1201 4240 Antonium
1215 4200 1284 4239 corr.
1299 4182 1412 4237 Antonii

151 4279 183 4328 18
201 4275 272 4345 tam]
292 4275 351 4328 lem
427 4282 458 4329 ‘21
480 4274 522 4329 illi
540 4292 568 4330 ee
587 4261 653 4331 hdie
670 4275 790 4344 praedae

205 4472 241 4523 M
258 4472 388 4526 editiones
406 4472 507 4542 Δημοῖ)
526 4474 605 4528 Maii
624 4473 841 4529 Mediolanencio
859 4492 885 4529 o.
904 4474 978 4529 1815
996 4475 1021 4527 et
1038 4470 1167 4526 Romano
1185 4489 1210 4526 a.
1229 4475 1306 4526 1823

202 4551 227 4605 G
246 4553 329 4606 codex
353 4553 616 4620 ll'olsenbuttelonue
635 4554 785 4610 Getdionoo
802 4560 858 4611 281

204 4631 231 4684 P
248 4633 331 4686 codex
349 4633 490 4689 Leidenio
510 4637 712 4690 Perizonionuo
730 4640 766 4692 84

201 4713 403 4785 AAbundene]
431 4714 517 4770 Prisc.
537 4716 555 4769 l.
576 4715 700 4770 XVIII
713 4734 744 4784 p.
762 4721 820 4772 216
911 4722 944 4770 lb
972 4712 1093 4785 Avertit]
1124 4713 1213 4769 Prisc.
1242 4714 1259 4767 l.
1289 4713 1413 4767 XVIII

110 4808 139 4859 p.
162 4797 220 4847 277
296 4799 327 4846 17
348 4794 384 4849 M.
404 4795 518 4849 Antonii
537 4795 658 4866 impetus
676 4797 797 4853 nefarios
815 4796 851 4852 eb
869 4796 936 4852 urbe
955 4795 985 4850 in
1002 4794 1123 4849 Galliam
1141 4794 1244 4850 evertit
1263 4794 1355 4850 Olccro
