3316 5474
613 380 662 434 DE
682 380 970 436 ORTHOGRAPHLA
1404 384 1446 447 41

139 569 261 649 largyrii
283 567 528 628 commentarium
551 568 583 627 in
602 565 722 645 Vergilii
744 564 878 627 bucolica
902 574 932 627 et
955 569 1092 646 georgica
1112 586 1234 629 eumer
1260 588 1314 629 suo
1338 569 1449 650 codiee,

139 679 193 756 qui
216 694 295 736 nunc
320 683 366 735 est
384 673 541 734 Vaticanus
565 669 661 753 3402,
684 673 793 733 llomae
817 693 841 733 a.
869 670 951 736 1587
977 670 1118 758 edidit.*)
1155 675 1191 736 do
1211 694 1301 755 opera
1319 678 1349 743 iu
1365 676 1446 738 Velio

139 783 242 863 Longo
267 779 408 842 collocata
431 779 503 841 haec
527 779 640 861 scribit,
663 782 791 861 primum
815 783 846 841 iu
870 780 995 860 epistula
1014 782 1049 842 ad
1069 782 1253 842 Cardinalem
1278 781 1446 865 Carrallam,

141 887 282 951 ‘Etcum
306 891 403 949 omnis
425 887 509 948 locus
533 886 655 948 edendis
678 890 729 968 iis,
753 906 827 966 quae
852 887 993 948 studiosis
1016 888 1158 968 prodesse
1182 897 1317 970 possunt,
1340 909 1447 971 oppor-

141 1007 233 1059 tunus
256 995 413 1077 habeatur,
440 995 631 1056 inserendum
661 997 750 1055 etiam
772 994 844 1056 duxi
867 996 1063 1074 fragmentum
1088 994 1235 1074 quoddam
1259 996 1332 1058 Velii
1355 997 1449 1077 Longi

140 1105 178 1164 do
203 1103 429 1184 orthographia,
452 1102 567 1163 mendis
590 1121 606 1161 a
630 1121 677 1163 mc
703 1103 950 1182 quamplurimis
974 1112 1184 1183 expurgatum:
1207 1102 1297 1163 habet
1321 1106 1400 1164 enim
1423 1105 1448 1164 is

141 1211 217 1273 liber
241 1210 359 1292 multos,
383 1219 413 1270 et
435 1207 555 1288 quidem
574 1208 690 1270 erudite
714 1212 843 1289 scriptos
865 1209 955 1290 locos,
979 1212 1031 1288 qui
1056 1228 1114 1271 non
1133 1228 1239 1289 parum
1258 1210 1294 1270 ad
1314 1218 1447 1271 veterum

142 1320 332 1399 scriptorum,
355 1325 385 1377 et
409 1319 500 1377 totius
520 1316 667 1377 llomanae
691 1319 875 1397 antiquitatis
898 1317 1122 1396 intelligentiam
1146 1317 1284 1378 conferre
1307 1313 1449 1398 possint'3

142 1425 249 1487 deiude
275 1426 307 1484 in
338 1425 520 1504 praelatione
553 1423 589 1483 ad
622 1425 777 1507 lectorem,
812 1420 910 1497 ‘Quae
938 1442 1009 1484 vero
1041 1423 1188 1486 habentur
1221 1427 1251 1484 in
1284 1425 1449 1504 fragmento

143 1531 216 1593 Velii
242 1531 337 1611 Longi
364 1530 401 1591 de
429 1529 651 1611 orthographia,
679 1551 743 1613 eas,
777 1535 845 1612 quia
874 1535 914 1593 ita
937 1527 1013 1593 sunt
1040 1551 1055 1592 a
1084 1531 1170 1593 nobis
1198 1539 1448 1612 repraesentatae,

142 1639 290 1719 quomodo
313 1641 344 1700 iu
367 1639 535 1718 archetypis
558 1639 775 1719 exemplaribus
803 1642 1007 1719 reperiuntur,
1035 1641 1196 1718 unicuique
1220 1637 1366 1699 arbitratu
1397 1656 1453 1698 suo

142 1745 380 1826 interpretandas
403 1746 607 1825 relinquimus.
654 1746 731 1806 Sunt
754 1755 853 1807 autem
877 1746 1034 1809 nonnullae
1058 1765 1093 1807 ex
1117 1749 1154 1806 iis
1177 1743 1344 1805 mendosae.
1394 1764 1452 1806 nec

142 1856 222 1914 enim
244 1853 310 1912 lieri
333 1854 437 1933 potuit,
460 1855 533 1930 quin
558 1870 593 1912 ex
617 1853 740 1913 infinitis
764 1872 856 1932 prope
880 1853 996 1914 mendis
1018 1871 1072 1932 per
1097 1870 1150 1913 nos
1174 1855 1204 1912 in
1228 1871 1263 1912 eo
1283 1852 1450 1930 lragmento

143 1959 276 2039 sublatis,
300 1959 397 2037 aliqua
420 1963 626 2040 remanserint,
651 1961 840 2039 expurganda
864 1961 899 2020 ab
923 1961 997 2041 aliis,
1021 1963 1073 2040 qui
1096 1968 1147 2021 aut
1171 1958 1309 2021 meliores
1332 1958 1450 2019 codices

142 2069 233 2147 nacti,
262 2074 313 2126 aot
341 2068 473 2127 acutiore
501 2068 619 2144 ingenio
643 2067 768 2146 praediti
792 2063 906 2129 eruut'.
950 2068 1001 2128 sed
1031 2070 1164 2147 quamvis
1187 2066 1312 2128 Vrsinus
1335 2065 1450 2127 mendis

142 2191 230 2252 quam
254 2173 389 2252 plurimis
412 2190 428 2232 a
452 2191 484 2232 se
508 2181 703 2252 expurgatum
732 2192 797 2234 essc
827 2173 936 2235 librum
964 2175 1128 2256 praedicet,
1158 2183 1255 2235 tamen
1283 2174 1319 2234 ad
1350 2192 1449 2234 emen-

144 2280 293 2341 dationem
321 2297 381 2339 non
409 2281 449 2339 ita
477 2279 604 2341 multum
628 2280 755 2341 contulit
778 2290 807 2341 et
831 2300 868 2342 ne
893 2281 1025 2342 codicem
1048 2283 1169 2361 quidem
1193 2300 1281 2343 manu
1306 2284 1450 2361 scriptum

144 2389 215 2447 satis
246 2393 383 2447 accurate
419 2388 574 2465 expressit.
624 2405 691 2447 nam
722 2406 808 2467 saepe
843 2398 1014 2467 corruptam
1049 2389 1128 2450 illius
1161 2390 1320 2450 lectionem
1352 2386 1451 2449 verbis

144 2493 262 2554 omissis
280 2492 328 2552 sel
345 2492 549 2572 neglegentius
569 2496 727 2574 exscriptis
747 2498 834 2557 etiam
854 2498 946 2575 magis
966 2498 1101 2575 corrupit
1119 2496 1163 2556 vel
1183 2504 1295 2556 temere
1318 2499 1448 2557 mutavit.

144 2599 368 2661 emendationes
392 2609 489 2661 tamon
519 2619 593 2680 quas
624 2603 654 2661 in
684 2601 867 2680 marginibus
898 2603 1008 2663 codicis
1039 2603 1206 2683 adscriptas
1237 2605 1362 2682 invenit,
1394 2605 1451 2663 nisi

142 2709 242 2787 potins
270 2709 334 2786 ipse
361 2705 572 2787 adscripscrat,
601 2708 663 2767 lere
686 2726 790 2768 ornnes
813 2712 842 2769 in
867 2718 980 2770 textum
1005 2712 1119 2789 recepit
1142 2718 1172 2770 et
1195 2728 1284 2770 novas
1308 2709 1450 2788 quasdam

142 2813 261 2875 addidit.
304 2822 457 2893 praeterea
481 2816 510 2874 in
535 2817 655 2896 erratis,
683 2835 757 2894 quae
781 2819 811 2877 in
842 2817 900 2877 tine
928 2817 997 2878 libri
1026 2826 1124 2877 notata
1153 2826 1236 2897 sunt,
1267 2835 1326 2877 non
1354 2816 1450 2877 solum

143 2940 201 2982 non
230 2921 328 2983 nullos
351 2921 602 3001 typographorum
626 2940 745 2983 errores
769 2926 912 3001 correxit,
944 2923 996 2984 sed
1020 2926 1108 2984 etiam
1132 2943 1241 3005 putrcas
1264 2927 1450 2986 coniecturas

143 3027 284 3089 exhibuit
322 3027 420 3088 Vrsini
443 3028 602 3089 editionem
626 3028 743 3090 duobus
762 3033 847 3091 annis
865 3040 933 3110 post
952 3030 1190 3110 Hieronymus
1209 3031 1450 3092 Commclinus

143 3137 280 3215 repetivit
303 3136 333 3195 in
357 3135 519 3214 appendice
543 3135 681 3196 editionis
700 3136 820 3215 Vergilii
842 3137 1054 3217 Heidelbergae
1079 3156 1102 3197 a.
1125 3135 1210 3200 1589
1235 3138 1335 3197 iactae.
1374 3156 1450 3216 quac

143 3242 288 3322 appendix
310 3240 417 3303 deinde
442 3244 529 3303 etiam
553 3261 621 3303 cum
645 3261 718 3304 nova
742 3242 871 3304 editione
895 3243 1014 3323 Vergilii
1038 3243 1280 3323 lleidelbcrgcnsi
1304 3262 1328 3302 a.
1352 3238 1447 3326 1599,

144 3367 203 3410 non
225 3357 340 3410 mutato
364 3355 463 3409 tamen
482 3366 558 3410 auno
579 3349 725 3429 editionis,
749 3349 846 3410 denuo
870 3353 1028 3412 coniuncta
1052 3361 1105 3411 est.
1145 3368 1211 3411 nam
1231 3352 1370 3429 quoniam
1388 3369 1446 3411 una

144 3474 211 3516 eum
229 3455 406 3537 Philargyrii
429 3457 640 3517 commentario
665 3455 757 3536 Longi
781 3456 855 3517 liber
878 3460 1008 3538 primum
1031 3459 1129 3520 editus
1148 3466 1220 3539 erat,
1237 3457 1312 3517 haec
1331 3455 1448 3518 videtur

145 3580 232 3625 causa
263 3563 368 3645 luisse,
397 3582 451 3624 cur
478 3572 580 3643 postea
609 3582 677 3624 cum
705 3563 761 3623 hoe
785 3573 981 3645 repeteretur.
1026 3568 1055 3626 in
1085 3564 1326 3643 lleidelbergensi
1357 3567 1448 3644 igitur

143 3669 279 3749 exemplo
305 3670 394 3731 lectio
422 3671 566 3749 principis
594 3670 732 3731 editionis
760 3674 800 3731 ita
828 3691 968 3752 expressa
999 3680 1056 3753 est,
1084 3683 1119 3734 ut
1149 3681 1268 3751 praeter
1296 3690 1390 3751 pauca
1420 3680 1451 3731 et

143 3776 297 3837 manifesta
325 3779 410 3858 vitia,
437 3795 565 3855 quorum
592 3796 661 3857 pars
689 3777 725 3837 ah
753 3780 817 3857 ipso
847 3779 952 3839 Vrsino
980 3782 1010 3840 in
1038 3760 1222 3858 corrigendis
1250 3787 1349 3839 notata
1379 3787 1450 3852 crat,

144 3883 217 3944 nihil
246 3886 366 3944 omnino
399 3892 574 3945 mutaretur.
622 3884 674 3945 sed
705 3885 811 3946 additis
842 3888 872 3946 in
901 3888 959 3946 fine
993 3886 1235 3966 castigationibus
1265 3905 1324 3946 non
1354 3885 1450 3946 ntdlae

147 3989 367 4052 emendationes
395 3999 425 4053 et
448 3993 542 4070 ipsius
567 3989 689 4051 editoris
717 4001 748 4053 et
774 3993 924 4053 Francisci
953 3992 1029 4053 lunii
1057 3995 1226 4073 propositae
1250 4001 1328 4053 sunt.
1374 3991 1450 4051 hanc

142 4096 302 4158 editionem
330 4098 436 4158 deindc
464 4097 659 4158 Putschius
689 4102 843 4178 expressit
893 4118 952 4178 quo
986 4100 1097 4160 lachim
1125 4109 1172 4160 est
1203 4108 1237 4159 ut
1269 4098 1345 4178 apud
1379 4115 1447 4157 eum

144 4203 247 4265 eodem
272 4205 334 4265 lere
358 4205 445 4265 modo
470 4203 558 4265 vcrba
581 4208 765 4284 grammatici
787 4207 932 4286 legantur,
956 4225 1015 4286 quo
1038 4209 1168 4288 primum
1191 4206 1226 4266 ab
1246 4205 1351 4266 Vrsino
1371 4203 1449 4264 edita

147 4363 356 4370 ——--——--

234 4447 260 4518 ¹¹)
279 4448 422 4504 Romanam
442 4448 573 4504 editionis
591 4448 690 4502 titulus
710 4447 757 4503 hic
775 4452 832 4504 est:
860 4450 951 4503 Notae
970 4450 1006 4503 ad
1025 4449 1062 4503 M.
1083 4448 1218 4504 Catonem
1235 4449 1273 4502 M.
1297 4447 1452 4501 Varronem

145 4531 174 4586 L.
200 4529 384 4585 Columellam
414 4529 450 4584 de
475 4546 505 4584 re
532 4529 643 4584 rustica.
682 4530 724 4583 Ad
747 4529 864 4584 Kalend.
888 4528 1034 4583 Rusticum
1061 4528 1261 4584 Famesiauum
1289 4531 1318 4584 et
1342 4533 1451 4587 veteres

144 4609 340 4680 inscriptiones
363 4610 492 4664 Fratrum
515 4607 669 4663 Annalium.
708 4609 801 4663 lunius
825 4608 1017 4679 Philargyrius
1042 4609 1072 4663 in
1100 4608 1232 4663 Bucolica
1260 4611 1289 4664 et
1314 4608 1452 4682 Georgica

145 4686 265 4759 Virgilii
303 4688 395 4744 Notas
419 4689 456 4744 cd
475 4687 603 4742 Seruium
626 4686 656 4741 in
680 4688 774 4743 Bucol.
798 4688 899 4759 Georg.
923 4693 953 4744 ct
972 4688 1085 4743 beneid.
1106 4687 1182 4758 Virg.
1215 4687 1313 4743 Velius
1338 4688 1451 4760 Longus

146 4768 179 4823 da
203 4768 414 4839 orthographia.
452 4767 494 4821 Ex
517 4767 693 4822 Bibliotheca
720 4768 814 4823 Fuluii
840 4768 933 4824 Ursini
957 4770 1063 4825 Romae
1086 4767 1115 4820 in
1138 4767 1228 4823 aedib.
1256 4766 1282 4824 S.
1306 4768 1337 4824 P.
1367 4769 1399 4836 Q.
1417 4770 1450 4827 Rc

145 4847 361 4903 unnxxxvu.
395 4847 479 4918 Apud
498 4847 649 4918 Georgium
667 4847 833 4903 Ferrarium.
1264 4891 1270 4905 .
