3316 5474
165 368 231 434 398
261 377 264 387 ·
726 359 899 416 nosrrfler

164 468 318 523 p,arcem

165 563 211 616 est
233 553 268 614 ad
293 551 411 631 aliquid.
457 557 529 610 sunt
551 557 581 609 et
603 546 709 608 similia
731 544 801 610 τῶν
823 539 907 628 πρός
928 546 963 609 τί
982 565 1052 619 πως
1075 557 1208 642 ἔχοντα,
1236 560 1264 620 id
1290 567 1337 622 esp
1360 559 1398 621 ad
1423 557 1473 620 311.

166 660 237 745 quid
262 659 388 739 quodam
413 657 499 718 modo
522 656 719 739 attendentia,
742 666 776 719 ut
798 658 948 721 dexterior
972 665 1149 727 sinisterior.

255 768 332 829 Sunt
355 783 473 845 quoque
498 764 640 843 quaedam
664 764 853 846 homonyma,
876 784 951 845 quae
973 788 1033 831 una
1057 773 1251 853 appellatione
1275 772 1362 853 plura
1381 774 1473 853 signi·

166 877 268 956 licant,
290 882 325 935 ut
347 891 440 953 nepos
463 875 550 933 acies.
587 873 733 951 significat
750 875 829 933 cuim
848 893 941 954 nepos
960 885 990 937 et
1009 887 1125 939 certum
1144 883 1328 960 cognationis
1347 880 1474 960 gradum

166 993 197 1046 et
220 984 264 1044 rei
287 983 382 1042 aritae
405 987 656 1059 consumptorem.
701 979 837 1040 similiter
860 982 938 1042 acies
962 992 992 1044 et
1018 985 1173 1048 occulorum
1202 988 1311 1049 dicitur
1340 996 1372 1049 et
1401 985 1501 1048 terril

168 1101 198 1153 et
221 1091 377 1152 exercitus.
423 1086 567 1168 quaedam
591 1094 661 1147 sunt
682 1104 862 1166 synonyma,
886 1107 962 1168 qnae
985 1090 1121 1171 pluribus
1140 1094 1264 1174 loquelis
1284 1095 1363 1155 idem
1381 1096 1474 1175 signi·

167 1200 271 1278 fleant,
295 1204 328 1258 ut
350 1205 432 1257 terra
454 1194 577 1274 humus,
597 1188 602 1272 Ι
622 1194 703 1253 ensis
726 1192 848 1273 gladius.
895 1196 1039 1274 quaedam
1063 1199 1176 1260 mediae
1199 1203 1368 1284 potestatis,
1397 1220 1474 1281 quae

169 1304 413 1385 significationem
437 1321 451 1362 a
476 1302 643 1362 coniunctis
666 1309 800 1381 sumunt,
828 1309 862 1362 ut
884 1319 1008 1380 magnus
1032 1303 1130 1366 tortis:
1158 1305 1230 1366 haec
1258 1307 1337 1366 enim
1362 1324 1418 1385 per
1442 1324 1475 1367 se

169 1412 283 1474 nullum
310 1409 421 1471 habent
448 1407 629 1469 intellectum
654 1415 684 1468 et
711 1407 777 1468 ideo
800 1426 816 1467 a
841 1406 1016 1486 quibusdam
1046 1410 1225 1472 adiectiones
1254 1421 1412 1493 vocantur,
1441 1421 1476 1474 ut

170 1537 293 1600 magnus
316 1520 373 1593 vir,
398 1517 484 1577 tortis
507 1516 664 1576 exercitus.
1489 1521 1515 1560 ¹⁰

258 1624 433 1687 Nominibus
456 1623 594 1684 accidunt
617 1623 705 1682 etiam
729 1621 908 1684 collationes.
954 1624 1063 1703 gradus
1090 1628 1190 1705 itaque
1214 1625 1379 1686 collationis
1403 1634 1477 1687 sunt

171 1745 246 1817 tres,
277 1733 443 1812 absolutus,
481 1739 514 1791 ut
546 1730 664 1810 doctum,
701 1731 930 1810 comparatione,
967 1741 1000 1791 ut
1032 1732 1160 1812 doctior,
1197 1732 1408 1812 superlativus,
1443 1742 1477 1795 ut

172 1845 369 1906 doctissimus.
417 1841 535 1899 nentina
559 1836 723 1897 collationis
746 1838 881 1916 imposita
904 1856 1009 1916 parum
1038 1841 1166 1918 proprio.
1213 1858 1279 1899 nam
1308 1848 1338 1899 et
1367 1840 1476 1901 doctus

262 2048 352 2105 Codex
370 2046 566 2116 Snuqoileusia.
614 2043 775 2114 1πως]πο
851 2045 1051 2100 tattenuenta
1127 2047 1331 2117 thomonymo
1349 2064 1399 2102 ουι.

173 2131 312 2202 beritos]
341 2129 454 2183 habitae
527 2133 713 2194 scynonyma
736 2141 785 2178 οιυ.
859 2129 875 2176 9
899 2122 986 2178 habet
1059 2132 1089 2178 11
1115 2126 1283 2198 collationis]
1308 2126 1477 2182 collationes

172 2210 278 2267 corn-is
352 2215 384 2263 13
403 2223 495 2261 rerum
514 2205 642 2275 propriae

175 2323 205 2330 —-
220 2323 261 2328 -..
308 2322 384 2327 .-..--

261 2376 278 2424 ‘t
301 2367 476 2424 attendentis
503 2384 558 2421 οπο.
589 2366 694 2420 Charis.
719 2383 750 2434 p.
778 2369 893 2430 536,10,
919 2363 1054 2420 babentia
1076 2368 1158 2421 codex
1183 2368 1304 2423 Ultorieii
1328 2387 1357 2437 p.
1382 2375 1478 2438 156‚9,

174 2448 349 2506 attendentia
374 2448 418 2503 vel
444 2447 541 2502 taliter
559 2445 680 2515 qualiter
698 2462 728 2500 se
746 2443 881 2498 habentia
898 2445 1042 2500 Diomedes
1058 2464 1086 2514 p.
1106 2451 1220 2514 322,31,
1238 2467 1267 2503 se
1286 2449 1421 2504 habentia
1442 2452 1480 2504 M

209 2539 225 2586 3
246 2548 320 2585 εστιν
339 2548 368 2583 τε
387 2547 451 2582 τινα
465 2529 530 2582 eunt
543 2542 653 2594 qnoque
667 2524 805 2593 quaedem
820 2524 825 2594 Ι
841 2542 969 2594 ομωνιμα
984 2525 1125 2580 omonimo
1139 2529 1258 2583 uniuoco
1273 2529 1309 2581 M
1380 2534 1396 2581 6
1411 2548 1478 2583 τινα

174 2630 249 2667 εστιν
277 2629 420 2679 ουνωνιμα
448 2608 586 2677 quaedem
611 2609 676 2660 sunt
702 2604 857 2673 aequinooe
876 2605 913 2658 M
985 2612 999 2660 7
1023 2605 1147 2677 gladius]
1177 2624 1271 2661 mucro
1292 2608 1336 2672 M,
1363 2609 1395 2662 ιἰι
1423 2626 1479 2679 quo

174 2695 206 2748 nt
223 2693 448 2746 terra-mucro
472 2690 504 2742 ιἰι
526 2688 649 2756 marpiuc
667 2686 765 2741 addita
786 2689 851 2738 suut
922 2690 939 2739 8
958 2706 1044 2748 ωςτο
1063 2705 1287 2756 μεγαςυσιιηρος
1306 2691 1478 2758 utmagnus

173 2769 254 2827 fortis
274 2769 312 2824 Μ
382 2775 454 2831 inc
472 2788 504 2823 το
523 2786 609 2837 peyne
628 2786 699 2835 ανηρ
727 2767 759 2820 ut
783 2783 899 2835 magnus
926 2765 970 2821 uir
990 2770 994 2833 1
1014 2784 1134 2835 υτιιηρος
1162 2785 1277 2836 οτρατος
1299 2768 1380 2822 sortis
1399 2786 1477 2827 exer·

174 2853 246 2907 citus
266 2850 303 2904 M
374 2855 405 2902 11
426 2849 534 2919 βαθμοι
551 2865 683 2916 τοιγαρου
702 2845 804 2915 greum
822 2844 918 2914 itaquo
934 2848 938 2914 1
955 2850 1132 2901 τωοινθεσεῶ
1153 2848 1351 2916 conpositionis
1373 2849 1411 2902 M

213 2937 245 2985 13
264 2928 376 2999 parurn]
396 2945 451 2983 non
471 2929 508 2982 M

186 3111 1276 3123 ———-—--—--——-—-——-————-—-——--.--.-—
1289 3113 1298 3117 -
1318 3114 1476 3121 -..ὴ-

176 3234 390 3322 γορεύονται,
412 3234 560 3302 τουτέστι
583 3230 666 3319 πρός
689 3259 728 3300 τι.
775 3237 865 3300 ἔστιν
887 3231 943 3299 καὶ
971 3228 1070 3318 ὅμοια
1160 3233 1307 3300 τουτέστι
1334 3230 1419 3318 πρός
1447 3261 1479 3302 τι

176 3340 257 3409 κατά
280 3367 356 3407 τινα
378 3336 507 3426 τρόπον
530 3340 751 3426 προσέχοντα,
775 3336 819 3419 ὦς
841 3336 878 3407 τὸ
903 3336 1011 3420 δεξιός
1033 3333 1214 3424 ἄριστερός.

255 3445 373 3514 Ἔστιν
387 3449 424 3516 τέ
436 3474 512 3515 τινα
531 3443 708 3532 ὁμώνυμα,
731 3441 752 3512 ἃ
776 3449 835 3536 μιᾷ
858 3449 1065 3534 προσηγορίᾳ
1083 3450 1220 3513 πλείονα
1240 3451 1410 3533 σημαίνει,
1434 3445 1481 3527 ὡς

176 3554 213 3624 τὸ
238 3559 375 3640 ἔγγονος
397 3552 495 3634 τάξις.
532 3557 686 3637 σημαίνει
705 3550 768 3638 γοίρ
835 3554 890 3619 καί
914 3550 1102 3639 ὡρισμένον
1124 3560 1318 3639 συγγενείας
1340 3552 1481 3640 βαθμὸν

176 3662 231 3731 καὶ
254 3658 456 3747 πραγμάτων
474 3657 646 3749 μαμμςόων
668 3661 872 3745 καταφαγεῖν.
919 3655 1041 3746 ὁμοίως
1059 3657 1097 3725 τὸ
1117 3668 1195 3726 acies
1214 3661 1268 3727 καὶ
1288 3659 1481 3747 ὀφθαλμῶν
1508 3682 1522 3722 s

178 3773 306 3856 λέγεται
324 3768 379 3836 καὶ
398 3766 541 3854 σιδήρου
559 3767 614 3833 καί
633 3767 867 3854 στρατοπέδου.
900 3764 975 3833 τινοί
991 3768 1058 3834 ἐστι
1074 3765 1269 3854 συνώνυμα,
1293 3764 1482 3836 ἃπίείοσιν

178 3884 308 3956 λαλιαῖς
330 3872 367 3943 τὸ
391 3870 472 3942 αὐτὸ
497 3879 650 3959 σημαίνει
719 3869 824 3941 ,τινὰ
849 3872 886 3940 δὲ
908 3874 1010 3960 μέσης
1034 3872 1222 3961 δυνάμεως,
1246 3871 1266 3940 ll
1290 3872 1350 3961 τὴν
1374 3894 1480 3961 σημα-

178 3991 255 4054 σίαν
287 3979 351 4050 ἀπὸ
384 3985 451 4048 τῶν
480 3983 750 4069 συνεζευγμένων
782 3979 1023 4067 λαμβάνουσιν,
1055 3977 1100 4060 ὡς
1131 3978 1168 4048 τό
1201 3983 1301 4067 μέγας
1334 3980 1482 4066 ἰσχυρός.

178 4096 281 4161 ταῦτα
308 4087 372 4177 γὰρ
400 4086 480 4156 καθ’
512 4085 611 4155 ἑαυτὰ
644 4085 769 4156 οὐδένα
801 4092 935 4173 ἔχουσιν
968 4090 1053 4154 νοῦν
1084 4088 1139 4154 καὶ
1172 4085 1228 4154 διὰ
1259 4090 1356 4153 τοῦτο
1389 4088 1482 4173 παροί

178 4226 283 4269 τινων
306 4200 497 4283 προσθῆκαι
520 4197 686 4283 λέγονται,
710 4191 754 4274 ὦς
776 4192 814 4262 τὸ
834 4196 934 4279 μέγας
957 4191 1061 4280 ἀνήρ,
1085 4191 1220 4280 ἰσχυρὸς
1242 4192 1388 4278 στρατός.
1498 4219 1525 4257 ιο

272 4311 348 4385 Τοῖς
367 4302 529 4390 ὀνόμασιν
554 4307 798 4389 συμβαίνουσιν
822 4302 876 4369 καὶ
901 4307 1096 4387 συγκρίσεις.
1141 4301 1269 4386 βαθμοὶ
1297 4304 1481 4383 τοιγαροῦν

179 4417 246 4482 τῶν
262 4409 468 4498 συγκρίσεων
483 4414 568 4478 εἰσιν
582 4423 683 4496 τρεῖς,
701 4405 865 4487 οίπόίυτος
934 4406 1143 4496 σνγιιριτικός
1209 4404 1427 4492 ὑπερθετιιιός
1475 4463 1482 4475 .

179 4518 219 4587 τὰ
243 4517 392 4605 ὀνόματα
414 4522 472 4604 τῆς
491 4522 693 4603 συγκρίσεως
716 4517 914 4583 ἐπιτέθειται
935 4513 976 4582 οὐ
994 4521 1124 4601 κυρίως.
1161 4515 1213 4580 καὶ
1235 4510 1353 4598 γὰρτὸ
1373 4519 1483 4583 doctus

270 4703 434 4765 4ευγενιας
488 4692 610 4764 8μέγας
628 4688 802 4763 ίσχυρόςυιιι.
858 4699 890 4746 10
905 4688 989 4755 οἱς-
1006 4690 1121 4761 στρατός
1134 4708 1183 4745 om.
1248 4698 1277 4744 11
1294 4693 1483 4761 συμβαινοοιυ

181 4798 230 4833 ιιαι
248 4795 381 4846 σινιιριοις
468 4782 500 4829 12
520 4775 574 4828 τῶν
594 4773 777 4844 συγκρίσεων]
797 4774 973 4828 τωοινθεοεῶ
1060 4767 1211 4843 ἆπόίντος]
1231 4791 1372 4834 αποκυτος

184 4864 216 4914 13
236 4876 283 4925 της
302 4874 469 4925 οινιιρυοεως
