<?xml version="1.0" encoding="UTF-8"?>
<!DOCTYPE html PUBLIC "-//W3C//DTD XHTML 1.0 Transitional//EN"
    "http://www.w3.org/TR/xhtml1/DTD/xhtml1-transitional.dtd">
<html xmlns="http://www.w3.org/1999/xhtml" xml:lang="en" lang="en">
 <head>
  <title>
</title>
<meta http-equiv="Content-Type" content="text/html;charset=utf-8" />
  <meta name='ocr-system' content='tesseract 3.04.00' />
  <meta name='ocr-capabilities' content='ocr_page ocr_carea ocr_par ocr_line ocrx_word'/>
</head>
<body>
  <div class='ocr_page' id='page_1' title='image "./grammaticilatin00keilgoog/grammaticilatin00keilgoog_0377.png"; bbox 0 0 3316 5474; ppageno 0'>
   <div class='ocr_carea' id='block_1_1' title="bbox 232 361 962 510">
    <p class='ocr_par' dir='ltr' id='par_1_1' title="bbox 232 361 962 510">
     <span class='ocr_line' id='line_1_1' title="bbox 234 361 962 426; baseline -0.015 0"><span class='ocrx_word' id='word_1_1' title='bbox 234 361 299 426; x_wconf 82' lang='lat'><strong>358</strong></span> <span class='ocrx_word' id='word_1_2' title='bbox 804 361 962 417; x_wconf 76' lang='lat' dir='ltr'><strong>avenule</strong></span> 
     </span>
     <span class='ocr_line' id='line_1_2' title="bbox 232 462 386 510; baseline 0 -8"><span class='ocrx_word' id='word_1_3' title='bbox 232 462 386 510; x_wconf 61' lang='lat' dir='ltr'><strong>amum</strong></span> 
     </span>
    </p>
   </div>
   <div class='ocr_carea' id='block_1_2' title="bbox 230 545 1580 2773">
    <p class='ocr_par' dir='ltr' id='par_1_2' title="bbox 231 545 1538 952">
     <span class='ocr_line' id='line_1_3' title="bbox 232 545 1538 627; baseline -0.001 -20"><span class='ocrx_word' id='word_1_4' title='bbox 232 548 378 627; x_wconf 92' lang='lat' dir='ltr'><strong>incipiens</strong></span> <span class='ocrx_word' id='word_1_5' title='bbox 402 550 480 609; x_wconf 92' lang='lat' dir='ltr'><strong>enim</strong></span> <span class='ocrx_word' id='word_1_6' title='bbox 505 546 540 607; x_wconf 93' lang='lat' dir='ltr'><strong>ab</strong></span> <span class='ocrx_word' id='word_1_7' title='bbox 565 554 651 607; x_wconf 92' lang='lat' dir='ltr'><strong>acuto</strong></span> <span class='ocrx_word' id='word_1_8' title='bbox 675 548 705 607; x_wconf 91' lang='lat' dir='ltr'><strong>iu</strong></span> <span class='ocrx_word' id='word_1_9' title='bbox 724 564 843 625; x_wconf 84' lang='lat' dir='ltr'><strong>gravem</strong></span> <span class='ocrx_word' id='word_1_10' title='bbox 862 548 984 608; x_wconf 77' lang='lat' dir='ltr'><strong>desinit:</strong></span> <span class='ocrx_word' id='word_1_11' title='bbox 1007 549 1060 626; x_wconf 86' lang='lat' dir='ltr'><strong>ita,</strong></span> <span class='ocrx_word' id='word_1_12' title='bbox 1085 545 1155 606; x_wconf 91' lang='lat' dir='ltr'><strong>dum</strong></span> <span class='ocrx_word' id='word_1_13' title='bbox 1174 546 1308 607; x_wconf 89' lang='lat' dir='ltr'><strong>ascendit</strong></span> <span class='ocrx_word' id='word_1_14' title='bbox 1326 555 1356 606; x_wconf 92' lang='lat' dir='ltr'><strong>et</strong></span> <span class='ocrx_word' id='word_1_15' title='bbox 1374 545 1538 620; x_wconf 88' lang='lat' dir='ltr'><strong>descendit,</strong></span> 
     </span>
     <span class='ocr_line' id='line_1_4' title="bbox 232 653 1537 734; baseline 0.001 -21"><span class='ocrx_word' id='word_1_16' title='bbox 232 654 442 715; x_wconf 91' lang='lat' dir='ltr'><strong>circumllexus</strong></span> <span class='ocrx_word' id='word_1_17' title='bbox 470 655 607 715; x_wconf 86' lang='lat' dir='ltr'><strong>elboitur.</strong></span> <span class='ocrx_word' id='word_1_18' title='bbox 649 653 761 715; x_wconf 75' lang='lat' dir='ltr'><strong>lentus</strong></span> <span class='ocrx_word' id='word_1_19' title='bbox 791 663 889 716; x_wconf 90' lang='lat' dir='ltr'><strong>autem</strong></span> <span class='ocrx_word' id='word_1_20' title='bbox 918 664 949 715; x_wconf 90' lang='lat' dir='ltr'><strong>et</strong></span> <span class='ocrx_word' id='word_1_21' title='bbox 976 655 1185 715; x_wconf 87' lang='lat' dir='ltr'><strong>circumflexus</strong></span> <span class='ocrx_word' id='word_1_22' title='bbox 1214 653 1325 715; x_wconf 84' lang='lat' dir='ltr'>similes</span> <span class='ocrx_word' id='word_1_23' title='bbox 1354 662 1437 734; x_wconf 86' lang='lat' dir='ltr'><strong>sunt,</strong></span> <span class='ocrx_word' id='word_1_24' title='bbox 1469 671 1537 715; x_wconf 90' lang='lat' dir='ltr'><strong>nam</strong></span> 
     </span>
     <span class='ocr_line' id='line_1_5' title="bbox 233 760 1537 841; baseline 0 -20"><span class='ocrx_word' id='word_1_25' title='bbox 233 768 359 841; x_wconf 90' lang='lat' dir='ltr'><strong>uterque</strong></span> <span class='ocrx_word' id='word_1_26' title='bbox 384 761 461 824; x_wconf 91' lang='lat' dir='ltr'><strong>levat</strong></span> <span class='ocrx_word' id='word_1_27' title='bbox 483 761 623 841; x_wconf 78' lang='lat' dir='ltr'>syllabam</span> <span class='ocrx_word' id='word_1_28' title='bbox 647 810 653 822; x_wconf 96' lang='lat'>.</span> <span class='ocrx_word' id='word_1_29' title='bbox 678 763 774 840; x_wconf 80' lang='lat' dir='ltr'><strong>gravis</strong></span> <span class='ocrx_word' id='word_1_30' title='bbox 798 763 966 823; x_wconf 87' lang='lat' dir='ltr'><strong>contrarius</strong></span> <span class='ocrx_word' id='word_1_31' title='bbox 994 763 1111 824; x_wconf 88' lang='lat' dir='ltr'><strong>videtur</strong></span> <span class='ocrx_word' id='word_1_32' title='bbox 1138 760 1295 823; x_wconf 88' lang='lat' dir='ltr'><strong>ambobus:</strong></span> <span class='ocrx_word' id='word_1_33' title='bbox 1323 780 1389 822; x_wconf 92' lang='lat' dir='ltr'><strong>nam</strong></span> <span class='ocrx_word' id='word_1_34' title='bbox 1418 780 1537 841; x_wconf 79' lang='lat' dir='ltr'><strong>semper</strong></span> 
     </span>
     <span class='ocr_line' id='line_1_6' title="bbox 231 868 1453 952; baseline 0.002 -25"><span class='ocrx_word' id='word_1_35' title='bbox 231 868 370 948; x_wconf 83' lang='lat' dir='ltr'><strong>deprimit</strong></span> <span class='ocrx_word' id='word_1_36' title='bbox 394 868 532 951; x_wconf 78' lang='lat' dir='ltr'>syllabas,</span> <span class='ocrx_word' id='word_1_37' title='bbox 556 888 624 930; x_wconf 91' lang='lat' dir='ltr'><strong>cnm</strong></span> <span class='ocrx_word' id='word_1_38' title='bbox 648 869 689 930; x_wconf 94' lang='lat' dir='ltr'><strong>illi</strong></span> <span class='ocrx_word' id='word_1_39' title='bbox 713 869 819 931; x_wconf 87' lang='lat' dir='ltr'><strong>levent.</strong></span> <span class='ocrx_word' id='word_1_40' title='bbox 860 869 913 930; x_wconf 88' lang='lat' dir='ltr'><strong>Dic</strong></span> <span class='ocrx_word' id='word_1_41' title='bbox 935 871 1040 952; x_wconf 84' lang='lat' dir='ltr'><strong>igitur,</strong></span> <span class='ocrx_word' id='word_1_42' title='bbox 1064 872 1130 950; x_wconf 91' lang='lat' dir='ltr'><strong>quis</strong></span> <span class='ocrx_word' id='word_1_43' title='bbox 1154 868 1206 931; x_wconf 97' lang='lat' dir='ltr'><strong>ubi</strong></span> <span class='ocrx_word' id='word_1_44' title='bbox 1228 868 1384 949; x_wconf 91' lang='lat' dir='ltr'><strong>ponendus</strong></span> <span class='ocrx_word' id='word_1_45' title='bbox 1408 872 1453 930; x_wconf 91' lang='lat' dir='ltr'><strong>sit.</strong></span> 
     </span>
    </p>

    <p class='ocr_par' dir='ltr' id='par_1_3' title="bbox 230 974 1580 2235">
     <span class='ocr_line' id='line_1_7' title="bbox 320 974 1579 1056; baseline 0.002 -20"><span class='ocrx_word' id='word_1_46' title='bbox 320 974 423 1036; x_wconf 91' lang='lat' dir='ltr'><strong>Omnis</strong></span> <span class='ocrx_word' id='word_1_47' title='bbox 451 994 520 1056; x_wconf 91' lang='lat' dir='ltr'><strong>pars</strong></span> <span class='ocrx_word' id='word_1_48' title='bbox 548 978 690 1037; x_wconf 88' lang='lat' dir='ltr'><strong>orationis</strong></span> <span class='ocrx_word' id='word_1_49' title='bbox 723 995 813 1037; x_wconf 92' lang='lat' dir='ltr'><strong>unam</strong></span> <span class='ocrx_word' id='word_1_50' title='bbox 846 976 882 1036; x_wconf 93' lang='lat' dir='ltr'><strong>de</strong></span> <span class='ocrx_word' id='word_1_51' title='bbox 912 975 1049 1056; x_wconf 92' lang='lat' dir='ltr'><strong>pluribus</strong></span> <span class='ocrx_word' id='word_1_52' title='bbox 1077 979 1165 1056; x_wconf 80' lang='lat' dir='ltr'><strong>erigit</strong></span> <span class='ocrx_word' id='word_1_53' title='bbox 1192 976 1330 1056; x_wconf 82' lang='lat' dir='ltr'>syllabam</span> <span class='ocrx_word' id='word_1_54' title='bbox 1361 985 1391 1038; x_wconf 91' lang='lat' dir='ltr'><strong>et</strong></span> <span class='ocrx_word' id='word_1_55' title='bbox 1420 985 1537 1039; x_wconf 84' lang='lat' dir='ltr'><strong>ceteras</strong></span> <span class='ocrx_word' id='word_1_56' title='bbox 1565 990 1579 1030; x_wconf 79' lang='lat'>⁵</span> 
     </span>
     <span class='ocr_line' id='line_1_8' title="bbox 230 1081 1537 1165; baseline 0 -22"><span class='ocrx_word' id='word_1_57' title='bbox 230 1091 331 1164; x_wconf 79' lang='lat' dir='ltr'><strong>gravat</strong></span> <span class='ocrx_word' id='word_1_58' title='bbox 355 1131 362 1145; x_wconf 87' lang='lat'><strong>.</strong></span> <span class='ocrx_word' id='word_1_59' title='bbox 386 1083 464 1163; x_wconf 91' lang='lat' dir='ltr'><strong>quod</strong></span> <span class='ocrx_word' id='word_1_60' title='bbox 493 1085 520 1145; x_wconf 91' lang='lat' dir='ltr'><strong>si</strong></span> <span class='ocrx_word' id='word_1_61' title='bbox 547 1083 745 1165; x_wconf 90' lang='lat' dir='ltr'><strong>monosyllaba</strong></span> <span class='ocrx_word' id='word_1_62' title='bbox 777 1093 824 1145; x_wconf 91' lang='lat' dir='ltr'><strong>est</strong></span> <span class='ocrx_word' id='word_1_63' title='bbox 855 1103 926 1165; x_wconf 89' lang='lat' dir='ltr'><strong>pars</strong></span> <span class='ocrx_word' id='word_1_64' title='bbox 958 1081 1114 1165; x_wconf 86' lang='lat' dir='ltr'><strong>orationis,</strong></span> <span class='ocrx_word' id='word_1_65' title='bbox 1146 1087 1209 1164; x_wconf 91' lang='lat' dir='ltr'><strong>ipsa</strong></span> <span class='ocrx_word' id='word_1_66' title='bbox 1242 1087 1367 1164; x_wconf 85' lang='lat' dir='ltr'><strong>erigitur</strong></span> <span class='ocrx_word' id='word_1_67' title='bbox 1391 1132 1398 1145; x_wconf 89' lang='lat'><strong>.</strong></span> <span class='ocrx_word' id='word_1_68' title='bbox 1422 1086 1453 1144; x_wconf 94' lang='lat' dir='ltr'><strong>in</strong></span> <span class='ocrx_word' id='word_1_69' title='bbox 1481 1083 1537 1143; x_wconf 90' lang='lat' dir='ltr'><strong>bac</strong></span> 
     </span>
     <span class='ocr_line' id='line_1_9' title="bbox 231 1189 1536 1273; baseline -0.001 -22"><span class='ocrx_word' id='word_1_70' title='bbox 231 1193 395 1271; x_wconf 79' lang='lat' dir='ltr'><strong>erectione,</strong></span> <span class='ocrx_word' id='word_1_71' title='bbox 418 1190 447 1251; x_wconf 95' lang='lat' dir='ltr'><strong>id</strong></span> <span class='ocrx_word' id='word_1_72' title='bbox 472 1200 518 1252; x_wconf 92' lang='lat' dir='ltr'><strong>est</strong></span> <span class='ocrx_word' id='word_1_73' title='bbox 540 1192 671 1273; x_wconf 77' lang='lat' dir='ltr'><strong>fastigio,</strong></span> <span class='ocrx_word' id='word_1_74' title='bbox 694 1199 745 1252; x_wconf 92' lang='lat' dir='ltr'><strong>aut</strong></span> <span class='ocrx_word' id='word_1_75' title='bbox 764 1190 973 1252; x_wconf 76' lang='lat' dir='ltr'><strong>circumflexus</strong></span> <span class='ocrx_word' id='word_1_76' title='bbox 991 1193 1112 1271; x_wconf 91' lang='lat' dir='ltr'><strong>ponitur</strong></span> <span class='ocrx_word' id='word_1_77' title='bbox 1132 1200 1183 1252; x_wconf 87' lang='lat' dir='ltr'><strong>aut</strong></span> <span class='ocrx_word' id='word_1_78' title='bbox 1201 1200 1319 1273; x_wconf 80' lang='lat' dir='ltr'><strong>acutus3</strong></span> <span class='ocrx_word' id='word_1_79' title='bbox 1343 1190 1431 1252; x_wconf 89' lang='lat' dir='ltr'><strong>simul</strong></span> <span class='ocrx_word' id='word_1_80' title='bbox 1449 1189 1536 1250; x_wconf 90' lang='lat' dir='ltr'><strong>ambo</strong></span> 
     </span>
     <span class='ocr_line' id='line_1_10' title="bbox 231 1296 1537 1384; baseline -0.001 -27"><span class='ocrx_word' id='word_1_81' title='bbox 231 1300 301 1376; x_wconf 93' lang='lat' dir='ltr'><strong>poni</strong></span> <span class='ocrx_word' id='word_1_82' title='bbox 324 1299 355 1358; x_wconf 90' lang='lat' dir='ltr'><strong>iu</strong></span> <span class='ocrx_word' id='word_1_83' title='bbox 378 1316 436 1358; x_wconf 92' lang='lat' dir='ltr'><strong>nna</strong></span> <span class='ocrx_word' id='word_1_84' title='bbox 455 1300 596 1360; x_wconf 91' lang='lat' dir='ltr'><strong>orationis</strong></span> <span class='ocrx_word' id='word_1_85' title='bbox 615 1307 698 1378; x_wconf 91' lang='lat' dir='ltr'><strong>parte</strong></span> <span class='ocrx_word' id='word_1_86' title='bbox 715 1317 776 1384; x_wconf 88' lang='lat' dir='ltr'><strong>non</strong></span> <span class='ocrx_word' id='word_1_87' title='bbox 797 1306 937 1379; x_wconf 88' lang='lat' dir='ltr'><strong>possunt,</strong></span> <span class='ocrx_word' id='word_1_88' title='bbox 960 1299 1028 1377; x_wconf 93' lang='lat' dir='ltr'><strong>quia</strong></span> <span class='ocrx_word' id='word_1_89' title='bbox 1047 1316 1105 1359; x_wconf 78' lang='lat' dir='ltr'><strong>rina</strong></span> <span class='ocrx_word' id='word_1_90' title='bbox 1124 1306 1254 1380; x_wconf 81' lang='lat' dir='ltr'><strong>tantum,</strong></span> <span class='ocrx_word' id='word_1_91' title='bbox 1277 1306 1310 1359; x_wconf 93' lang='lat' dir='ltr'><strong>ut</strong></span> <span class='ocrx_word' id='word_1_92' title='bbox 1329 1298 1404 1379; x_wconf 88' lang='lat' dir='ltr'><strong>dixi,</strong></span> <span class='ocrx_word' id='word_1_93' title='bbox 1427 1296 1537 1377; x_wconf 80' lang='lat' dir='ltr'>syllaba</span> 
     </span>
     <span class='ocr_line' id='line_1_11' title="bbox 233 1403 1536 1485; baseline -0.002 -20"><span class='ocrx_word' id='word_1_94' title='bbox 233 1407 308 1484; x_wconf 80' lang='lat' dir='ltr'><strong>erigi</strong></span> <span class='ocrx_word' id='word_1_95' title='bbox 331 1414 430 1485; x_wconf 91' lang='lat' dir='ltr'><strong>potest</strong></span> <span class='ocrx_word' id='word_1_96' title='bbox 452 1424 521 1466; x_wconf 92' lang='lat' dir='ltr'><strong>oum</strong></span> <span class='ocrx_word' id='word_1_97' title='bbox 544 1405 617 1466; x_wconf 89' lang='lat' dir='ltr'><strong>aliae</strong></span> <span class='ocrx_word' id='word_1_98' title='bbox 641 1407 701 1466; x_wconf 91' lang='lat' dir='ltr'><strong>sint</strong></span> <span class='ocrx_word' id='word_1_99' title='bbox 724 1414 860 1485; x_wconf 78' lang='lat' dir='ltr'><strong>gravatae</strong></span> <span class='ocrx_word' id='word_1_100' title='bbox 881 1454 887 1466; x_wconf 94' lang='lat'>.</span> <span class='ocrx_word' id='word_1_101' title='bbox 906 1405 973 1466; x_wconf 92' lang='lat' dir='ltr'><strong>ideo</strong></span> <span class='ocrx_word' id='word_1_102' title='bbox 997 1423 1201 1485; x_wconf 87' lang='lat' dir='ltr'><strong>quaecumque</strong></span> <span class='ocrx_word' id='word_1_103' title='bbox 1225 1415 1296 1466; x_wconf 87' lang='lat' dir='ltr'><strong>sunt</strong></span> <span class='ocrx_word' id='word_1_104' title='bbox 1319 1403 1536 1484; x_wconf 87' lang='lat' dir='ltr'><strong>monosyllabae</strong></span> 
     </span>
     <span class='ocr_line' id='line_1_12' title="bbox 231 1511 1579 1593; baseline 0.001 -22"><span class='ocrx_word' id='word_1_105' title='bbox 231 1521 331 1591; x_wconf 87' lang='lat' dir='ltr'><strong>partes</strong></span> <span class='ocrx_word' id='word_1_106' title='bbox 346 1514 502 1593; x_wconf 86' lang='lat' dir='ltr'><strong>orationis,</strong></span> <span class='ocrx_word' id='word_1_107' title='bbox 525 1514 550 1573; x_wconf 92' lang='lat' dir='ltr'><strong>si</strong></span> <span class='ocrx_word' id='word_1_108' title='bbox 565 1512 739 1573; x_wconf 90' lang='lat' dir='ltr'><strong>naturaliter</strong></span> <span class='ocrx_word' id='word_1_109' title='bbox 754 1511 857 1591; x_wconf 78' lang='lat' dir='ltr'><strong>longae</strong></span> <span class='ocrx_word' id='word_1_110' title='bbox 872 1521 956 1592; x_wconf 86' lang='lat' dir='ltr'><strong>sunt,</strong></span> <span class='ocrx_word' id='word_1_111' title='bbox 979 1511 1268 1593; x_wconf 84' lang='lat' dir='ltr'><strong>circumflectuntur,</strong></span> <span class='ocrx_word' id='word_1_112' title='bbox 1293 1521 1326 1572; x_wconf 92' lang='lat' dir='ltr'><strong>ut</strong></span> <span class='ocrx_word' id='word_1_113' title='bbox 1340 1515 1405 1573; x_wconf 87' lang='lat' dir='ltr'><strong>mds</strong></span> <span class='ocrx_word' id='word_1_114' title='bbox 1423 1515 1472 1573; x_wconf 78' lang='lat' dir='ltr'><strong>res</strong></span> <span class='ocrx_word' id='word_1_115' title='bbox 1488 1559 1494 1571; x_wconf 96' lang='lat'>.</span> <span class='ocrx_word' id='word_1_116' title='bbox 1510 1514 1536 1572; x_wconf 93' lang='lat' dir='ltr'><strong>si</strong></span> <span class='ocrx_word' id='word_1_117' title='bbox 1552 1526 1579 1565; x_wconf 77' lang='grc' dir='ltr'><strong>ιο</strong></span> 
     </span>
     <span class='ocr_line' id='line_1_13' title="bbox 233 1616 1535 1701; baseline 0.001 -24"><span class='ocrx_word' id='word_1_118' title='bbox 233 1637 303 1678; x_wconf 87' lang='lat' dir='ltr'><strong>vero</strong></span> <span class='ocrx_word' id='word_1_119' title='bbox 335 1628 385 1679; x_wconf 92' lang='lat' dir='ltr'><strong>ant</strong></span> <span class='ocrx_word' id='word_1_120' title='bbox 418 1616 524 1679; x_wconf 83' lang='lat' dir='ltr'><strong>breves</strong></span> <span class='ocrx_word' id='word_1_121' title='bbox 558 1628 629 1679; x_wconf 87' lang='lat' dir='ltr'><strong>sont</strong></span> <span class='ocrx_word' id='word_1_122' title='bbox 660 1628 712 1679; x_wconf 91' lang='lat' dir='ltr'><strong>aut</strong></span> <span class='ocrx_word' id='word_1_123' title='bbox 748 1620 894 1698; x_wconf 87' lang='lat' dir='ltr'><strong>positione</strong></span> <span class='ocrx_word' id='word_1_124' title='bbox 926 1617 1044 1697; x_wconf 81' lang='lat' dir='ltr'><strong>longae,</strong></span> <span class='ocrx_word' id='word_1_125' title='bbox 1076 1626 1110 1678; x_wconf 92' lang='lat' dir='ltr'><strong>ut</strong></span> <span class='ocrx_word' id='word_1_126' title='bbox 1142 1621 1209 1697; x_wconf 93' lang='lat' dir='ltr'><strong>quis</strong></span> <span class='ocrx_word' id='word_1_127' title='bbox 1242 1638 1311 1698; x_wconf 87' lang='lat' dir='ltr'><strong>pars</strong></span> <span class='ocrx_word' id='word_1_128' title='bbox 1344 1638 1416 1701; x_wconf 76' lang='lat' dir='ltr'><strong>nox,</strong></span> <span class='ocrx_word' id='word_1_129' title='bbox 1448 1627 1535 1679; x_wconf 89' lang='lat' dir='ltr'><strong>acuto</strong></span> 
     </span>
     <span class='ocr_line' id='line_1_14' title="bbox 232 1724 1536 1808; baseline 0.002 -24"><span class='ocrx_word' id='word_1_130' title='bbox 232 1726 396 1786; x_wconf 88' lang='lat' dir='ltr'><strong>ellcruntur</strong></span> <span class='ocrx_word' id='word_1_131' title='bbox 420 1735 552 1787; x_wconf 91' lang='lat' dir='ltr'><strong>accentu.</strong></span> <span class='ocrx_word' id='word_1_132' title='bbox 598 1725 651 1786; x_wconf 85' lang='lat' dir='ltr'><strong>llic</strong></span> <span class='ocrx_word' id='word_1_133' title='bbox 674 1744 760 1808; x_wconf 82' lang='lat' dir='ltr'><strong>ergo,</strong></span> <span class='ocrx_word' id='word_1_134' title='bbox 783 1745 838 1786; x_wconf 91' lang='lat' dir='ltr'><strong>cur</strong></span> <span class='ocrx_word' id='word_1_135' title='bbox 857 1724 1073 1805; x_wconf 86' lang='lat' dir='ltr'><strong>monosyllabae</strong></span> <span class='ocrx_word' id='word_1_136' title='bbox 1092 1726 1266 1787; x_wconf 85' lang='lat' dir='ltr'><strong>naturaliter</strong></span> <span class='ocrx_word' id='word_1_137' title='bbox 1285 1727 1389 1805; x_wconf 81' lang='lat' dir='ltr'><strong>longae</strong></span> <span class='ocrx_word' id='word_1_138' title='bbox 1408 1729 1536 1787; x_wconf 88' lang='lat' dir='ltr'><strong>circum-</strong></span> 
     </span>
     <span class='ocr_line' id='line_1_15' title="bbox 232 1832 1537 1916; baseline 0 -24"><span class='ocrx_word' id='word_1_139' title='bbox 232 1832 390 1894; x_wconf 93' lang='lat' dir='ltr'><strong>llectantur</strong></span> <span class='ocrx_word' id='word_1_140' title='bbox 409 1880 416 1893; x_wconf 92' lang='lat'>.</span> <span class='ocrx_word' id='word_1_141' title='bbox 436 1832 616 1894; x_wconf 89' lang='lat' dir='ltr'><strong>Naturaliter</strong></span> <span class='ocrx_word' id='word_1_142' title='bbox 639 1832 742 1912; x_wconf 87' lang='lat' dir='ltr'><strong>longae</strong></span> <span class='ocrx_word' id='word_1_143' title='bbox 766 1833 833 1894; x_wconf 91' lang='lat' dir='ltr'><strong>ideo</strong></span> <span class='ocrx_word' id='word_1_144' title='bbox 853 1833 1142 1916; x_wconf 76' lang='lat' dir='ltr'><strong>circumflectuntur,</strong></span> <span class='ocrx_word' id='word_1_145' title='bbox 1166 1836 1233 1914; x_wconf 93' lang='lat' dir='ltr'><strong>quia</strong></span> <span class='ocrx_word' id='word_1_146' title='bbox 1257 1833 1367 1913; x_wconf 81' lang='lat' dir='ltr'><strong>duplici</strong></span> <span class='ocrx_word' id='word_1_147' title='bbox 1391 1835 1537 1914; x_wconf 83' lang='lat' dir='ltr'><strong>accentui,</strong></span> 
     </span>
     <span class='ocr_line' id='line_1_16' title="bbox 230 1938 1536 2021; baseline 0.002 -23"><span class='ocrx_word' id='word_1_148' title='bbox 230 1939 260 1999; x_wconf 93' lang='lat' dir='ltr'><strong>id</strong></span> <span class='ocrx_word' id='word_1_149' title='bbox 290 1948 335 2002; x_wconf 83' lang='lat' dir='ltr'><strong>est</strong></span> <span class='ocrx_word' id='word_1_150' title='bbox 359 1938 364 2014; x_wconf 93' lang='grc'>1</span> <span class='ocrx_word' id='word_1_151' title='bbox 390 1939 593 2019; x_wconf 87' lang='lat' dir='ltr'><strong>circumllexo,</strong></span> <span class='ocrx_word' id='word_1_152' title='bbox 621 1959 732 2001; x_wconf 95' lang='lat' dir='ltr'><strong>moram</strong></span> <span class='ocrx_word' id='word_1_153' title='bbox 756 1938 914 2021; x_wconf 84' lang='lat' dir='ltr'><strong>praebent3</strong></span> <span class='ocrx_word' id='word_1_154' title='bbox 942 1939 1048 2001; x_wconf 88' lang='lat' dir='ltr'><strong>breves</strong></span> <span class='ocrx_word' id='word_1_155' title='bbox 1071 1948 1169 2001; x_wconf 90' lang='lat' dir='ltr'><strong>autem</strong></span> <span class='ocrx_word' id='word_1_156' title='bbox 1192 1939 1238 2000; x_wconf 90' lang='lat' dir='ltr'><strong>vel</strong></span> <span class='ocrx_word' id='word_1_157' title='bbox 1260 1942 1407 2021; x_wconf 87' lang='lat' dir='ltr'><strong>positione</strong></span> <span class='ocrx_word' id='word_1_158' title='bbox 1431 1940 1536 2019; x_wconf 82' lang='lat' dir='ltr'><strong>longae</strong></span> 
     </span>
     <span class='ocr_line' id='line_1_17' title="bbox 230 2045 1580 2129; baseline 0.001 -24"><span class='ocrx_word' id='word_1_159' title='bbox 230 2047 343 2107; x_wconf 91' lang='lat' dir='ltr'><strong>idcirco</strong></span> <span class='ocrx_word' id='word_1_160' title='bbox 366 2057 532 2129; x_wconf 89' lang='lat' dir='ltr'><strong>acuuntur,</strong></span> <span class='ocrx_word' id='word_1_161' title='bbox 556 2049 624 2127; x_wconf 92' lang='lat' dir='ltr'><strong>quia</strong></span> <span class='ocrx_word' id='word_1_162' title='bbox 644 2055 748 2108; x_wconf 90' lang='lat' dir='ltr'><strong>acutus</strong></span> <span class='ocrx_word' id='word_1_163' title='bbox 767 2048 891 2128; x_wconf 84' lang='lat' dir='ltr'><strong>simplex</strong></span> <span class='ocrx_word' id='word_1_164' title='bbox 910 2057 1051 2110; x_wconf 91' lang='lat' dir='ltr'><strong>accentus</strong></span> <span class='ocrx_word' id='word_1_165' title='bbox 1070 2057 1129 2129; x_wconf 89' lang='lat' dir='ltr'><strong>est,</strong></span> <span class='ocrx_word' id='word_1_166' title='bbox 1152 2067 1186 2109; x_wconf 92' lang='lat' dir='ltr'><strong>ac</strong></span> <span class='ocrx_word' id='word_1_167' title='bbox 1198 2066 1259 2128; x_wconf 89' lang='lat' dir='ltr'><strong>per</strong></span> <span class='ocrx_word' id='word_1_168' title='bbox 1277 2045 1334 2107; x_wconf 93' lang='lat' dir='ltr'><strong>hoc</strong></span> <span class='ocrx_word' id='word_1_169' title='bbox 1353 2054 1509 2126; x_wconf 92' lang='lat' dir='ltr'><strong>correptus</strong></span> <span class='ocrx_word' id='word_1_170' title='bbox 1529 2062 1580 2107; x_wconf 77' lang='lat'><strong>.15</strong></span> 
     </span>
     <span class='ocr_line' id='line_1_18' title="bbox 231 2136 1071 2235; baseline 0.005 -23"><span class='ocrx_word' id='word_1_171' title='bbox 231 2153 298 2214; x_wconf 90' lang='lat' dir='ltr'><strong>ideo</strong></span> <span class='ocrx_word' id='word_1_172' title='bbox 322 2152 462 2216; x_wconf 87' lang='lat' dir='ltr'><strong>brevibus</strong></span> <span class='ocrx_word' id='word_1_173' title='bbox 486 2139 604 2234; x_wconf 88' lang='lat' dir='ltr'>syllabis</span> <span class='ocrx_word' id='word_1_174' title='bbox 627 2158 794 2235; x_wconf 89' lang='lat' dir='ltr'><strong>correptior</strong></span> <span class='ocrx_word' id='word_1_175' title='bbox 818 2157 963 2216; x_wconf 81' lang='lat' dir='ltr'><strong>corruenit.</strong></span> <span class='ocrx_word' id='word_1_176' title='bbox 1067 2136 1071 2145; x_wconf 62' lang='grc'><strong>’</strong></span> 
     </span>
    </p>

    <p class='ocr_par' dir='ltr' id='par_1_4' title="bbox 231 2258 1578 2773">
     <span class='ocr_line' id='line_1_19' title="bbox 325 2258 1536 2342; baseline -0.001 -21"><span class='ocrx_word' id='word_1_177' title='bbox 325 2260 402 2331; x_wconf 87' lang='lat' dir='ltr'><strong>Quid</strong></span> <span class='ocrx_word' id='word_1_178' title='bbox 421 2263 452 2321; x_wconf 94' lang='lat' dir='ltr'><strong>in</strong></span> <span class='ocrx_word' id='word_1_179' title='bbox 471 2258 642 2341; x_wconf 83' lang='lat' dir='ltr'><strong>disyllabis?</strong></span> <span class='ocrx_word' id='word_1_180' title='bbox 665 2262 698 2322; x_wconf 94' lang='lat' dir='ltr'><strong>ln</strong></span> <span class='ocrx_word' id='word_1_181' title='bbox 717 2262 831 2322; x_wconf 87' lang='lat' dir='ltr'><strong>duabus</strong></span> <span class='ocrx_word' id='word_1_182' title='bbox 851 2260 968 2342; x_wconf 86' lang='lat' dir='ltr'>syllabis</span> <span class='ocrx_word' id='word_1_183' title='bbox 987 2261 1017 2322; x_wconf 93' lang='lat' dir='ltr'><strong>id</strong></span> <span class='ocrx_word' id='word_1_184' title='bbox 1036 2262 1198 2323; x_wconf 90' lang='lat' dir='ltr'><strong>notandum</strong></span> <span class='ocrx_word' id='word_1_185' title='bbox 1218 2269 1275 2342; x_wconf 86' lang='lat' dir='ltr'><strong>est,</strong></span> <span class='ocrx_word' id='word_1_186' title='bbox 1299 2259 1378 2340; x_wconf 90' lang='lat' dir='ltr'><strong>quod</strong></span> <span class='ocrx_word' id='word_1_187' title='bbox 1397 2263 1427 2320; x_wconf 93' lang='lat' dir='ltr'><strong>in</strong></span> <span class='ocrx_word' id='word_1_188' title='bbox 1447 2259 1536 2321; x_wconf 89' lang='lat' dir='ltr'><strong>latina</strong></span> 
     </span>
     <span class='ocr_line' id='line_1_20' title="bbox 231 2367 1536 2450; baseline 0 -23"><span class='ocrx_word' id='word_1_189' title='bbox 231 2367 330 2446; x_wconf 81' lang='lat' dir='ltr'><strong>lingua</strong></span> <span class='ocrx_word' id='word_1_190' title='bbox 354 2387 514 2448; x_wconf 89' lang='lat' dir='ltr'><strong>numquam</strong></span> <span class='ocrx_word' id='word_1_191' title='bbox 537 2370 686 2450; x_wconf 87' lang='lat' dir='ltr'><strong>posterior</strong></span> <span class='ocrx_word' id='word_1_192' title='bbox 709 2368 823 2429; x_wconf 87' lang='lat' dir='ltr'><strong>levatur</strong></span> <span class='ocrx_word' id='word_1_193' title='bbox 841 2388 849 2430; x_wconf 74' lang='grc' dir='ltr'><strong>ε</strong></span> <span class='ocrx_word' id='word_1_194' title='bbox 868 2368 925 2429; x_wconf 92' lang='lat' dir='ltr'><strong>boo</strong></span> <span class='ocrx_word' id='word_1_195' title='bbox 948 2370 1027 2430; x_wconf 92' lang='lat' dir='ltr'><strong>enim</strong></span> <span class='ocrx_word' id='word_1_196' title='bbox 1047 2369 1152 2430; x_wconf 86' lang='lat' dir='ltr'><strong>Graeci</strong></span> <span class='ocrx_word' id='word_1_197' title='bbox 1175 2375 1408 2449; x_wconf 86' lang='lat' dir='ltr'><strong>occupaverunt,</strong></span> <span class='ocrx_word' id='word_1_198' title='bbox 1431 2376 1465 2427; x_wconf 92' lang='lat' dir='ltr'><strong>nt</strong></span> <span class='ocrx_word' id='word_1_199' title='bbox 1484 2368 1536 2427; x_wconf 80' lang='lat' dir='ltr'><strong>adr</strong></span> 
     </span>
     <span class='ocr_line' id='line_1_21' title="bbox 231 2465 1535 2556; baseline -0.001 -22"><span class='ocrx_word' id='word_1_200' title='bbox 231 2475 335 2536; x_wconf 84' lang='lat' dir='ltr'><strong>aetlie&#39;r</strong></span> <span class='ocrx_word' id='word_1_201' title='bbox 359 2474 499 2556; x_wconf 90' lang='lat' dir='ltr'><strong>[diptota]</strong></span> <span class='ocrx_word' id='word_1_202' title='bbox 524 2485 554 2537; x_wconf 92' lang='lat' dir='ltr'><strong>et</strong></span> <span class='ocrx_word' id='word_1_203' title='bbox 577 2476 623 2536; x_wconf 93' lang='lat' dir='ltr'><strong>bis</strong></span> <span class='ocrx_word' id='word_1_204' title='bbox 646 2474 751 2535; x_wconf 89' lang='lat' dir='ltr'><strong>similia</strong></span> <span class='ocrx_word' id='word_1_205' title='bbox 772 2495 780 2536; x_wconf 92' lang='lat'>:</span> <span class='ocrx_word' id='word_1_206' title='bbox 799 2477 881 2555; x_wconf 87' lang='lat' dir='ltr'><strong>prior</strong></span> <span class='ocrx_word' id='word_1_207' title='bbox 905 2477 983 2536; x_wconf 93' lang='lat' dir='ltr'><strong>enim</strong></span> <span class='ocrx_word' id='word_1_208' title='bbox 1002 2465 1033 2536; x_wconf 90' lang='lat' dir='ltr'><strong>in</strong></span> <span class='ocrx_word' id='word_1_209' title='bbox 1052 2475 1140 2537; x_wconf 93' lang='lat' dir='ltr'><strong>latina</strong></span> <span class='ocrx_word' id='word_1_210' title='bbox 1159 2476 1257 2555; x_wconf 80' lang='lat' dir='ltr'><strong>lingua</strong></span> <span class='ocrx_word' id='word_1_211' title='bbox 1277 2493 1395 2554; x_wconf 88' lang='lat' dir='ltr'><strong>semper</strong></span> <span class='ocrx_word' id='word_1_212' title='bbox 1413 2473 1535 2534; x_wconf 89' lang='lat' dir='ltr'><strong>levanda</strong></span> 
     </span>
     <span class='ocr_line' id='line_1_22' title="bbox 232 2574 1578 2664; baseline 0 -21"><span class='ocrx_word' id='word_1_213' title='bbox 232 2591 278 2643; x_wconf 90' lang='lat' dir='ltr'><strong>est</strong></span> <span class='ocrx_word' id='word_1_214' title='bbox 296 2630 303 2644; x_wconf 93' lang='lat'><strong>.</strong></span> <span class='ocrx_word' id='word_1_215' title='bbox 323 2582 449 2644; x_wconf 89' lang='lat' dir='ltr'><strong>duarum</strong></span> <span class='ocrx_word' id='word_1_216' title='bbox 471 2585 563 2662; x_wconf 83' lang='lat' dir='ltr'><strong>igitur</strong></span> <span class='ocrx_word' id='word_1_217' title='bbox 585 2586 667 2664; x_wconf 92' lang='lat' dir='ltr'><strong>prior</strong></span> <span class='ocrx_word' id='word_1_218' title='bbox 692 2586 716 2643; x_wconf 90' lang='lat' dir='ltr'><strong>si</strong></span> <span class='ocrx_word' id='word_1_219' title='bbox 741 2583 914 2644; x_wconf 89' lang='lat' dir='ltr'><strong>naturaliter</strong></span> <span class='ocrx_word' id='word_1_220' title='bbox 932 2583 1019 2664; x_wconf 82' lang='lat' dir='ltr'><strong>longa</strong></span> <span class='ocrx_word' id='word_1_221' title='bbox 1038 2593 1084 2646; x_wconf 90' lang='lat' dir='ltr'><strong>est</strong></span> <span class='ocrx_word' id='word_1_222' title='bbox 1103 2574 1132 2646; x_wconf 86' lang='lat' dir='ltr'><strong>et</strong></span> <span class='ocrx_word' id='word_1_223' title='bbox 1150 2585 1298 2664; x_wconf 89' lang='lat' dir='ltr'><strong>posterior</strong></span> <span class='ocrx_word' id='word_1_224' title='bbox 1317 2582 1429 2664; x_wconf 82' lang='lat' dir='ltr'><strong>brevis,</strong></span> <span class='ocrx_word' id='word_1_225' title='bbox 1452 2584 1535 2662; x_wconf 89' lang='lat' dir='ltr'><strong>prior</strong></span> <span class='ocrx_word' id='word_1_226' title='bbox 1551 2597 1578 2634; x_wconf 79' lang='lat'><strong>20</strong></span> 
     </span>
     <span class='ocr_line' id='line_1_23' title="bbox 231 2689 1538 2773; baseline -0.002 -22"><span class='ocrx_word' id='word_1_227' title='bbox 231 2691 514 2752; x_wconf 77' lang='lat' dir='ltr'><strong>circumflectetur.</strong></span> <span class='ocrx_word' id='word_1_228' title='bbox 538 2691 678 2771; x_wconf 93' lang='lat' dir='ltr'><strong>quicquid</strong></span> <span class='ocrx_word' id='word_1_229' title='bbox 703 2691 781 2751; x_wconf 92' lang='lat' dir='ltr'><strong>aliud</strong></span> <span class='ocrx_word' id='word_1_230' title='bbox 805 2691 909 2773; x_wconf 78' lang='lat' dir='ltr'><strong>inerit,</strong></span> <span class='ocrx_word' id='word_1_231' title='bbox 937 2694 1019 2771; x_wconf 94' lang='lat' dir='ltr'><strong>prior</strong></span> <span class='ocrx_word' id='word_1_232' title='bbox 1043 2710 1161 2772; x_wconf 90' lang='lat' dir='ltr'><strong>semper</strong></span> <span class='ocrx_word' id='word_1_233' title='bbox 1188 2699 1325 2772; x_wconf 86' lang='lat' dir='ltr'><strong>acuetur,</strong></span> <span class='ocrx_word' id='word_1_234' title='bbox 1354 2689 1383 2750; x_wconf 92' lang='lat' dir='ltr'><strong>id</strong></span> <span class='ocrx_word' id='word_1_235' title='bbox 1412 2698 1459 2750; x_wconf 92' lang='lat' dir='ltr'><strong>est</strong></span> <span class='ocrx_word' id='word_1_236' title='bbox 1485 2698 1538 2750; x_wconf 90' lang='lat' dir='ltr'><strong>aut</strong></span> 
     </span>
    </p>
   </div>
   <div class='ocr_carea' id='block_1_3' title="bbox 231 2796 1579 3309">
    <p class='ocr_par' dir='ltr' id='par_1_5' title="bbox 231 2796 1579 3309">
     <span class='ocr_line' id='line_1_24' title="bbox 232 2796 1537 2880; baseline -0.002 -21"><span class='ocrx_word' id='word_1_237' title='bbox 232 2797 333 2859; x_wconf 91' lang='lat' dir='ltr'><strong>ambae</strong></span> <span class='ocrx_word' id='word_1_238' title='bbox 353 2798 528 2859; x_wconf 90' lang='lat' dir='ltr'><strong>naturaliter</strong></span> <span class='ocrx_word' id='word_1_239' title='bbox 551 2798 654 2879; x_wconf 82' lang='lat' dir='ltr'><strong>longae</strong></span> <span class='ocrx_word' id='word_1_240' title='bbox 679 2807 729 2860; x_wconf 92' lang='lat' dir='ltr'><strong>aut</strong></span> <span class='ocrx_word' id='word_1_241' title='bbox 752 2800 913 2880; x_wconf 86' lang='lat' dir='ltr'><strong>positione,</strong></span> <span class='ocrx_word' id='word_1_242' title='bbox 936 2809 987 2860; x_wconf 87' lang='lat' dir='ltr'><strong>aut</strong></span> <span class='ocrx_word' id='word_1_243' title='bbox 1005 2798 1106 2861; x_wconf 91' lang='lat' dir='ltr'><strong>ambae</strong></span> <span class='ocrx_word' id='word_1_244' title='bbox 1125 2797 1244 2879; x_wconf 84' lang='lat' dir='ltr'><strong>breves,</strong></span> <span class='ocrx_word' id='word_1_245' title='bbox 1267 2807 1318 2858; x_wconf 92' lang='lat' dir='ltr'><strong>aut</strong></span> <span class='ocrx_word' id='word_1_246' title='bbox 1336 2799 1418 2877; x_wconf 88' lang='lat' dir='ltr'><strong>prior</strong></span> <span class='ocrx_word' id='word_1_247' title='bbox 1437 2796 1537 2858; x_wconf 82' lang='lat' dir='ltr'><strong>brevis</strong></span> 
     </span>
     <span class='ocr_line' id='line_1_25' title="bbox 232 2903 1536 2987; baseline -0.002 -21"><span class='ocrx_word' id='word_1_248' title='bbox 232 2914 262 2967; x_wconf 89' lang='lat' dir='ltr'><strong>et</strong></span> <span class='ocrx_word' id='word_1_249' title='bbox 284 2908 433 2986; x_wconf 86' lang='lat' dir='ltr'><strong>posterior</strong></span> <span class='ocrx_word' id='word_1_250' title='bbox 456 2905 542 2984; x_wconf 84' lang='lat' dir='ltr'><strong>longa</strong></span> <span class='ocrx_word' id='word_1_251' title='bbox 567 2954 573 2967; x_wconf 94' lang='lat'>.</span> <span class='ocrx_word' id='word_1_252' title='bbox 598 2906 806 2967; x_wconf 82' lang='lat' dir='ltr'><strong>circumflexus</strong></span> <span class='ocrx_word' id='word_1_253' title='bbox 829 2924 900 2985; x_wconf 84' lang='lat' dir='ltr'><strong>ergo</strong></span> <span class='ocrx_word' id='word_1_254' title='bbox 924 2907 968 2966; x_wconf 92' lang='lat' dir='ltr'><strong>sic</strong></span> <span class='ocrx_word' id='word_1_255' title='bbox 990 2906 1056 2987; x_wconf 86' lang='lat' dir='ltr'><strong>fiet,</strong></span> <span class='ocrx_word' id='word_1_256' title='bbox 1084 2908 1109 2967; x_wconf 94' lang='lat' dir='ltr'><strong>si</strong></span> <span class='ocrx_word' id='word_1_257' title='bbox 1136 2909 1218 2986; x_wconf 89' lang='lat' dir='ltr'><strong>prior</strong></span> <span class='ocrx_word' id='word_1_258' title='bbox 1247 2903 1421 2966; x_wconf 88' lang='lat' dir='ltr'><strong>naturaliter</strong></span> <span class='ocrx_word' id='word_1_259' title='bbox 1450 2904 1536 2984; x_wconf 80' lang='lat' dir='ltr'><strong>longa</strong></span> 
     </span>
     <span class='ocr_line' id='line_1_26' title="bbox 231 3011 1536 3094; baseline -0.001 -21"><span class='ocrx_word' id='word_1_260' title='bbox 231 3015 283 3087; x_wconf 86' lang='lat' dir='ltr'><strong>sit,</strong></span> <span class='ocrx_word' id='word_1_261' title='bbox 310 3015 460 3092; x_wconf 88' lang='lat' dir='ltr'><strong>posterior</strong></span> <span class='ocrx_word' id='word_1_262' title='bbox 489 3011 617 3074; x_wconf 87' lang='lat' dir='ltr'><strong>brevis.</strong></span> <span class='ocrx_word' id='word_1_263' title='bbox 642 3033 708 3076; x_wconf 95' lang='lat' dir='ltr'><strong>nam</strong></span> <span class='ocrx_word' id='word_1_264' title='bbox 739 3016 763 3074; x_wconf 91' lang='lat' dir='ltr'><strong>si</strong></span> <span class='ocrx_word' id='word_1_265' title='bbox 792 3012 894 3074; x_wconf 91' lang='lat' dir='ltr'><strong>ambae</strong></span> <span class='ocrx_word' id='word_1_266' title='bbox 921 3012 1026 3093; x_wconf 85' lang='lat' dir='ltr'><strong>longae</strong></span> <span class='ocrx_word' id='word_1_267' title='bbox 1059 3022 1143 3094; x_wconf 90' lang='lat' dir='ltr'><strong>sunt,</strong></span> <span class='ocrx_word' id='word_1_268' title='bbox 1175 3013 1245 3073; x_wconf 91' lang='lat' dir='ltr'><strong>dum</strong></span> <span class='ocrx_word' id='word_1_269' title='bbox 1273 3011 1308 3073; x_wconf 92' lang='lat' dir='ltr'><strong>ad</strong></span> <span class='ocrx_word' id='word_1_270' title='bbox 1338 3014 1536 3092; x_wconf 87' lang='lat' dir='ltr'><strong>posteriorem</strong></span> 
     </span>
     <span class='ocr_line' id='line_1_27' title="bbox 232 3119 1579 3202; baseline -0.001 -21"><span class='ocrx_word' id='word_1_271' title='bbox 232 3121 347 3201; x_wconf 79' lang='lat' dir='ltr'><strong>longam</strong></span> <span class='ocrx_word' id='word_1_272' title='bbox 366 3119 613 3201; x_wconf 93' lang='lat' dir='ltr'><strong>pronuntiandam</strong></span> <span class='ocrx_word' id='word_1_273' title='bbox 634 3121 820 3202; x_wconf 78' lang='lat' dir='ltr'><strong>festinamus,</strong></span> <span class='ocrx_word' id='word_1_274' title='bbox 844 3121 975 3200; x_wconf 92' lang='lat' dir='ltr'><strong>priorem</strong></span> <span class='ocrx_word' id='word_1_275' title='bbox 994 3121 1083 3180; x_wconf 92' lang='lat' dir='ltr'><strong>citius</strong></span> <span class='ocrx_word' id='word_1_276' title='bbox 1103 3120 1311 3200; x_wconf 90' lang='lat' dir='ltr'><strong>relinquimus:</strong></span> <span class='ocrx_word' id='word_1_277' title='bbox 1334 3122 1373 3180; x_wconf 91' lang='lat' dir='ltr'><strong>ita</strong></span> <span class='ocrx_word' id='word_1_278' title='bbox 1392 3119 1435 3180; x_wconf 95' lang='lat' dir='ltr'><strong>illi</strong></span> <span class='ocrx_word' id='word_1_279' title='bbox 1453 3122 1536 3199; x_wconf 92' lang='lat' dir='ltr'><strong>prior</strong></span> <span class='ocrx_word' id='word_1_280' title='bbox 1551 3134 1579 3172; x_wconf 77' lang='lat'><strong>2⁵</strong></span> 
     </span>
     <span class='ocr_line' id='line_1_28' title="bbox 232 3225 1535 3309; baseline -0.002 -20"><span class='ocrx_word' id='word_1_281' title='bbox 232 3229 406 3290; x_wconf 87' lang='lat' dir='ltr'><strong>naturaliter</strong></span> <span class='ocrx_word' id='word_1_282' title='bbox 438 3227 524 3308; x_wconf 84' lang='lat' dir='ltr'><strong>longa</strong></span> <span class='ocrx_word' id='word_1_283' title='bbox 557 3227 630 3288; x_wconf 91' lang='lat' dir='ltr'><strong>nihil</strong></span> <span class='ocrx_word' id='word_1_284' title='bbox 661 3226 796 3309; x_wconf 77' lang='lat' dir='ltr'><strong>prodest,</strong></span> <span class='ocrx_word' id='word_1_285' title='bbox 828 3225 880 3288; x_wconf 91' lang='lat' dir='ltr'><strong>sed</strong></span> <span class='ocrx_word' id='word_1_286' title='bbox 913 3227 946 3287; x_wconf 91' lang='lat' dir='ltr'><strong>lit</strong></span> <span class='ocrx_word' id='word_1_287' title='bbox 978 3236 1096 3308; x_wconf 87' lang='lat' dir='ltr'><strong>acutus,</strong></span> <span class='ocrx_word' id='word_1_288' title='bbox 1129 3230 1180 3306; x_wconf 93' lang='lat' dir='ltr'><strong>qni</strong></span> <span class='ocrx_word' id='word_1_289' title='bbox 1212 3228 1336 3308; x_wconf 84' lang='lat' dir='ltr'><strong>simplex</strong></span> <span class='ocrx_word' id='word_1_290' title='bbox 1369 3234 1415 3286; x_wconf 92' lang='lat' dir='ltr'><strong>est</strong></span> <span class='ocrx_word' id='word_1_291' title='bbox 1447 3235 1535 3305; x_wconf 91' lang='lat' dir='ltr'><strong>atque</strong></span> 
     </span>
    </p>
   </div>
   <div class='ocr_carea' id='block_1_4' title="bbox 175 3479 1538 4914">
    <p class='ocr_par' dir='ltr' id='par_1_6' title="bbox 321 3479 1536 3550">
     <span class='ocr_line' id='line_1_29' title="bbox 321 3479 1536 3550; baseline 0 -15"><span class='ocrx_word' id='word_1_292' title='bbox 321 3488 335 3535; x_wconf 92' lang='lat'>1</span> <span class='ocrx_word' id='word_1_293' title='bbox 356 3480 459 3536; x_wconf 85' lang='lat' dir='ltr'><strong>desinit</strong></span> <span class='ocrx_word' id='word_1_294' title='bbox 476 3482 503 3534; x_wconf 93' lang='grc' dir='ltr'><em>Β</em></span> <span class='ocrx_word' id='word_1_295' title='bbox 521 3480 629 3535; x_wconf 86' lang='lat' dir='ltr'><strong>desinet</strong></span> <span class='ocrx_word' id='word_1_296' title='bbox 648 3479 678 3534; x_wconf 93' lang='lat' dir='ltr'><strong><em>F</em></strong></span> <span class='ocrx_word' id='word_1_297' title='bbox 695 3480 791 3534; x_wconf 90' lang='lat' dir='ltr'><strong>definit</strong></span> <span class='ocrx_word' id='word_1_298' title='bbox 810 3480 848 3534; x_wconf 88' lang='lat' dir='ltr'><em>M</em></span> <span class='ocrx_word' id='word_1_299' title='bbox 917 3486 933 3534; x_wconf 89' lang='grc'>3</span> <span class='ocrx_word' id='word_1_300' title='bbox 952 3482 1069 3549; x_wconf 89' lang='lat' dir='ltr'><strong>uterque</strong></span> <span class='ocrx_word' id='word_1_301' title='bbox 1087 3480 1165 3536; x_wconf 87' lang='lat' dir='ltr'><strong>leuat</strong></span> <span class='ocrx_word' id='word_1_302' title='bbox 1179 3482 1217 3535; x_wconf 85' lang='lat' dir='ltr'><em>M</em></span> <span class='ocrx_word' id='word_1_303' title='bbox 1221 3479 1252 3534; x_wconf 90' lang='lat' dir='ltr'><strong><em>F</em></strong></span> <span class='ocrx_word' id='word_1_304' title='bbox 1268 3499 1349 3550; x_wconf 90' lang='lat' dir='ltr'><strong>quem</strong></span> <span class='ocrx_word' id='word_1_305' title='bbox 1369 3485 1398 3536; x_wconf 88' lang='lat' dir='ltr'><strong>te</strong></span> <span class='ocrx_word' id='word_1_306' title='bbox 1417 3481 1495 3535; x_wconf 90' lang='lat' dir='ltr'><strong>leuat</strong></span> <span class='ocrx_word' id='word_1_307' title='bbox 1508 3481 1536 3534; x_wconf 91' lang='lat' dir='ltr'><em>B</em></span> 
     </span>
    </p>

    <p class='ocr_par' dir='ltr' id='par_1_7' title="bbox 175 3558 1538 4914">
     <span class='ocr_line' id='line_1_30' title="bbox 268 3558 1537 3630; baseline 0.001 -15"><span class='ocrx_word' id='word_1_308' title='bbox 268 3561 423 3616; x_wconf 87' lang='lat' dir='ltr'><strong>contrarius</strong></span> <span class='ocrx_word' id='word_1_309' title='bbox 443 3567 458 3615; x_wconf 75' lang='lat' dir='ltr'><strong>e</strong></span> <span class='ocrx_word' id='word_1_310' title='bbox 477 3560 589 3615; x_wconf 91' lang='lat' dir='ltr'><strong>uidetur</strong></span> <span class='ocrx_word' id='word_1_311' title='bbox 609 3562 646 3615; x_wconf 91' lang='lat' dir='ltr'><em>M</em></span> <span class='ocrx_word' id='word_1_312' title='bbox 721 3567 738 3614; x_wconf 82' lang='lat'>4</span> <span class='ocrx_word' id='word_1_313' title='bbox 756 3559 800 3614; x_wconf 92' lang='lat' dir='ltr'><strong>illi</strong></span> <span class='ocrx_word' id='word_1_314' title='bbox 822 3559 859 3613; x_wconf 90' lang='lat' dir='ltr'><em>M</em></span> <span class='ocrx_word' id='word_1_315' title='bbox 864 3558 895 3613; x_wconf 89' lang='lat' dir='ltr'><strong><em>F</em></strong></span> <span class='ocrx_word' id='word_1_316' title='bbox 916 3559 974 3614; x_wconf 87' lang='lat' dir='ltr'><strong>illis</strong></span> <span class='ocrx_word' id='word_1_317' title='bbox 996 3560 1024 3614; x_wconf 88' lang='grc' dir='ltr'><em>Β</em></span> <span class='ocrx_word' id='word_1_318' title='bbox 1096 3561 1159 3629; x_wconf 88' lang='lat' dir='ltr'><strong>quis</strong></span> <span class='ocrx_word' id='word_1_319' title='bbox 1182 3562 1230 3616; x_wconf 90' lang='lat' dir='ltr'><strong>ubi</strong></span> <span class='ocrx_word' id='word_1_320' title='bbox 1253 3563 1398 3630; x_wconf 86' lang='lat' dir='ltr'><strong>ponendus</strong></span> <span class='ocrx_word' id='word_1_321' title='bbox 1422 3561 1453 3615; x_wconf 98' lang='lat' dir='ltr'><strong><em>F</em></strong></span> <span class='ocrx_word' id='word_1_322' title='bbox 1473 3561 1537 3630; x_wconf 89' lang='lat' dir='ltr'><strong>quis</strong></span> 
     </span>
     <span class='ocr_line' id='line_1_31' title="bbox 232 3639 1535 3710; baseline 0 -14"><span class='ocrx_word' id='word_1_323' title='bbox 232 3640 444 3709; x_wconf 88' lang='lat' dir='ltr'><strong>ubinponendus</strong></span> <span class='ocrx_word' id='word_1_324' title='bbox 462 3641 490 3694; x_wconf 92' lang='lat' dir='ltr'><strong><em>B</em></strong></span> <span class='ocrx_word' id='word_1_325' title='bbox 518 3640 568 3709; x_wconf 91' lang='lat' dir='ltr'><strong>qui</strong></span> <span class='ocrx_word' id='word_1_326' title='bbox 595 3640 790 3710; x_wconf 86' lang='lat' dir='ltr'><strong>subponendus</strong></span> <span class='ocrx_word' id='word_1_327' title='bbox 811 3640 849 3693; x_wconf 88' lang='lat' dir='ltr'><strong><em>M</em></strong></span> <span class='ocrx_word' id='word_1_328' title='bbox 927 3642 991 3694; x_wconf 79' lang='lat' dir='ltr'><strong>bet</strong></span> <span class='ocrx_word' id='word_1_329' title='bbox 1013 3639 1110 3694; x_wconf 83' lang='lat' dir='ltr'><strong>0th</strong></span> <span class='ocrx_word' id='word_1_330' title='bbox 1189 3640 1297 3695; x_wconf 75' lang='lat' dir='ltr'><strong>beliae</strong></span> <span class='ocrx_word' id='word_1_331' title='bbox 1322 3639 1379 3695; x_wconf 89' lang='lat' dir='ltr'><strong>sint</strong></span> <span class='ocrx_word' id='word_1_332' title='bbox 1401 3643 1535 3709; x_wconf 78' lang='lat' dir='ltr'><strong>grauatae</strong></span> 
     </span>
     <span class='ocr_line' id='line_1_32' title="bbox 231 3718 1537 3791; baseline -0.001 -15"><span class='ocrx_word' id='word_1_333' title='bbox 231 3720 296 3776; x_wconf 91' lang='lat' dir='ltr'><strong>ideo</strong></span> <span class='ocrx_word' id='word_1_334' title='bbox 315 3721 483 3791; x_wconf 88' lang='lat' dir='ltr'><strong>quicumque</strong></span> <span class='ocrx_word' id='word_1_335' title='bbox 503 3718 533 3772; x_wconf 93' lang='lat' dir='ltr'><strong><em>F</em></strong></span> <span class='ocrx_word' id='word_1_336' title='bbox 549 3719 603 3774; x_wconf 87' lang='lat' dir='ltr'><strong>alie</strong></span> <span class='ocrx_word' id='word_1_337' title='bbox 632 3723 696 3774; x_wconf 86' lang='lat' dir='ltr'><strong>sunt</strong></span> <span class='ocrx_word' id='word_1_338' title='bbox 722 3722 838 3790; x_wconf 59' lang='lat' dir='ltr'><strong>manate</strong></span> <span class='ocrx_word' id='word_1_339' title='bbox 865 3720 911 3775; x_wconf 76' lang='lat' dir='ltr'><strong>ide</strong></span> <span class='ocrx_word' id='word_1_340' title='bbox 934 3736 1126 3789; x_wconf 84' lang='lat' dir='ltr'><strong>quaecumque</strong></span> <span class='ocrx_word' id='word_1_341' title='bbox 1144 3721 1172 3773; x_wconf 90' lang='lat' dir='ltr'><em>B</em></span> <span class='ocrx_word' id='word_1_342' title='bbox 1194 3719 1247 3775; x_wconf 88' lang='lat' dir='ltr'><strong>abe</strong></span> <span class='ocrx_word' id='word_1_343' title='bbox 1268 3728 1282 3774; x_wconf 73' lang='lat' dir='ltr'><strong>is</strong></span> <span class='ocrx_word' id='word_1_344' title='bbox 1306 3723 1422 3791; x_wconf 82' lang='lat' dir='ltr'><strong>grauate</strong></span> <span class='ocrx_word' id='word_1_345' title='bbox 1446 3721 1476 3775; x_wconf 93' lang='lat' dir='ltr'><strong>hi</strong></span> <span class='ocrx_word' id='word_1_346' title='bbox 1501 3722 1537 3775; x_wconf 91' lang='lat' dir='ltr'><strong>de</strong></span> 
     </span>
     <span class='ocr_line' id='line_1_33' title="bbox 232 3799 1467 3871; baseline -0.002 -15"><span class='ocrx_word' id='word_1_347' title='bbox 232 3817 406 3871; x_wconf 86' lang='lat' dir='ltr'><strong>quecumque</strong></span> <span class='ocrx_word' id='word_1_348' title='bbox 426 3800 463 3852; x_wconf 92' lang='lat' dir='ltr'><em>M</em></span> <span class='ocrx_word' id='word_1_349' title='bbox 533 3805 566 3854; x_wconf 88' lang='grc'><strong>10</strong></span> <span class='ocrx_word' id='word_1_350' title='bbox 584 3802 649 3854; x_wconf 89' lang='lat' dir='ltr'><strong>sunt</strong></span> <span class='ocrx_word' id='word_1_351' title='bbox 667 3800 921 3855; x_wconf 89' lang='lat' dir='ltr'><strong>circumflectuntur</strong></span> <span class='ocrx_word' id='word_1_352' title='bbox 940 3799 971 3853; x_wconf 97' lang='lat' dir='ltr'><strong><em>F</em></strong></span> <span class='ocrx_word' id='word_1_353' title='bbox 986 3802 1051 3854; x_wconf 89' lang='lat' dir='ltr'><strong>sunt</strong></span> <span class='ocrx_word' id='word_1_354' title='bbox 1073 3801 1103 3854; x_wconf 89' lang='lat' dir='ltr'><strong>et</strong></span> <span class='ocrx_word' id='word_1_355' title='bbox 1125 3799 1377 3856; x_wconf 85' lang='lat' dir='ltr'><strong>circumflectuntur</strong></span> <span class='ocrx_word' id='word_1_356' title='bbox 1396 3801 1467 3854; x_wconf 91' lang='grc' dir='ltr'><strong>ΒΜ</strong></span> 
     </span>
     <span class='ocr_line' id='line_1_34' title="bbox 232 3880 1537 3949; baseline -0.003 -11"><span class='ocrx_word' id='word_1_357' title='bbox 232 3901 292 3938; x_wconf 88' lang='lat' dir='ltr'><strong>mos</strong></span> <span class='ocrx_word' id='word_1_358' title='bbox 307 3883 343 3936; x_wconf 91' lang='lat' dir='ltr'><em>M</em></span> <span class='ocrx_word' id='word_1_359' title='bbox 346 3882 377 3936; x_wconf 89' lang='lat' dir='ltr'><strong><em>F</em></strong></span> <span class='ocrx_word' id='word_1_360' title='bbox 393 3898 466 3935; x_wconf 89' lang='lat' dir='ltr'><strong>mors</strong></span> <span class='ocrx_word' id='word_1_361' title='bbox 480 3880 507 3932; x_wconf 92' lang='lat' dir='ltr'><strong><em>B</em></strong></span> <span class='ocrx_word' id='word_1_362' title='bbox 520 3900 528 3933; x_wconf 93' lang='lat'><em>:</em></span> <span class='ocrx_word' id='word_1_363' title='bbox 542 3886 622 3935; x_wconf 77' lang='lat' dir='ltr'><strong>notos</strong></span> <span class='ocrx_word' id='word_1_364' title='bbox 640 3886 800 3935; x_wconf 75' lang='lat' dir='ltr'><strong>accentuum</strong></span> <span class='ocrx_word' id='word_1_365' title='bbox 818 3886 842 3934; x_wconf 83' lang='lat' dir='ltr'><strong>et</strong></span> <span class='ocrx_word' id='word_1_366' title='bbox 859 3881 892 3935; x_wconf 80' lang='lat' dir='ltr'><strong>in</strong></span> <span class='ocrx_word' id='word_1_367' title='bbox 909 3881 952 3935; x_wconf 80' lang='lat' dir='ltr'><strong>bis</strong></span> <span class='ocrx_word' id='word_1_368' title='bbox 968 3886 994 3935; x_wconf 83' lang='lat' dir='ltr'><strong>et</strong></span> <span class='ocrx_word' id='word_1_369' title='bbox 1011 3881 1043 3935; x_wconf 80' lang='lat' dir='ltr'><strong>in</strong></span> <span class='ocrx_word' id='word_1_370' title='bbox 1060 3881 1174 3949; x_wconf 76' lang='lat' dir='ltr'><strong>reliquis</strong></span> <span class='ocrx_word' id='word_1_371' title='bbox 1191 3881 1330 3936; x_wconf 80' lang='lat' dir='ltr'><strong>uocabulis</strong></span> <span class='ocrx_word' id='word_1_372' title='bbox 1348 3883 1380 3935; x_wconf 80' lang='lat' dir='ltr'><strong>in</strong></span> <span class='ocrx_word' id='word_1_373' title='bbox 1398 3881 1537 3934; x_wconf 81' lang='lat' dir='ltr'><strong>codicibus</strong></span> 
     </span>
     <span class='ocr_line' id='line_1_35' title="bbox 234 3959 1537 4032; baseline -0.002 -15"><span class='ocrx_word' id='word_1_374' title='bbox 234 3965 347 4017; x_wconf 65' lang='lat' dir='ltr'><strong>madeas</strong></span> <span class='ocrx_word' id='word_1_375' title='bbox 365 3961 463 4016; x_wconf 80' lang='lat' dir='ltr'><strong>addidi</strong></span> <span class='ocrx_word' id='word_1_376' title='bbox 537 3967 567 4014; x_wconf 92' lang='lat'><strong>11</strong></span> <span class='ocrx_word' id='word_1_377' title='bbox 589 3960 662 4032; x_wconf 89' lang='lat' dir='ltr'><strong>quis]</strong></span> <span class='ocrx_word' id='word_1_378' title='bbox 683 3963 747 4015; x_wconf 89' lang='lat' dir='ltr'><strong>sunt</strong></span> <span class='ocrx_word' id='word_1_379' title='bbox 762 3959 793 4013; x_wconf 92' lang='lat' dir='ltr'><strong><em>F</em></strong></span> <span class='ocrx_word' id='word_1_380' title='bbox 863 3967 895 4015; x_wconf 80' lang='lat' dir='ltr'><strong>ta</strong></span> <span class='ocrx_word' id='word_1_381' title='bbox 910 3964 1026 4015; x_wconf 86' lang='lat' dir='ltr'><strong>accentu</strong></span> <span class='ocrx_word' id='word_1_382' title='bbox 1044 3961 1163 4016; x_wconf 86' lang='lat' dir='ltr'><strong>bocloco</strong></span> <span class='ocrx_word' id='word_1_383' title='bbox 1177 3978 1227 4016; x_wconf 87' lang='lat' dir='ltr'><strong>om.</strong></span> <span class='ocrx_word' id='word_1_384' title='bbox 1242 3962 1270 4015; x_wconf 91' lang='lat' dir='ltr'><em>B</em></span> <span class='ocrx_word' id='word_1_385' title='bbox 1277 3962 1313 4015; x_wconf 90' lang='lat' dir='ltr'><em>M</em></span> <span class='ocrx_word' id='word_1_386' title='bbox 1318 3961 1349 4015; x_wconf 91' lang='lat' dir='ltr'><strong><em>F</em></strong></span> <span class='ocrx_word' id='word_1_387' title='bbox 1418 3979 1467 4015; x_wconf 89' lang='lat' dir='ltr'><strong>cur</strong></span> <span class='ocrx_word' id='word_1_388' title='bbox 1480 3978 1537 4015; x_wconf 91' lang='lat' dir='ltr'><strong>non</strong></span> 
     </span>
     <span class='ocr_line' id='line_1_36' title="bbox 232 4039 1538 4113; baseline -0.003 -15"><span class='ocrx_word' id='word_1_389' title='bbox 232 4043 338 4113; x_wconf 82' lang='lat' dir='ltr'><strong>syllaba</strong></span> <span class='ocrx_word' id='word_1_390' title='bbox 356 4039 523 4096; x_wconf 77' lang='lat' dir='ltr'><strong>naturaliter</strong></span> <span class='ocrx_word' id='word_1_391' title='bbox 540 4040 623 4110; x_wconf 84' lang='lat' dir='ltr'><strong>longe</strong></span> <span class='ocrx_word' id='word_1_392' title='bbox 643 4040 895 4096; x_wconf 79' lang='lat' dir='ltr'><strong>circumflectuntur</strong></span> <span class='ocrx_word' id='word_1_393' title='bbox 909 4043 1026 4096; x_wconf 88' lang='lat' dir='ltr'><strong>accentu</strong></span> <span class='ocrx_word' id='word_1_394' title='bbox 1039 4040 1067 4094; x_wconf 90' lang='lat' dir='ltr'><em>B</em></span> <span class='ocrx_word' id='word_1_395' title='bbox 1082 4059 1153 4110; x_wconf 88' lang='lat' dir='ltr'><strong>quur</strong></span> <span class='ocrx_word' id='word_1_396' title='bbox 1167 4042 1357 4111; x_wconf 83' lang='lat' dir='ltr'><strong>monosyllaba</strong></span> <span class='ocrx_word' id='word_1_397' title='bbox 1371 4041 1538 4095; x_wconf 76' lang='lat' dir='ltr'><strong>naturaliter</strong></span> 
     </span>
     <span class='ocr_line' id='line_1_37' title="bbox 232 4119 1537 4194; baseline -0.001 -18"><span class='ocrx_word' id='word_1_398' title='bbox 232 4123 333 4193; x_wconf 84' lang='lat' dir='ltr'><strong>longae</strong></span> <span class='ocrx_word' id='word_1_399' title='bbox 352 4119 609 4177; x_wconf 88' lang='lat' dir='ltr'><strong>circumflextuntnr</strong></span> <span class='ocrx_word' id='word_1_400' title='bbox 627 4123 772 4175; x_wconf 88' lang='lat' dir='ltr'><strong>accentum</strong></span> <span class='ocrx_word' id='word_1_401' title='bbox 792 4120 829 4175; x_wconf 88' lang='grc' dir='ltr'><em>Μ</em></span> <span class='ocrx_word' id='word_1_402' title='bbox 844 4139 893 4176; x_wconf 86' lang='lat' dir='ltr'><strong>cur</strong></span> <span class='ocrx_word' id='word_1_403' title='bbox 911 4121 1105 4190; x_wconf 80' lang='lat' dir='ltr'><strong>monosyllaba</strong></span> <span class='ocrx_word' id='word_1_404' title='bbox 1122 4122 1288 4179; x_wconf 85' lang='lat' dir='ltr'><strong>naturaliter</strong></span> <span class='ocrx_word' id='word_1_405' title='bbox 1313 4123 1396 4194; x_wconf 83' lang='lat' dir='ltr'><strong>longo</strong></span> <span class='ocrx_word' id='word_1_406' title='bbox 1421 4122 1537 4177; x_wconf 89' lang='lat' dir='ltr'><strong>eircum-</strong></span> 
     </span>
     <span class='ocr_line' id='line_1_38' title="bbox 233 4199 1538 4271; baseline -0.002 -12"><span class='ocrx_word' id='word_1_407' title='bbox 233 4205 381 4259; x_wconf 73' lang='lat' dir='ltr'><strong>nectamur</strong></span> <span class='ocrx_word' id='word_1_408' title='bbox 399 4202 517 4256; x_wconf 85' lang='lat' dir='ltr'><strong>accentu</strong></span> <span class='ocrx_word' id='word_1_409' title='bbox 537 4199 567 4253; x_wconf 95' lang='lat' dir='ltr'><strong><em>F</em></strong></span> <span class='ocrx_word' id='word_1_410' title='bbox 638 4207 671 4254; x_wconf 85' lang='lat'><strong>13</strong></span> <span class='ocrx_word' id='word_1_411' title='bbox 690 4201 796 4271; x_wconf 87' lang='lat' dir='ltr'><strong>duplici</strong></span> <span class='ocrx_word' id='word_1_412' title='bbox 820 4202 947 4257; x_wconf 87' lang='lat' dir='ltr'><strong>accentui</strong></span> <span class='ocrx_word' id='word_1_413' title='bbox 970 4200 1135 4268; x_wconf 81' lang='lat' dir='ltr'><strong>Muellerus,</strong></span> <span class='ocrx_word' id='word_1_414' title='bbox 1158 4201 1263 4271; x_wconf 89' lang='lat' dir='ltr'><strong>duplici</strong></span> <span class='ocrx_word' id='word_1_415' title='bbox 1288 4206 1404 4258; x_wconf 88' lang='lat' dir='ltr'><strong>accentu</strong></span> <span class='ocrx_word' id='word_1_416' title='bbox 1429 4202 1493 4256; x_wconf 91' lang='lat' dir='ltr'><strong>BF</strong></span> <span class='ocrx_word' id='word_1_417' title='bbox 1513 4208 1538 4256; x_wconf 86' lang='lat' dir='ltr'><strong>et</strong></span> 
     </span>
     <span class='ocr_line' id='line_1_39' title="bbox 233 4280 1501 4353; baseline -0.002 -15"><span class='ocrx_word' id='word_1_418' title='bbox 233 4285 316 4338; x_wconf 75' lang='lat' dir='ltr'><strong>codex</strong></span> <span class='ocrx_word' id='word_1_419' title='bbox 335 4282 485 4348; x_wconf 79' lang='lat' dir='ltr'><strong>Leidensa&#39;o,</strong></span> <span class='ocrx_word' id='word_1_420' title='bbox 505 4281 611 4351; x_wconf 91' lang='lat' dir='ltr'><strong>duplici</strong></span> <span class='ocrx_word' id='word_1_421' title='bbox 629 4285 774 4336; x_wconf 88' lang='lat' dir='ltr'><strong>accentum</strong></span> <span class='ocrx_word' id='word_1_422' title='bbox 794 4282 831 4335; x_wconf 88' lang='lat' dir='ltr'><em>M</em></span> <span class='ocrx_word' id='word_1_423' title='bbox 901 4288 934 4337; x_wconf 80' lang='lat'><strong>14</strong></span> <span class='ocrx_word' id='word_1_424' title='bbox 954 4281 1009 4353; x_wconf 85' lang='lat' dir='ltr'><strong>rel]</strong></span> <span class='ocrx_word' id='word_1_425' title='bbox 1024 4285 1056 4335; x_wconf 90' lang='lat' dir='ltr'><strong>ut</strong></span> <span class='ocrx_word' id='word_1_426' title='bbox 1069 4280 1107 4334; x_wconf 90' lang='lat' dir='ltr'><em>M</em></span> <span class='ocrx_word' id='word_1_427' title='bbox 1177 4285 1331 4353; x_wconf 75' lang='lat' dir='ltr'><strong>macutus]</strong></span> <span class='ocrx_word' id='word_1_428' title='bbox 1347 4283 1501 4336; x_wconf 87' lang='lat' dir='ltr'><strong>acuaturB</strong></span> 
     </span>
     <span class='ocr_line' id='line_1_40' title="bbox 175 4361 1537 4434; baseline -0.002 -15"><span class='ocrx_word' id='word_1_429' title='bbox 175 4394 179 4402; x_wconf 95' lang='lat'>·</span> <span class='ocrx_word' id='word_1_430' title='bbox 233 4361 468 4434; x_wconf 88' lang='lat' dir='ltr'><strong>correptusestF</strong></span> <span class='ocrx_word' id='word_1_431' title='bbox 505 4361 964 4432; x_wconf 77' lang='lat' dir='ltr'><strong>locorreptiorBeorreptioMF</strong></span> <span class='ocrx_word' id='word_1_432' title='bbox 999 4363 1189 4419; x_wconf 77' lang='lat' dir='ltr'><strong>lliuduabus</strong></span> <span class='ocrx_word' id='word_1_433' title='bbox 1199 4364 1326 4434; x_wconf 84' lang='lat' dir='ltr'><strong>syllabis]</strong></span> <span class='ocrx_word' id='word_1_434' title='bbox 1338 4364 1366 4417; x_wconf 88' lang='lat' dir='ltr'><strong>in</strong></span> <span class='ocrx_word' id='word_1_435' title='bbox 1377 4363 1537 4430; x_wconf 84' lang='lat' dir='ltr'><strong>dissyllabis</strong></span> 
     </span>
     <span class='ocr_line' id='line_1_41' title="bbox 233 4441 1536 4513; baseline -0.001 -14"><span class='ocrx_word' id='word_1_436' title='bbox 233 4446 345 4499; x_wconf 77' lang='lat' dir='ltr'><strong>coniecit</strong></span> <span class='ocrx_word' id='word_1_437' title='bbox 360 4443 514 4497; x_wconf 86' lang='lat' dir='ltr'><strong>Muellerus</strong></span> <span class='ocrx_word' id='word_1_438' title='bbox 574 4449 607 4496; x_wconf 84' lang='lat' dir='ltr'><strong>te</strong></span> <span class='ocrx_word' id='word_1_439' title='bbox 622 4441 731 4511; x_wconf 84' lang='lat' dir='ltr'><strong>diptota</strong></span> <span class='ocrx_word' id='word_1_440' title='bbox 744 4443 852 4497; x_wconf 83' lang='lat' dir='ltr'><strong>seclusit</strong></span> <span class='ocrx_word' id='word_1_441' title='bbox 867 4442 903 4498; x_wconf 89' lang='lat' dir='ltr'><strong>F.</strong></span> <span class='ocrx_word' id='word_1_442' title='bbox 919 4443 1067 4501; x_wconf 77' lang='lat' dir='ltr'><strong>Scliocllius</strong></span> <span class='ocrx_word' id='word_1_443' title='bbox 1085 4446 1118 4499; x_wconf 84' lang='lat' dir='ltr'><strong>de</strong></span> <span class='ocrx_word' id='word_1_444' title='bbox 1136 4450 1235 4499; x_wconf 85' lang='lat' dir='ltr'><strong>aceeut.</strong></span> <span class='ocrx_word' id='word_1_445' title='bbox 1251 4446 1316 4513; x_wconf 79' lang='lat' dir='ltr'><strong>liuy.</strong></span> <span class='ocrx_word' id='word_1_446' title='bbox 1336 4445 1394 4509; x_wconf 84' lang='lat' dir='ltr'><strong>lot,</strong></span> <span class='ocrx_word' id='word_1_447' title='bbox 1412 4449 1465 4498; x_wconf 87' lang='lat' dir='ltr'><strong>oet.</strong></span> <span class='ocrx_word' id='word_1_448' title='bbox 1484 4460 1536 4498; x_wconf 88' lang='lat' dir='ltr'><strong>soc.</strong></span> 
     </span>
     <span class='ocr_line' id='line_1_42' title="bbox 229 4522 1536 4597; baseline 0.002 -22"><span class='ocrx_word' id='word_1_449' title='bbox 229 4524 299 4592; x_wconf 77' lang='lat' dir='ltr'><strong>pud.</strong></span> <span class='ocrx_word' id='word_1_450' title='bbox 314 4523 391 4592; x_wconf 68' lang='lat' dir='ltr'><strong>Isips.</strong></span> <span class='ocrx_word' id='word_1_451' title='bbox 406 4540 431 4576; x_wconf 85' lang='lat' dir='ltr'><strong>o.</strong></span> <span class='ocrx_word' id='word_1_452' title='bbox 454 4523 499 4576; x_wconf 88' lang='lat' dir='ltr'><strong>VI</strong></span> <span class='ocrx_word' id='word_1_453' title='bbox 507 4540 538 4591; x_wconf 86' lang='lat' dir='ltr'><strong>p.</strong></span> <span class='ocrx_word' id='word_1_454' title='bbox 553 4528 611 4578; x_wconf 77' lang='lat'><strong>206</strong></span> <span class='ocrx_word' id='word_1_455' title='bbox 625 4543 634 4574; x_wconf 89' lang='lat'><strong>.·</strong></span> <span class='ocrx_word' id='word_1_456' title='bbox 647 4522 763 4588; x_wconf 81' lang='lat' dir='ltr'><strong>fortusse</strong></span> <span class='ocrx_word' id='word_1_457' title='bbox 777 4524 848 4579; x_wconf 90' lang='lat' dir='ltr'><strong>Dido</strong></span> <span class='ocrx_word' id='word_1_458' title='bbox 920 4525 997 4594; x_wconf 90' lang='lat' dir='ltr'><strong>prior</strong></span> <span class='ocrx_word' id='word_1_459' title='bbox 1011 4525 1096 4595; x_wconf 89' lang='lat' dir='ltr'><strong>enim]</strong></span> <span class='ocrx_word' id='word_1_460' title='bbox 1113 4524 1234 4594; x_wconf 86' lang='lat' dir='ltr'><strong>priorem</strong></span> <span class='ocrx_word' id='word_1_461' title='bbox 1249 4524 1287 4578; x_wconf 92' lang='lat' dir='ltr'><em>M</em></span> <span class='ocrx_word' id='word_1_462' title='bbox 1356 4531 1391 4578; x_wconf 79' lang='lat'><strong>20</strong></span> <span class='ocrx_word' id='word_1_463' title='bbox 1406 4526 1536 4597; x_wconf 82' lang='lat' dir='ltr'><strong>dirorum]</strong></span> 
     </span>
     <span class='ocr_line' id='line_1_43' title="bbox 233 4602 1537 4675; baseline -0.002 -15"><span class='ocrx_word' id='word_1_464' title='bbox 233 4623 351 4675; x_wconf 88' lang='lat' dir='ltr'><strong>quarum</strong></span> <span class='ocrx_word' id='word_1_465' title='bbox 375 4605 447 4658; x_wconf 91' lang='grc' dir='ltr'><strong>ΒΜ</strong></span> <span class='ocrx_word' id='word_1_466' title='bbox 451 4603 481 4657; x_wconf 95' lang='lat' dir='ltr'><strong><em>F</em></strong></span> <span class='ocrx_word' id='word_1_467' title='bbox 551 4610 582 4658; x_wconf 78' lang='lat'><strong>21</strong></span> <span class='ocrx_word' id='word_1_468' title='bbox 605 4602 837 4658; x_wconf 86' lang='lat' dir='ltr'><strong>circumflectetur</strong></span> <span class='ocrx_word' id='word_1_469' title='bbox 859 4605 887 4658; x_wconf 91' lang='lat' dir='ltr'><em>B</em></span> <span class='ocrx_word' id='word_1_470' title='bbox 912 4605 1137 4660; x_wconf 85' lang='lat' dir='ltr'><strong>circumflectitur</strong></span> <span class='ocrx_word' id='word_1_471' title='bbox 1161 4604 1231 4659; x_wconf 91' lang='lat' dir='ltr'><strong>MF</strong></span> <span class='ocrx_word' id='word_1_472' title='bbox 1300 4605 1432 4674; x_wconf 88' lang='lat' dir='ltr'><strong>quicquid</strong></span> <span class='ocrx_word' id='word_1_473' title='bbox 1459 4605 1537 4658; x_wconf 86' lang='lat' dir='ltr'><strong>aliud</strong></span> 
     </span>
     <span class='ocr_line' id='line_1_44' title="bbox 234 4682 1454 4756; baseline 0.002 -18"><span class='ocrx_word' id='word_1_474' title='bbox 234 4684 338 4755; x_wconf 84' lang='lat' dir='ltr'><strong>lligerit</strong></span> <span class='ocrx_word' id='word_1_475' title='bbox 356 4684 476 4752; x_wconf 86' lang='lat' dir='ltr'><strong>priorem</strong></span> <span class='ocrx_word' id='word_1_476' title='bbox 495 4682 524 4736; x_wconf 93' lang='lat' dir='ltr'><strong>id</strong></span> <span class='ocrx_word' id='word_1_477' title='bbox 544 4688 587 4738; x_wconf 89' lang='lat' dir='ltr'><strong>est</strong></span> <span class='ocrx_word' id='word_1_478' title='bbox 605 4687 654 4738; x_wconf 89' lang='lat' dir='ltr'><strong>aut</strong></span> <span class='ocrx_word' id='word_1_479' title='bbox 672 4685 771 4737; x_wconf 88' lang='lat' dir='ltr'><strong>ambae</strong></span> <span class='ocrx_word' id='word_1_480' title='bbox 791 4685 827 4738; x_wconf 91' lang='lat' dir='ltr'><em>M</em></span> <span class='ocrx_word' id='word_1_481' title='bbox 891 4684 929 4739; x_wconf 73' lang='lat'><strong>&#39;22</strong></span> <span class='ocrx_word' id='word_1_482' title='bbox 949 4686 1049 4756; x_wconf 77' lang='lat' dir='ltr'><strong>longae</strong></span> <span class='ocrx_word' id='word_1_483' title='bbox 1068 4717 1101 4726; x_wconf 96' lang='lat'>—</span> <span class='ocrx_word' id='word_1_484' title='bbox 1121 4686 1220 4740; x_wconf 84' lang='lat' dir='ltr'><strong>ambae</strong></span> <span class='ocrx_word' id='word_1_485' title='bbox 1238 4685 1336 4739; x_wconf 86' lang='lat' dir='ltr'><strong>breves</strong></span> <span class='ocrx_word' id='word_1_486' title='bbox 1353 4702 1403 4740; x_wconf 84' lang='lat' dir='ltr'><strong>om.</strong></span> <span class='ocrx_word' id='word_1_487' title='bbox 1424 4686 1454 4740; x_wconf 92' lang='lat' dir='ltr'><strong><em>F</em></strong></span> 
     </span>
     <span class='ocr_line' id='line_1_45' title="bbox 233 4762 1536 4836; baseline 0.002 -18"><span class='ocrx_word' id='word_1_488' title='bbox 233 4771 267 4818; x_wconf 79' lang='lat'><strong>23</strong></span> <span class='ocrx_word' id='word_1_489' title='bbox 288 4764 348 4834; x_wconf 88' lang='lat' dir='ltr'><strong>liet]</strong></span> <span class='ocrx_word' id='word_1_490' title='bbox 377 4764 427 4817; x_wconf 86' lang='lat' dir='ltr'><strong>liat</strong></span> <span class='ocrx_word' id='word_1_491' title='bbox 454 4762 485 4816; x_wconf 93' lang='lat' dir='ltr'><strong><em>F</em></strong></span> <span class='ocrx_word' id='word_1_492' title='bbox 563 4769 597 4817; x_wconf 78' lang='lat'><strong>24</strong></span> <span class='ocrx_word' id='word_1_493' title='bbox 616 4764 652 4818; x_wconf 86' lang='lat' dir='ltr'><strong>ad</strong></span> <span class='ocrx_word' id='word_1_494' title='bbox 680 4764 834 4834; x_wconf 86' lang='lat' dir='ltr'><strong>posteriora</strong></span> <span class='ocrx_word' id='word_1_495' title='bbox 856 4764 943 4834; x_wconf 82' lang='lat' dir='ltr'><strong>longa</strong></span> <span class='ocrx_word' id='word_1_496' title='bbox 964 4766 993 4820; x_wconf 91' lang='grc' dir='ltr'><em>Β</em></span> <span class='ocrx_word' id='word_1_497' title='bbox 1074 4773 1108 4821; x_wconf 79' lang='lat'><strong>25</strong></span> <span class='ocrx_word' id='word_1_498' title='bbox 1126 4766 1361 4836; x_wconf 88' lang='lat' dir='ltr'><strong>pronuntiandum</strong></span> <span class='ocrx_word' id='word_1_499' title='bbox 1380 4767 1451 4819; x_wconf 90' lang='grc' dir='ltr'><strong>ΒΜ</strong></span> <span class='ocrx_word' id='word_1_500' title='bbox 1473 4784 1536 4835; x_wconf 89' lang='lat' dir='ltr'><strong>pro-</strong></span> 
     </span>
     <span class='ocr_line' id='line_1_46' title="bbox 234 4842 1071 4914; baseline 0.006 -19"><span class='ocrx_word' id='word_1_501' title='bbox 234 4845 392 4898; x_wconf 87' lang='lat' dir='ltr'><strong>nnnandam</strong></span> <span class='ocrx_word' id='word_1_502' title='bbox 412 4842 442 4895; x_wconf 90' lang='lat' dir='ltr'><strong><em>F</em></strong></span> <span class='ocrx_word' id='word_1_503' title='bbox 511 4849 545 4896; x_wconf 78' lang='lat'><strong>26</strong></span> <span class='ocrx_word' id='word_1_504' title='bbox 565 4843 614 4897; x_wconf 86' lang='lat' dir='ltr'><strong>sed</strong></span> <span class='ocrx_word' id='word_1_505' title='bbox 633 4843 670 4897; x_wconf 90' lang='lat' dir='ltr'><strong>sit</strong></span> <span class='ocrx_word' id='word_1_506' title='bbox 687 4847 801 4899; x_wconf 86' lang='lat' dir='ltr'><strong>accutns</strong></span> <span class='ocrx_word' id='word_1_507' title='bbox 820 4843 888 4912; x_wconf 91' lang='lat' dir='ltr'><strong>quid</strong></span> <span class='ocrx_word' id='word_1_508' title='bbox 906 4845 1025 4914; x_wconf 88' lang='lat' dir='ltr'><strong>simplex</strong></span> <span class='ocrx_word' id='word_1_509' title='bbox 1042 4846 1071 4900; x_wconf 91' lang='grc' dir='ltr'><em>Β</em></span> 
     </span>
    </p>
   </div>
   <div class='ocr_carea' id='block_1_5' title="bbox 0 0 1663 5474">
    <p class='ocr_par' dir='ltr' id='par_1_8' title="bbox 0 0 1663 5474">
     <span class='ocr_line' id='line_1_47' title="bbox 0 0 1663 5474; baseline 0 0"><span class='ocrx_word' id='word_1_510' title='bbox 0 0 1663 5474; x_wconf 95' lang='lat' dir='ltr'><strong> </strong></span> 
     </span>
    </p>
   </div>
  </div>
 </body>
</html>
