3316 5474
237 363 280 427 90
302 415 313 437 ,
704 366 810 420 ciem
831 367 1067 420 1111111111

237 549 413 612 testimoniis
441 549 467 612 ei
496 550 668 612 triluuiutur
696 553 781 634 haec,
809 555 845 614 dc
873 574 898 614 v.
924 574 1020 631 pientes
1048 573 1075 631 p.
1101 550 1155 633 74,
1183 550 1225 613 28
1254 553 1318 613 coll.
1342 553 1435 613 Prisc.
1459 553 1476 612 l.
1501 552 1537 612 Vl

235 678 262 738 p.
288 656 361 739 260,
388 657 436 733 17,
460 660 496 719 de
520 678 544 718 1.
566 659 667 735 semin
690 681 717 739 p.
742 658 794 741 87,
818 659 839 721 2
861 662 925 721 coll.
947 660 1027 720 Serv.
1048 662 1078 720 in
1097 658 1181 737 Verg.
1202 659 1273 719 Aen.
1293 660 1309 719 l.
1330 678 1364 740 c.,
1387 660 1423 719 de
1443 678 1468 718 v.
1488 664 1537 720 lac

234 783 262 844 p.
289 764 360 845 102,
383 763 404 826 4
428 766 493 826 coll.
518 766 608 826 Prisc.
634 767 649 826 Ι.
675 766 711 826 Vl
734 788 762 847 p.
787 765 860 848 212,
885 764 913 828 5.
951 767 1058 828 deinde
1081 769 1111 825 in
1136 769 1348 827 commentario
1376 767 1412 826 de
1437 766 1537 827 dubiis

235 870 404 933 nominibus
427 892 547 951 gramm,
571 874 618 933 lat.
642 895 665 933 1.
690 874 713 931 V
736 894 763 954 p.
788 872 850 936 571
869 893 931 953 sqq.
968 875 1103 954 plurima,
1127 892 1201 952 quae
1227 874 1346 953 quidem
1370 876 1400 934 in
1424 874 1474 933 illo
1500 893 1535 933 ex

235 980 402 1057 antiquiore
431 979 564 1040 doctrina
593 984 682 1059 petita
712 990 793 1063 sunt,
822 982 890 1051 hiric
919 984 1105 1061 potissimum
1134 983 1324 1060 grammatico
1350 980 1451 1041 deberi
1475 979 1535 1039 dixi

235 1085 276 1146 ib.
299 1106 326 1165 p.
347 1083 419 1147 570.
457 1085 585 1166 denique
608 1088 683 1167 apud
708 1088 835 1149 Nonium
860 1089 950 1149 muita
974 1107 1049 1168 quae
1073 1107 1088 1148 a
1113 1087 1208 1167 Capro
1232 1095 1355 1148 tractata
1380 1105 1535 1146 1111111-

234 1201 291 1253 stat
314 1195 518 1274 inveniuntur,
546 1213 619 1273 qnae
643 1214 677 1254 ex
703 1195 780 1255 illius
804 1194 886 1255 libris
919 1194 953 1254 ad
979 1195 1105 1256 Nonium
1129 1197 1300 1274 pervenisse
1324 1193 1402 1254 hand
1426 1195 1534 1272 impro-

233 1298 329 1360 babile
354 1309 406 1360 est
444 1303 558 1360 etiamsi
582 1305 660 1368 enim
683 1302 812 1362 dubitari
836 1321 923 1381 saepe
947 1311 1059 1382 potest,
1083 1311 1184 1362 utrum
1209 1300 1245 1360 ab
1269 1301 1325 1361 hoc
1348 1303 1413 1380 ipso
1437 1319 1474 1360 an
1498 1300 1534 1360 ab

233 1406 451 1485 antiquioribus
475 1407 645 1468 auctoribus
669 1428 744 1488 qnos
767 1409 815 1468 ille
835 1408 1009 1469 adhibuerat
1028 1428 1060 1468 ea
1080 1411 1171 1487 petita
1191 1410 1260 1488 sint,
1283 1426 1339 1485 qua
1359 1407 1395 1466 de
1415 1426 1448 1466 re
1467 1416 1536 1486 post

235 1512 387 1573 llertzium
416 1514 509 1574 annal.
534 1513 631 1593 philol.
656 1534 720 1575 nov.
746 1535 771 1575 a.
799 1514 884 1577 1882
907 1535 933 1595 p.
960 1513 1421 1577 78611111118111111111111111
1446 1513 1533 1573 Nonii

232 1628 308 1680 auct.
328 1639 449 1698 gramm.
468 1640 495 1699 p.
518 1617 579 1681 148
595 1641 657 1701 sqq.
681 1622 762 1702 dixit,
787 1631 884 1682 tamen
910 1623 953 1682 111
977 1631 1100 1701 propter
1123 1622 1310 1700 frequentem
1334 1620 1421 1699 Capri
1445 1639 1532 1681 usum

232 1727 266 1787 ad
291 1726 370 1787 hunc
394 1730 493 1807 potins
517 1746 603 1806 qnam
626 1728 661 1787 ad
686 1732 868 1808 antiquiores
891 1731 1098 1807 grammaticos
1121 1746 1154 1787 ea
1179 1726 1341 1787 revocanda
1365 1737 1443 1788 sunt.

322 1833 362 1894 lle
392 1842 486 1894 aetate
515 1843 613 1895 autem
643 1838 825 1914 grammatici
854 1835 909 1895 hoc
937 1842 1065 1914 constat,
1092 1842 1160 1913 post
1182 1833 1327 1915 Probum,
1358 1853 1445 1913 quern
1469 1837 1533 1913 ipse

237 1939 400 2021 appellavit,
424 1949 543 2019 etpost
566 1942 693 2002 Plinium
718 1937 798 2022 (nam
823 1942 878 2002 hoc
902 1960 1021 2021 quoqne
1046 1960 1118 2001 usus
1143 1935 1201 2021 est)
1225 1959 1293 2001 eum
1318 1942 1434 2022 vixisse,
1459 1942 1533 2002 lulio

233 2046 364 2107 Romano
388 2056 500 2128 autem,
523 2050 573 2127 qni
597 2051 661 2108 1111
685 2051 778 2127 copiis
802 2068 874 2109 usus
898 2059 957 2129 est,
981 2050 1177 2125 antiquiorem
1201 2049 1301 2108 luisse.
1339 2056 1370 2107 et
1392 2050 1532 2125 quoniam

234 2154 359 2213 similem
383 2156 445 2214 lere
466 2157 609 2215 rationem
629 2165 716 2234 atque
736 2157 798 2234 ipse
818 2155 968 2214 Romanus
988 2162 1109 2213 secutus
1128 2171 1193 2214 esse
1213 2155 1328 2215 videtur
1349 2156 1533 2233 maximeque

233 2260 270 2320 de
285 2262 559 2339 antiquissimorum
575 2264 753 2341 scriptorum
769 2281 905 2323 sermone
921 2264 1114 2342 quaesiverat,
1129 2281 1188 2322 non
1202 2265 1243 2323 ita
1258 2261 1350 2322 multo
1361 2269 1428 2321 ante
1445 2261 1534 2342 11111,

234 2366 290 2427 hoc
313 2376 359 2427 est
382 2367 438 2428 sub
462 2369 551 2428 linem
575 2369 636 2429 lere
665 2370 789 2430 secundi
817 2371 939 2451 11111111,
970 2389 1039 2430 eum
1063 2372 1170 2429 vixisse
1194 2368 1372 2448 putabimus.
1410 2371 1533 2428 incertis

233 2475 312 2534 enim
340 2474 504 2534 rationibus
527 2493 599 2534 usus
624 2475 759 2536 Osannns
776 2477 912 2537 'aetatem
941 2479 1005 2537 eius
1029 2475 1250 2554 angustioribus
1273 2474 1381 2536 linibus
1404 2477 1532 2535 circum·

234 2579 365 2641 scribere
389 2581 516 2660 studuit,
546 2600 613 2641 cum
642 2583 676 2642 ad
701 2582 867 2642 Flaviorum
891 2586 1103 2662 imperatorum
1127 2592 1260 2662 tempora
1284 2601 1347 2643 eam
1372 2590 1535 2644 revocaret.

322 2687 365 2747 Ex
396 2687 441 2747 his
473 2706 548 2767 quae
579 2688 638 2749 dixi
671 2692 727 2749 iam
758 2689 794 2750 de
825 2690 941 2751 diiohus
972 2690 1078 2751 libellis
1110 2692 1160 2770 qui
1189 2709 1268 2751 nunc
1297 2688 1384 2769 Capri
1416 2691 1534 2749 nomine

235 2797 371 2874 inscripti
401 2794 538 2855 teruntur
565 2804 646 2855 recte
670 2796 793 2857 iudicari
816 2817 903 2877 posse
927 2807 1007 2878 puto.
1053 2800 1185 2876 quamvis
1214 2799 1293 2857 enim
1316 2795 1352 2855 ab
1377 2795 1536 2855 uberrimis

235 2903 327 2981 copiis
351 2904 459 2962 veteris
478 2905 658 2980 grammatici
678 2913 707 2963 11
727 2907 832 2964 eximia
851 2904 1019 2964 eruditione
1039 2922 1114 2983 qnae
1138 2907 1167 2963 in
1193 2905 1366 2982 fragmentis
1389 2901 1536 2962 librorum

234 3009 299 3068 eius
318 3007 395 3088 apud
415 3012 597 3087 posteriores
616 3013 822 3088 grammaticos
841 3020 962 3091 apparet
980 3011 1010 3070 hi
1029 3011 1096 3071 libri
1115 3010 1200 3090 plane
1220 3010 1329 3072 diversi
1350 3012 1418 3090 sint,
1437 3017 1536 3070 tamen

233 3117 264 3175 in
287 3114 333 3176 his
357 3133 475 3195 qnoque
499 3134 558 3175 non
582 3115 677 3176 solnm
697 3116 837 3195 reliquiae
856 3120 1039 3196 antiquitatis
1058 3128 1088 3178 et
1108 3119 1229 3194 vestigia
1248 3117 1400 3176 doctrinae
1419 3133 1436 3174 a
1455 3114 1534 3174 bono

235 3229 355 3282 auctore
380 3225 488 3300 petitae
512 3225 713 3302 inveniuntur,
737 3227 950 3284 verumetiam
975 3226 1030 3303 ipsi
1055 3223 1149 3303 Capro
1173 3224 1316 3301 quaedam
1340 3241 1377 3282 ex
1401 3225 1437 3282 iis
1460 3241 1536 3302 quae

234 3327 283 3388 hic
312 3329 438 3409 legimus
466 3329 501 3388 ab
530 3329 593 3388 aliis
622 3329 802 3391 tribuuntur.
845 3331 970 3410 plurima
998 3350 1068 3390 vero
1096 3333 1133 3390 iis
1157 3330 1321 3391 rationibus
1345 3347 1419 3408 quas
1443 3348 1533 3409 supra

234 3436 294 3496 dixi
318 3437 415 3496 eidem
438 3438 552 3497 auctori
581 3436 721 3495 vindicari
750 3446 899 3519 poterunt.
946 3456 1013 3497 nam
1038 3456 1140 3516 magna
1169 3456 1237 3517 pars
1261 3457 1364 3499 eorum
1389 3455 1464 3515 qnae
1489 3435 1537 3495 hic

152 3572 154 3576 ⁸
234 3542 365 3603 breviter
389 3552 513 3603 tractata
536 3542 582 3602 vel
605 3561 664 3602 111
689 3542 777 3603 verbo
802 3543 928 3603 indicata
952 3552 1022 3603 sunt
1046 3543 1168 3604 uberius
1194 3547 1325 3623 exposita
1347 3553 1376 3604 et
1394 3543 1537 3621 exemplis

235 3651 414 3729 scriptorum
443 3649 615 3708 confirmata
643 3651 792 3709 invenitur·
821 3652 897 3729 apud
927 3669 978 3710 eos
1007 3653 1213 3729 grammaticos
1243 3669 1318 3729 qnos
1342 3649 1429 3730 Capri
1453 3648 1537 3709 libris

235 3774 306 3817 usos
329 3775 394 3816 esse
419 3758 543 3834 scimus,
567 3754 746 3835 Charisinm,
770 3756 968 3837 Prisciannm,
991 3757 1119 3818 Nonium
1149 3766 1178 3817 et
1207 3775 1274 3816 enm
1299 3756 1410 3834 quide
1439 3755 1537 3815 dubiis

236 3862 404 3922 nominibus
428 3865 554 3941 scripsit.
592 3862 664 3922 illud
688 3882 806 3942 quoque
830 3884 845 3923 a
869 3865 1034 3925 rationibus
1057 3865 1146 3925 huius
1169 3867 1352 3943 grammatici
1371 3861 1449 3923 haud
1469 3861 1538 3921 alie·

236 3987 308 4029 num
327 3975 381 4049 est,
400 3969 479 4047 quod
498 3968 535 4028 de
555 3987 614 4028 non
633 3969 722 4029 nullis
741 3970 891 4031 vocabulis
911 3991 945 4031 ex
966 3975 1056 4031 certis
1071 3970 1190 4050 Vergilii
1205 3970 1340 4031 versibus
1354 3969 1538 4049 depromptis

235 4075 440 4136 adnotationes
454 4078 581 4155 scriptae
597 4085 674 4136 sunt
708 4078 807 4154 itaque
827 4097 894 4137 cum
914 4081 1033 4138 minime
1053 4078 1246 4158 improbabile
1266 4080 1305 4138 sit
1323 4087 1356 4138 ut
1375 4095 1411 4136 ex
1429 4077 1539 4136 veteris

235 4186 418 4264 grammatici
441 4182 524 4244 libris
548 4182 602 4241 hos
626 4185 676 4262 qni
701 4202 780 4244 nnnc
804 4187 868 4244 eius
892 4203 999 4245 nomen
1023 4203 1149 4264 praese
1174 4186 1274 4245 ierunt
1297 4189 1462 4261 excerptos,
1485 4180 1538 4239 sed

237 4291 343 4353 studiis
373 4293 574 4352 recent-iorum
611 4293 870 4368 grammaticorum
905 4291 987 4351 valde
1023 4291 1215 4352 obtruncatos
1246 4299 1275 4350 11
1307 4295 1436 4349 mutatos
1471 4305 1537 4345 esse

236 4398 401 4480 credamus,
423 4401 480 4479 ipsi
500 4398 578 4459 tituli
597 4398 740 4459 librorum
760 4401 811 4478 qni
831 4417 919 4459 manu
939 4401 1058 4478 scriptis
1078 4397 1230 4458 codicibus
1250 4396 1409 4457 memoriae
1427 4394 1538 4473 proditi

200 4528 203 4533 ·
236 4513 307 4564 sunt
334 4505 418 4566 facile
445 4508 476 4565 in
504 4505 580 4565 hanc
607 4514 721 4585 partem
752 4505 829 4565 trahi
853 4515 990 4586 possunt,
1019 4515 1052 4566 ut
1079 4507 1172 4565 maior
1195 4503 1271 4564 liber
1294 4505 1345 4582 qui
1368 4501 1478 4561 dicitnr
1501 4499 1538 4559 de

236 4610 444 4692 orthographia
464 4611 504 4672 ad
523 4611 615 4672 libros
638 4610 674 4671 de
699 4612 851 4692 latinitate,
874 4613 948 4672 alter
967 4615 1017 4692 qui
1037 4620 1081 4672 est
1100 4610 1136 4671 de
1156 4610 1254 4671 dubiis
1273 4608 1372 4669 verbis
1390 4608 1427 4668 ad
1446 4605 1539 4667 libros

236 4715 273 4777 de
292 4716 390 4778 dubiis
404 4718 564 4797 generibus
579 4718 735 4791 reseratur,
754 4717 833 4795 quod
849 4717 996 4778 Christius
1010 4716 1112 4777 Philol.
1128 4735 1153 4775 1.
1168 4713 1259 4774 XVlll
1274 4735 1301 4794 p.
1320 4710 1382 4775 168
1397 4712 1537 4773 defendit.

235 4841 340 4885 rerum
369 4821 442 4883 haec
470 4841 549 4886 nunc
581 4841 640 4884 non
668 4840 839 4902 persequar.
882 4841 948 4883 nam
980 4821 1065 4901 longa
1093 4822 1291 4901 disputatione
1324 4839 1400 4900 opus
1430 4826 1476 4879 est
1506 4829 1540 4880 ut
