<?xml version="1.0" encoding="UTF-8"?>
<!DOCTYPE html PUBLIC "-//W3C//DTD XHTML 1.0 Transitional//EN"
    "http://www.w3.org/TR/xhtml1/DTD/xhtml1-transitional.dtd">
<html xmlns="http://www.w3.org/1999/xhtml" xml:lang="en" lang="en">
 <head>
  <title>
</title>
<meta http-equiv="Content-Type" content="text/html;charset=utf-8" />
  <meta name='ocr-system' content='tesseract 3.04.00' />
  <meta name='ocr-capabilities' content='ocr_page ocr_carea ocr_par ocr_line ocrx_word'/>
</head>
<body>
  <div class='ocr_page' id='page_1' title='image "./grammaticilatin00keilgoog_0431.png"; bbox 0 0 3316 5474; ppageno 0'>
   <div class='ocr_carea' id='block_1_1' title="bbox 166 410 903 562">
    <p class='ocr_par' dir='ltr' id='par_1_1' title="bbox 166 410 903 562">
     <span class='ocr_line' id='line_1_1' title="bbox 166 410 903 476; baseline 0.004 -10"><span class='ocrx_word' id='word_1_1' title='bbox 166 410 233 476; x_wconf 85' lang='grc'><strong>412</strong></span> <span class='ocrx_word' id='word_1_2' title='bbox 732 411 903 470; x_wconf 76' lang='lat' dir='ltr'><strong>aesinam</strong></span> 
     </span>
     <span class='ocr_line' id='line_1_2' title="bbox 169 513 321 562; baseline 0 -9"><span class='ocrx_word' id='word_1_3' title='bbox 169 513 321 562; x_wconf 67' lang='lat' dir='ltr'><strong>smum</strong></span> 
     </span>
    </p>
   </div>
   <div class='ocr_carea' id='block_1_2' title="bbox 120 598 1516 3675">
    <p class='ocr_par' dir='ltr' id='par_1_2' title="bbox 167 598 1480 890">
     <span class='ocr_line' id='line_1_3' title="bbox 167 598 1480 682; baseline 0.005 -24"><span class='ocrx_word' id='word_1_4' title='bbox 167 598 246 678; x_wconf 94' lang='lat' dir='ltr'><strong>quod</strong></span> <span class='ocrx_word' id='word_1_5' title='bbox 271 617 326 659; x_wconf 89' lang='lat' dir='ltr'><strong>nec</strong></span> <span class='ocrx_word' id='word_1_6' title='bbox 349 598 489 672; x_wconf 86' lang='lat' dir='ltr'><strong>diiiiciiis,</strong></span> <span class='ocrx_word' id='word_1_7' title='bbox 518 617 694 678; x_wconf 87' lang='lat' dir='ltr'><strong>quamquam</strong></span> <span class='ocrx_word' id='word_1_8' title='bbox 718 601 757 659; x_wconf 88' lang='lat' dir='ltr'><strong>sit</strong></span> <span class='ocrx_word' id='word_1_9' title='bbox 775 602 971 679; x_wconf 89' lang='lat' dir='ltr'><strong>compositum</strong></span> <span class='ocrx_word' id='word_1_10' title='bbox 993 619 1008 660; x_wconf 93' lang='lat' dir='ltr'><strong>a</strong></span> <span class='ocrx_word' id='word_1_11' title='bbox 1028 600 1135 681; x_wconf 88' lang='lat' dir='ltr'><strong>iaciiis,</strong></span> <span class='ocrx_word' id='word_1_12' title='bbox 1159 602 1305 662; x_wconf 88' lang='lat' dir='ltr'><strong>rationem</strong></span> <span class='ocrx_word' id='word_1_13' title='bbox 1325 603 1480 682; x_wconf 87' lang='lat' dir='ltr'><strong>sequitur,</strong></span> 
     </span>
     <span class='ocr_line' id='line_1_4' title="bbox 167 704 1480 787; baseline 0.004 -22"><span class='ocrx_word' id='word_1_14' title='bbox 167 704 220 765; x_wconf 91' lang='lat' dir='ltr'><strong>sed</strong></span> <span class='ocrx_word' id='word_1_15' title='bbox 247 714 406 784; x_wconf 89' lang='lat' dir='ltr'><strong>utrumque</strong></span> <span class='ocrx_word' id='word_1_16' title='bbox 434 705 602 787; x_wconf 82' lang='lat' dir='ltr'><strong>contundit,</strong></span> <span class='ocrx_word' id='word_1_17' title='bbox 634 715 664 767; x_wconf 86' lang='lat' dir='ltr'><strong>et</strong></span> <span class='ocrx_word' id='word_1_18' title='bbox 691 725 745 787; x_wconf 91' lang='lat' dir='ltr'><strong>pro</strong></span> <span class='ocrx_word' id='word_1_19' title='bbox 773 706 934 768; x_wconf 81' lang='lat' dir='ltr'><strong>difficiliter</strong></span> <span class='ocrx_word' id='word_1_20' title='bbox 961 707 1087 768; x_wconf 84' lang='lat' dir='ltr'><strong>dicimus</strong></span> <span class='ocrx_word' id='word_1_21' title='bbox 1114 707 1282 770; x_wconf 88' lang='lat' dir='ltr'><strong>diiiicultcr.</strong></span> <span class='ocrx_word' id='word_1_22' title='bbox 1334 708 1480 770; x_wconf 85' lang='lat' dir='ltr'><strong>similiter</strong></span> 
     </span>
     <span class='ocr_line' id='line_1_5' title="bbox 168 811 755 890; baseline 0.003 -18"><span class='ocrx_word' id='word_1_23' title='bbox 168 820 198 872; x_wconf 89' lang='lat' dir='ltr'><strong>et</strong></span> <span class='ocrx_word' id='word_1_24' title='bbox 220 811 314 873; x_wconf 82' lang='lat' dir='ltr'><strong>andan</strong></span> <span class='ocrx_word' id='word_1_25' title='bbox 338 813 491 890; x_wconf 87' lang='lat' dir='ltr'><strong>audacter,</strong></span> <span class='ocrx_word' id='word_1_26' title='bbox 515 831 572 873; x_wconf 93' lang='lat' dir='ltr'><strong>uon</strong></span> <span class='ocrx_word' id='word_1_27' title='bbox 597 813 755 874; x_wconf 73' lang='lat' dir='ltr'><strong>andaoner.</strong></span> 
     </span>
    </p>

    <p class='ocr_par' dir='ltr' id='par_1_3' title="bbox 167 917 1513 1547">
     <span class='ocr_line' id='line_1_6' title="bbox 257 917 1478 1000; baseline 0.003 -21"><span class='ocrx_word' id='word_1_28' title='bbox 257 919 334 981; x_wconf 91' lang='lat' dir='ltr'><strong>Sunt</strong></span> <span class='ocrx_word' id='word_1_29' title='bbox 357 919 410 980; x_wconf 88' lang='lat' dir='ltr'><strong>alia</strong></span> <span class='ocrx_word' id='word_1_30' title='bbox 433 917 570 980; x_wconf 85' lang='lat' dir='ltr'><strong>adverbia</strong></span> <span class='ocrx_word' id='word_1_31' title='bbox 595 918 760 1000; x_wconf 74' lang='lat' dir='ltr'><strong>qualitatis,</strong></span> <span class='ocrx_word' id='word_1_32' title='bbox 786 938 861 999; x_wconf 87' lang='lat' dir='ltr'><strong>quae</strong></span> <span class='ocrx_word' id='word_1_33' title='bbox 890 939 986 999; x_wconf 90' lang='lat' dir='ltr'><strong>neque</strong></span> <span class='ocrx_word' id='word_1_34' title='bbox 1016 939 1069 1000; x_wconf 87' lang='lat' dir='ltr'><strong>per</strong></span> <span class='ocrx_word' id='word_1_35' title='bbox 1093 940 1109 981; x_wconf 85' lang='lat' dir='ltr'><strong>a</strong></span> <span class='ocrx_word' id='word_1_36' title='bbox 1133 939 1230 1000; x_wconf 90' lang='lat' dir='ltr'><strong>neque</strong></span> <span class='ocrx_word' id='word_1_37' title='bbox 1253 939 1308 1000; x_wconf 92' lang='lat' dir='ltr'><strong>per</strong></span> <span class='ocrx_word' id='word_1_38' title='bbox 1331 929 1382 982; x_wconf 88' lang='lat' dir='ltr'><strong>ter</strong></span> <span class='ocrx_word' id='word_1_39' title='bbox 1404 923 1478 983; x_wconf 67' lang='lat' dir='ltr'><strong>etta</strong></span> 
     </span>
     <span class='ocr_line' id='line_1_7' title="bbox 170 1017 1513 1109; baseline 0.004 -22"><span class='ocrx_word' id='word_1_40' title='bbox 170 1034 292 1107; x_wconf 87' lang='lat' dir='ltr'><strong>ruutur,</strong></span> <span class='ocrx_word' id='word_1_41' title='bbox 326 1025 377 1087; x_wconf 89' lang='lat' dir='ltr'><strong>sed</strong></span> <span class='ocrx_word' id='word_1_42' title='bbox 410 1045 464 1105; x_wconf 84' lang='lat' dir='ltr'><strong>por</strong></span> <span class='ocrx_word' id='word_1_43' title='bbox 492 1045 542 1108; x_wconf 91' lang='lat' dir='ltr'><strong>us,</strong></span> <span class='ocrx_word' id='word_1_44' title='bbox 574 1033 606 1087; x_wconf 91' lang='lat' dir='ltr'><strong>ut</strong></span> <span class='ocrx_word' id='word_1_45' title='bbox 634 1026 769 1088; x_wconf 89' lang='lat' dir='ltr'><strong>iuuditus</strong></span> <span class='ocrx_word' id='word_1_46' title='bbox 793 1017 838 1100; x_wconf 88' lang='grc' dir='ltr'><strong>ῶς</strong></span> <span class='ocrx_word' id='word_1_47' title='bbox 859 1018 1078 1109; x_wconf 89' lang='grc' dir='ltr'><strong><em>θεμελιόθεν,</em></strong></span> <span class='ocrx_word' id='word_1_48' title='bbox 1111 1026 1234 1088; x_wconf 83' lang='lat' dir='ltr'><strong>caelitus</strong></span> <span class='ocrx_word' id='word_1_49' title='bbox 1266 1018 1513 1109; x_wconf 66' lang='grc' dir='ltr'><strong><em>οὐρανόθεν,1</em></strong></span> 
     </span>
     <span class='ocr_line' id='line_1_8' title="bbox 167 1124 1479 1214; baseline 0.002 -20"><span class='ocrx_word' id='word_1_50' title='bbox 167 1132 338 1194; x_wconf 86' lang='lat' dir='ltr'><strong>humanitus</strong></span> <span class='ocrx_word' id='word_1_51' title='bbox 364 1124 609 1213; x_wconf 89' lang='grc' dir='ltr'><strong><em>άνθρωπόθεν,</em></strong></span> <span class='ocrx_word' id='word_1_52' title='bbox 636 1134 772 1212; x_wconf 77' lang='lat' dir='ltr'>stirpitus</span> <span class='ocrx_word' id='word_1_53' title='bbox 799 1126 951 1214; x_wconf 76' lang='grc' dir='ltr'><strong>ῥιζόθεν,</strong></span> <span class='ocrx_word' id='word_1_54' title='bbox 986 1133 1137 1195; x_wconf 88' lang='lat' dir='ltr'><strong>mordicus</strong></span> <span class='ocrx_word' id='word_1_55' title='bbox 1165 1125 1256 1208; x_wconf 77' lang='grc' dir='ltr'><strong><em>ὀδάξ.</em></strong></span> <span class='ocrx_word' id='word_1_56' title='bbox 1301 1137 1375 1195; x_wconf 91' lang='lat' dir='ltr'><strong>item</strong></span> <span class='ocrx_word' id='word_1_57' title='bbox 1404 1144 1479 1197; x_wconf 89' lang='lat' dir='ltr'><strong>suut</strong></span> 
     </span>
     <span class='ocr_line' id='line_1_9' title="bbox 168 1238 1477 1321; baseline 0.003 -20"><span class='ocrx_word' id='word_1_58' title='bbox 168 1258 243 1319; x_wconf 89' lang='lat' dir='ltr'><strong>quae</strong></span> <span class='ocrx_word' id='word_1_59' title='bbox 274 1243 306 1300; x_wconf 93' lang='lat' dir='ltr'><strong>in</strong></span> <span class='ocrx_word' id='word_1_60' title='bbox 339 1242 378 1299; x_wconf 92' lang='lat' dir='ltr'><strong>im</strong></span> <span class='ocrx_word' id='word_1_61' title='bbox 412 1238 460 1316; x_wconf 91' lang='lat' dir='ltr'><strong>[ac</strong></span> <span class='ocrx_word' id='word_1_62' title='bbox 493 1238 559 1318; x_wconf 92' lang='lat' dir='ltr'><strong>tim]</strong></span> <span class='ocrx_word' id='word_1_63' title='bbox 594 1242 804 1320; x_wconf 77' lang='lat' dir='ltr'><strong>terminantur,</strong></span> <span class='ocrx_word' id='word_1_64' title='bbox 836 1248 870 1301; x_wconf 90' lang='lat' dir='ltr'><strong>ut</strong></span> <span class='ocrx_word' id='word_1_65' title='bbox 901 1243 1009 1301; x_wconf 79' lang='lat' dir='ltr'><strong>caesim</strong></span> <span class='ocrx_word' id='word_1_66' title='bbox 1042 1239 1241 1321; x_wconf 89' lang='grc' dir='ltr'><strong><em>πληκτικῶς,</em></strong></span> <span class='ocrx_word' id='word_1_67' title='bbox 1273 1245 1477 1305; x_wconf 83' lang='lat' dir='ltr'><strong>continuatim</strong></span> 
     </span>
     <span class='ocr_line' id='line_1_10' title="bbox 167 1336 1476 1430; baseline 0.002 -21"><span class='ocrx_word' id='word_1_68' title='bbox 167 1343 329 1427; x_wconf 85' lang='grc' dir='ltr'><strong><em>συνεχῶς,</em></strong></span> <span class='ocrx_word' id='word_1_69' title='bbox 357 1349 464 1426; x_wconf 89' lang='lat' dir='ltr'><strong>raptim</strong></span> <span class='ocrx_word' id='word_1_70' title='bbox 492 1336 704 1429; x_wconf 83' lang='grc' dir='ltr'><strong><em>άρπαμηδόν,</em></strong></span> <span class='ocrx_word' id='word_1_71' title='bbox 733 1349 844 1408; x_wconf 88' lang='lat' dir='ltr'><strong>cursim</strong></span> <span class='ocrx_word' id='word_1_72' title='bbox 875 1345 1059 1428; x_wconf 85' lang='grc' dir='ltr'><strong><em>τροχαλῶς,</em></strong></span> <span class='ocrx_word' id='word_1_73' title='bbox 1092 1349 1218 1408; x_wconf 87' lang='lat' dir='ltr'><strong>strictim</strong></span> <span class='ocrx_word' id='word_1_74' title='bbox 1252 1342 1476 1430; x_wconf 67' lang='grc' dir='ltr'><strong><em>έσφιμμένως,</em></strong></span> 
     </span>
     <span class='ocr_line' id='line_1_11' title="bbox 167 1444 1477 1537; baseline 0.002 -22"><span class='ocrx_word' id='word_1_75' title='bbox 167 1455 311 1533; x_wconf 79' lang='lat' dir='ltr'><strong>gregatim</strong></span> <span class='ocrx_word' id='word_1_76' title='bbox 332 1444 515 1533; x_wconf 79' lang='grc' dir='ltr'><strong><em>ἀγεληδόν,</em></strong></span> <span class='ocrx_word' id='word_1_77' title='bbox 544 1456 702 1533; x_wconf 83' lang='lat' dir='ltr'><strong>separatim</strong></span> <span class='ocrx_word' id='word_1_78' title='bbox 728 1450 994 1535; x_wconf 78' lang='grc' dir='ltr'><strong><em>κεχωρισμένως,</em></strong></span> <span class='ocrx_word' id='word_1_79' title='bbox 1021 1456 1157 1534; x_wconf 85' lang='lat' dir='ltr'><strong>privatim</strong></span> <span class='ocrx_word' id='word_1_80' title='bbox 1186 1451 1271 1537; x_wconf 80' lang='grc' dir='ltr'><strong><em>ίδίᾳ,</em></strong></span> <span class='ocrx_word' id='word_1_81' title='bbox 1298 1459 1410 1534; x_wconf 87' lang='lat' dir='ltr'><strong>partim</strong></span> <span class='ocrx_word' id='word_1_82' title='bbox 1439 1452 1477 1520; x_wconf 81' lang='grc' dir='ltr'><strong>ἐκ</strong></span> 
     </span>
    </p>

    <p class='ocr_par' dir='ltr' id='par_1_4' title="bbox 120 1551 1516 3675">
     <span class='ocr_line' id='line_1_12' title="bbox 120 1551 1513 1646; baseline 0.002 -24"><span class='ocrx_word' id='word_1_83' title='bbox 120 1613 123 1616; x_wconf 90' lang='grc'><strong>.</strong></span> <span class='ocrx_word' id='word_1_84' title='bbox 167 1555 305 1641; x_wconf 80' lang='grc' dir='ltr'><em>μέρους,</em></span> <span class='ocrx_word' id='word_1_85' title='bbox 333 1559 544 1641; x_wconf 82' lang='lat' dir='ltr'><strong>pedetemptim</strong></span> <span class='ocrx_word' id='word_1_86' title='bbox 567 1551 649 1622; x_wconf 83' lang='grc' dir='ltr'><strong><em>κατὰ</em></strong></span> <span class='ocrx_word' id='word_1_87' title='bbox 678 1552 891 1641; x_wconf 88' lang='grc' dir='ltr'><strong><em>προχῶρησιν</em></strong></span> <span class='ocrx_word' id='word_1_88' title='bbox 919 1551 1040 1641; x_wconf 77' lang='grc' dir='ltr'><strong><em>ἠρέμα,</em></strong></span> <span class='ocrx_word' id='word_1_89' title='bbox 1068 1561 1208 1640; x_wconf 85' lang='lat' dir='ltr'><strong>paulatim</strong></span> <span class='ocrx_word' id='word_1_90' title='bbox 1237 1556 1273 1622; x_wconf 85' lang='grc' dir='ltr'><strong>έκ</strong></span> <span class='ocrx_word' id='word_1_91' title='bbox 1298 1560 1361 1624; x_wconf 80' lang='grc' dir='ltr'><strong><em>τοῦ</em></strong></span> <span class='ocrx_word' id='word_1_92' title='bbox 1389 1556 1477 1646; x_wconf 84' lang='grc' dir='ltr'><strong><em>πρὸς</em></strong></span> <span class='ocrx_word' id='word_1_93' title='bbox 1489 1577 1513 1616; x_wconf 81' lang='lat'><strong>¹·</strong></span> 
     </span>
     <span class='ocr_line' id='line_1_13' title="bbox 167 1657 1476 1752; baseline 0.004 -24"><span class='ocrx_word' id='word_1_94' title='bbox 167 1659 299 1746; x_wconf 77' lang='grc' dir='ltr'><em>ὀλίγον,</em></span> <span class='ocrx_word' id='word_1_95' title='bbox 323 1669 459 1728; x_wconf 89' lang='lat' dir='ltr'><strong>minutim</strong></span> <span class='ocrx_word' id='word_1_96' title='bbox 478 1658 560 1729; x_wconf 84' lang='grc' dir='ltr'><strong><em>κατὰ</em></strong></span> <span class='ocrx_word' id='word_1_97' title='bbox 578 1660 714 1746; x_wconf 91' lang='grc' dir='ltr'><strong><em>λεπτόν,</em></strong></span> <span class='ocrx_word' id='word_1_98' title='bbox 739 1669 848 1727; x_wconf 86' lang='lat' dir='ltr'><strong>sensim</strong></span> <span class='ocrx_word' id='word_1_99' title='bbox 866 1657 972 1747; x_wconf 80' lang='grc' dir='ltr'><strong><em>ἠρέμα</em></strong></span> <span class='ocrx_word' id='word_1_100' title='bbox 992 1659 1119 1746; x_wconf 87' lang='grc' dir='ltr'><strong><em>λάθρα,</em></strong></span> <span class='ocrx_word' id='word_1_101' title='bbox 1143 1669 1245 1729; x_wconf 86' lang='lat' dir='ltr'><strong>iurtim</strong></span> <span class='ocrx_word' id='word_1_102' title='bbox 1260 1669 1476 1752; x_wconf 75' lang='grc' dir='ltr'><strong><em>κλεψιμαίως,</em></strong></span> 
     </span>
     <span class='ocr_line' id='line_1_14' title="bbox 167 1767 1474 1858; baseline 0.004 -23"><span class='ocrx_word' id='word_1_103' title='bbox 167 1775 289 1836; x_wconf 90' lang='lat' dir='ltr'><strong>deditim</strong></span> <span class='ocrx_word' id='word_1_104' title='bbox 322 1769 486 1854; x_wconf 79' lang='grc' dir='ltr'><strong><em>ἐπίτηδες,</em></strong></span> <span class='ocrx_word' id='word_1_105' title='bbox 519 1777 644 1854; x_wconf 89' lang='lat' dir='ltr'><strong>carptim</strong></span> <span class='ocrx_word' id='word_1_106' title='bbox 677 1770 870 1853; x_wconf 87' lang='grc' dir='ltr'><strong><em>δρεπτικῶς,</em></strong></span> <span class='ocrx_word' id='word_1_107' title='bbox 903 1776 1071 1835; x_wconf 89' lang='lat' dir='ltr'><strong>summatim</strong></span> <span class='ocrx_word' id='word_1_108' title='bbox 1103 1767 1186 1836; x_wconf 84' lang='grc' dir='ltr'><strong><em>κατά</em></strong></span> <span class='ocrx_word' id='word_1_109' title='bbox 1217 1767 1337 1858; x_wconf 85' lang='grc' dir='ltr'><strong><em>ἄκρον,</em></strong></span> <span class='ocrx_word' id='word_1_110' title='bbox 1371 1781 1474 1840; x_wconf 87' lang='lat' dir='ltr'><strong>statim</strong></span> 
     </span>
     <span class='ocr_line' id='line_1_15' title="bbox 167 1872 1474 1965; baseline 0.005 -24"><span class='ocrx_word' id='word_1_111' title='bbox 167 1872 309 1960; x_wconf 86' lang='grc' dir='ltr'><strong><em>εὐθέως,</em></strong></span> <span class='ocrx_word' id='word_1_112' title='bbox 337 1883 446 1960; x_wconf 89' lang='lat' dir='ltr'><strong>passim</strong></span> <span class='ocrx_word' id='word_1_113' title='bbox 474 1878 660 1961; x_wconf 80' lang='grc' dir='ltr'><strong><em>πανταχοῦ,</em></strong></span> <span class='ocrx_word' id='word_1_114' title='bbox 689 1883 863 1960; x_wconf 89' lang='lat' dir='ltr'><strong>praesertim</strong></span> <span class='ocrx_word' id='word_1_115' title='bbox 891 1875 1077 1962; x_wconf 79' lang='grc' dir='ltr'><strong><em>ἐξαιρέτως,</em></strong></span> <span class='ocrx_word' id='word_1_116' title='bbox 1111 1884 1238 1943; x_wconf 88' lang='lat' dir='ltr'><strong>vicissim</strong></span> <span class='ocrx_word' id='word_1_117' title='bbox 1272 1875 1474 1965; x_wconf 82' lang='grc' dir='ltr'><strong><em>άμοιβηδόυ.</em></strong></span> 
     </span>
     <span class='ocr_line' id='line_1_16' title="bbox 166 1981 1474 2070; baseline 0.005 -23"><span class='ocrx_word' id='word_1_118' title='bbox 166 1981 1474 2070; x_wconf 45' lang='grc' dir='ltr'><strong>Μωωωψωωοωπωωῃωαωώοήηὼμωωάωῶὴ,</strong></span> 
     </span>
     <span class='ocr_line' id='line_1_17' title="bbox 167 2085 1513 2177; baseline 0 -24"><span class='ocrx_word' id='word_1_119' title='bbox 167 2093 301 2154; x_wconf 87' lang='lat' dir='ltr'><strong>ciancuio</strong></span> <span class='ocrx_word' id='word_1_120' title='bbox 324 2094 507 2155; x_wconf 77' lang='lat' dir='ltr'><strong>clandestino</strong></span> <span class='ocrx_word' id='word_1_121' title='bbox 529 2085 655 2174; x_wconf 80' lang='grc' dir='ltr'><strong><em>λάθρα,</em></strong></span> <span class='ocrx_word' id='word_1_122' title='bbox 678 2093 767 2155; x_wconf 89' lang='lat' dir='ltr'><strong>dubio</strong></span> <span class='ocrx_word' id='word_1_123' title='bbox 792 2089 1018 2172; x_wconf 60' lang='lat' dir='ltr'><strong>testanteesaia,</strong></span> <span class='ocrx_word' id='word_1_124' title='bbox 1046 2094 1119 2154; x_wconf 81' lang='lat' dir='ltr'><strong>salso</strong></span> <span class='ocrx_word' id='word_1_125' title='bbox 1147 2093 1299 2169; x_wconf 77' lang='grc' dir='ltr'><strong><em>πλαστῶς</em></strong></span> <span class='ocrx_word' id='word_1_126' title='bbox 1327 2096 1473 2177; x_wconf 72' lang='grc' dir='ltr'><strong><em>ψευδῶς,</em></strong></span> <span class='ocrx_word' id='word_1_127' title='bbox 1488 2112 1513 2153; x_wconf 79' lang='grc' dir='ltr'><strong><em>ιε</em></strong></span> 
     </span>
     <span class='ocr_line' id='line_1_18' title="bbox 167 2191 1474 2285; baseline 0.005 -24"><span class='ocrx_word' id='word_1_128' title='bbox 167 2219 350 2281; x_wconf 84' lang='lat' dir='ltr'><strong>supervacuo</strong></span> <span class='ocrx_word' id='word_1_129' title='bbox 373 2193 497 2281; x_wconf 81' lang='grc' dir='ltr'><strong><em>μάτην,</em></strong></span> <span class='ocrx_word' id='word_1_130' title='bbox 521 2202 579 2261; x_wconf 88' lang='lat' dir='ltr'><strong>cito</strong></span> <span class='ocrx_word' id='word_1_131' title='bbox 602 2194 739 2280; x_wconf 87' lang='grc' dir='ltr'><strong><em>ταχέως,</em></strong></span> <span class='ocrx_word' id='word_1_132' title='bbox 763 2209 878 2261; x_wconf 90' lang='lat' dir='ltr'><strong>secreto</strong></span> <span class='ocrx_word' id='word_1_133' title='bbox 901 2191 972 2262; x_wconf 92' lang='grc' dir='ltr'><strong><em>κατ’</em></strong></span> <span class='ocrx_word' id='word_1_134' title='bbox 999 2197 1105 2279; x_wconf 82' lang='grc' dir='ltr'><strong><em>ἰδίαν,</em></strong></span> <span class='ocrx_word' id='word_1_135' title='bbox 1136 2201 1276 2282; x_wconf 86' lang='lat' dir='ltr'><strong>bipertito</strong></span> <span class='ocrx_word' id='word_1_136' title='bbox 1301 2201 1474 2285; x_wconf 86' lang='grc' dir='ltr'><strong><em>δισχιδῶς,</em></strong></span> 
     </span>
     <span class='ocr_line' id='line_1_19' title="bbox 168 2303 1474 2393; baseline 0.005 -26"><span class='ocrx_word' id='word_1_137' title='bbox 168 2308 316 2387; x_wconf 87' lang='lat' dir='ltr'><strong>tripertito</strong></span> <span class='ocrx_word' id='word_1_138' title='bbox 348 2303 540 2387; x_wconf 84' lang='grc' dir='ltr'><strong><em>τρισχιδῶς,</em></strong></span> <span class='ocrx_word' id='word_1_139' title='bbox 574 2307 788 2386; x_wconf 88' lang='lat' dir='ltr'><strong>quadripertito</strong></span> <span class='ocrx_word' id='word_1_140' title='bbox 824 2304 1044 2388; x_wconf 86' lang='grc' dir='ltr'><strong><em>τετρασχιδῶς</em></strong></span> <span class='ocrx_word' id='word_1_141' title='bbox 1081 2307 1340 2390; x_wconf 73' lang='lat' dir='ltr'><strong>[quadripertito]</strong></span> <span class='ocrx_word' id='word_1_142' title='bbox 1357 2332 1474 2393; x_wconf 90' lang='grc' dir='ltr'><strong><em>τετρα-</em></strong></span> 
     </span>
     <span class='ocr_line' id='line_1_20' title="bbox 166 2405 1474 2511; baseline 0.005 -36"><span class='ocrx_word' id='word_1_143' title='bbox 166 2411 282 2511; x_wconf 83' lang='grc' dir='ltr'><strong><em>μερῶς,</em></strong></span> <span class='ocrx_word' id='word_1_144' title='bbox 302 2415 424 2475; x_wconf 86' lang='lat' dir='ltr'><strong>iortuito</strong></span> <span class='ocrx_word' id='word_1_145' title='bbox 439 2414 602 2494; x_wconf 90' lang='grc' dir='ltr'><strong><em>τυχηρῶς,</em></strong></span> <span class='ocrx_word' id='word_1_146' title='bbox 616 2414 730 2474; x_wconf 83' lang='lat' dir='ltr'><strong>infinito</strong></span> <span class='ocrx_word' id='word_1_147' title='bbox 751 2409 756 2496; x_wconf 81' lang='grc' dir='ltr'>Ι</span> <span class='ocrx_word' id='word_1_148' title='bbox 776 2405 939 2500; x_wconf 81' lang='grc' dir='ltr'><strong><em>ἀορίστως</em></strong></span> <span class='ocrx_word' id='word_1_149' title='bbox 952 2407 1159 2498; x_wconf 82' lang='grc' dir='ltr'><strong><em>ἀπεράντως,</em></strong></span> <span class='ocrx_word' id='word_1_150' title='bbox 1175 2420 1315 2478; x_wconf 89' lang='lat' dir='ltr'><strong>continuo</strong></span> <span class='ocrx_word' id='word_1_151' title='bbox 1330 2409 1474 2500; x_wconf 82' lang='grc' dir='ltr'><strong><em>εὐθέως,</em></strong></span> 
     </span>
     <span class='ocr_line' id='line_1_21' title="bbox 166 2511 1474 2607; baseline 0.005 -25"><span class='ocrx_word' id='word_1_152' title='bbox 166 2523 263 2601; x_wconf 89' lang='lat' dir='ltr'><strong>primu</strong></span> <span class='ocrx_word' id='word_1_153' title='bbox 294 2511 450 2599; x_wconf 78' lang='grc' dir='ltr'><strong><em>πρῶτος,</em></strong></span> <span class='ocrx_word' id='word_1_154' title='bbox 496 2523 616 2601; x_wconf 87' lang='lat' dir='ltr'><strong>opinato</strong></span> <span class='ocrx_word' id='word_1_155' title='bbox 648 2516 982 2603; x_wconf 88' lang='grc' dir='ltr'><strong><em>προσδεδοκημένως,</em></strong></span> <span class='ocrx_word' id='word_1_156' title='bbox 1019 2524 1152 2602; x_wconf 86' lang='lat' dir='ltr'><strong>proiecto</strong></span> <span class='ocrx_word' id='word_1_157' title='bbox 1186 2518 1330 2604; x_wconf 88' lang='grc' dir='ltr'><strong><em>δηλαδή,</em></strong></span> <span class='ocrx_word' id='word_1_158' title='bbox 1364 2545 1474 2607; x_wconf 84' lang='lat' dir='ltr'><strong>magno</strong></span> 
     </span>
     <span class='ocr_line' id='line_1_22' title="bbox 166 2620 1516 2709; baseline 0.004 -21"><span class='ocrx_word' id='word_1_159' title='bbox 166 2621 332 2708; x_wconf 81' lang='grc' dir='ltr'><strong><em>μεγάλως,</em></strong></span> <span class='ocrx_word' id='word_1_160' title='bbox 355 2646 423 2688; x_wconf 89' lang='lat' dir='ltr'><strong>raro</strong></span> <span class='ocrx_word' id='word_1_161' title='bbox 447 2626 610 2706; x_wconf 82' lang='grc' dir='ltr'><strong><em>σπανίως,</em></strong></span> <span class='ocrx_word' id='word_1_162' title='bbox 634 2630 740 2689; x_wconf 85' lang='lat' dir='ltr'><strong>merito</strong></span> <span class='ocrx_word' id='word_1_163' title='bbox 765 2626 901 2701; x_wconf 79' lang='grc' dir='ltr'><strong><em>δικαίως</em></strong></span> <span class='ocrx_word' id='word_1_164' title='bbox 922 2620 1036 2707; x_wconf 80' lang='grc' dir='ltr'><strong><em>άξίως,</em></strong></span> <span class='ocrx_word' id='word_1_165' title='bbox 1064 2631 1203 2690; x_wconf 83' lang='lat' dir='ltr'><strong>inmerito</strong></span> <span class='ocrx_word' id='word_1_166' title='bbox 1226 2622 1384 2709; x_wconf 81' lang='grc' dir='ltr'><strong><em>άναξίως,</em></strong></span> <span class='ocrx_word' id='word_1_167' title='bbox 1410 2634 1473 2694; x_wconf 90' lang='lat' dir='ltr'><strong>otio</strong></span> <span class='ocrx_word' id='word_1_168' title='bbox 1488 2648 1516 2686; x_wconf 70' lang='grc' dir='ltr'><strong>ιν</strong></span> 
     </span>
     <span class='ocr_line' id='line_1_23' title="bbox 165 2724 1473 2818; baseline 0.004 -22"><span class='ocrx_word' id='word_1_169' title='bbox 165 2724 308 2816; x_wconf 88' lang='grc' dir='ltr'><strong><em>άμελῶς,</em></strong></span> <span class='ocrx_word' id='word_1_170' title='bbox 341 2734 448 2796; x_wconf 84' lang='lat' dir='ltr'><strong>crelrro</strong></span> <span class='ocrx_word' id='word_1_171' title='bbox 475 2731 624 2812; x_wconf 81' lang='grc' dir='ltr'><strong><em>πυκνῶς,</em></strong></span> <span class='ocrx_word' id='word_1_172' title='bbox 656 2737 775 2795; x_wconf 84' lang='grc' dir='ltr'><strong><em>οιοοίοο</em></strong></span> <span class='ocrx_word' id='word_1_173' title='bbox 803 2732 987 2812; x_wconf 78' lang='grc' dir='ltr'><strong><em>παντελῶς,</em></strong></span> <span class='ocrx_word' id='word_1_174' title='bbox 1019 2735 1097 2796; x_wconf 88' lang='lat' dir='ltr'><strong>ultro</strong></span> <span class='ocrx_word' id='word_1_175' title='bbox 1130 2727 1347 2818; x_wconf 79' lang='grc' dir='ltr'><strong><em>αὐθαιρέτως.</em></strong></span> <span class='ocrx_word' id='word_1_176' title='bbox 1398 2741 1473 2800; x_wconf 89' lang='lat' dir='ltr'><strong>item</strong></span> 
     </span>
     <span class='ocr_line' id='line_1_24' title="bbox 167 2834 1474 2925; baseline 0.003 -21"><span class='ocrx_word' id='word_1_177' title='bbox 167 2851 237 2904; x_wconf 91' lang='lat' dir='ltr'><strong>sunt</strong></span> <span class='ocrx_word' id='word_1_178' title='bbox 260 2862 335 2922; x_wconf 89' lang='lat' dir='ltr'><strong>quae</strong></span> <span class='ocrx_word' id='word_1_179' title='bbox 358 2845 388 2902; x_wconf 95' lang='lat' dir='ltr'><strong>in</strong></span> <span class='ocrx_word' id='word_1_180' title='bbox 412 2860 457 2902; x_wconf 86' lang='lat' dir='ltr'><strong>aur</strong></span> <span class='ocrx_word' id='word_1_181' title='bbox 482 2844 750 2923; x_wconf 46' lang='lat' dir='ltr'><strong>terminantur,·ut</strong></span> <span class='ocrx_word' id='word_1_182' title='bbox 773 2842 846 2903; x_wconf 88' lang='lat' dir='ltr'><strong>ciam</strong></span> <span class='ocrx_word' id='word_1_183' title='bbox 870 2834 996 2921; x_wconf 91' lang='grc' dir='ltr'><strong><em>λάθρα,</em></strong></span> <span class='ocrx_word' id='word_1_184' title='bbox 1022 2844 1199 2922; x_wconf 89' lang='lat' dir='ltr'><strong>nequiquam</strong></span> <span class='ocrx_word' id='word_1_185' title='bbox 1223 2835 1347 2924; x_wconf 84' lang='grc' dir='ltr'><strong><em>μάτην,</em></strong></span> <span class='ocrx_word' id='word_1_186' title='bbox 1374 2846 1474 2925; x_wconf 85' lang='lat' dir='ltr'><strong>palam</strong></span> 
     </span>
     <span class='ocr_line' id='line_1_25' title="bbox 166 2944 1472 3032; baseline 0.004 -22"><span class='ocrx_word' id='word_1_187' title='bbox 166 2945 335 3030; x_wconf 85' lang='grc' dir='ltr'><strong><em>φανερῶς,</em></strong></span> <span class='ocrx_word' id='word_1_188' title='bbox 358 2948 472 3011; x_wconf 87' lang='lat' dir='ltr'><strong>obviam</strong></span> <span class='ocrx_word' id='word_1_189' title='bbox 496 2945 529 3023; x_wconf 81' lang='grc' dir='ltr'><strong>έξ</strong></span> <span class='ocrx_word' id='word_1_190' title='bbox 549 2944 716 3027; x_wconf 80' lang='grc' dir='ltr'><strong><em>ἐναντίας,</em></strong></span> <span class='ocrx_word' id='word_1_191' title='bbox 739 2948 873 3010; x_wconf 73' lang='lat' dir='ltr'><strong>bifariam</strong></span> <span class='ocrx_word' id='word_1_192' title='bbox 893 2945 1008 3029; x_wconf 89' lang='grc' dir='ltr'><strong><em>διχῶς,</em></strong></span> <span class='ocrx_word' id='word_1_193' title='bbox 1031 2950 1174 3010; x_wconf 77' lang='lat' dir='ltr'><strong>trifariam</strong></span> <span class='ocrx_word' id='word_1_194' title='bbox 1193 2947 1326 3032; x_wconf 89' lang='grc' dir='ltr'><strong><em>τριχῶς,</em></strong></span> <span class='ocrx_word' id='word_1_195' title='bbox 1351 2953 1472 3030; x_wconf 89' lang='lat' dir='ltr'><strong>quadri·</strong></span> 
     </span>
     <span class='ocr_line' id='line_1_26' title="bbox 167 3053 1472 3139; baseline 0.004 -22"><span class='ocrx_word' id='word_1_196' title='bbox 167 3058 269 3117; x_wconf 81' lang='lat' dir='ltr'><strong>fariam</strong></span> <span class='ocrx_word' id='word_1_197' title='bbox 304 3053 481 3137; x_wconf 87' lang='grc' dir='ltr'><strong><em>τετραχῶς,</em></strong></span> <span class='ocrx_word' id='word_1_198' title='bbox 518 3056 706 3117; x_wconf 88' lang='lat' dir='ltr'><strong>muitiiariam</strong></span> <span class='ocrx_word' id='word_1_199' title='bbox 742 3053 929 3136; x_wconf 90' lang='grc' dir='ltr'><strong><em>πολλαχῶς,</em></strong></span> <span class='ocrx_word' id='word_1_200' title='bbox 966 3074 1064 3116; x_wconf 87' lang='lat' dir='ltr'><strong>coram</strong></span> <span class='ocrx_word' id='word_1_201' title='bbox 1102 3054 1270 3137; x_wconf 85' lang='grc' dir='ltr'><strong><em>φανερῶς,</em></strong></span> <span class='ocrx_word' id='word_1_202' title='bbox 1312 3078 1472 3139; x_wconf 82' lang='lat' dir='ltr'><strong>perperam</strong></span> 
     </span>
     <span class='ocr_line' id='line_1_27' title="bbox 166 3154 1515 3248; baseline 0.002 -25"><span class='ocrx_word' id='word_1_203' title='bbox 166 3161 335 3244; x_wconf 88' lang='grc' dir='ltr'><strong><em>προπετῶς</em></strong></span> <span class='ocrx_word' id='word_1_204' title='bbox 358 3154 473 3236; x_wconf 88' lang='grc' dir='ltr'><strong><em>άλλως.</em></strong></span> <span class='ocrx_word' id='word_1_205' title='bbox 519 3171 589 3223; x_wconf 91' lang='lat' dir='ltr'><strong>suut</strong></span> <span class='ocrx_word' id='word_1_206' title='bbox 617 3180 691 3241; x_wconf 89' lang='lat' dir='ltr'><strong>quae</strong></span> <span class='ocrx_word' id='word_1_207' title='bbox 720 3164 750 3223; x_wconf 92' lang='lat' dir='ltr'><strong>iu</strong></span> <span class='ocrx_word' id='word_1_208' title='bbox 775 3180 794 3222; x_wconf 91' lang='lat' dir='ltr'><strong>u</strong></span> <span class='ocrx_word' id='word_1_209' title='bbox 818 3165 1027 3244; x_wconf 84' lang='lat' dir='ltr'><strong>terminantur,</strong></span> <span class='ocrx_word' id='word_1_210' title='bbox 1057 3172 1088 3223; x_wconf 93' lang='lat' dir='ltr'><strong>ut</strong></span> <span class='ocrx_word' id='word_1_211' title='bbox 1116 3162 1197 3224; x_wconf 90' lang='lat' dir='ltr'><strong>dictu</strong></span> <span class='ocrx_word' id='word_1_212' title='bbox 1226 3161 1271 3248; x_wconf 81' lang='grc' dir='ltr'><strong><em>τῷ</em></strong></span> <span class='ocrx_word' id='word_1_213' title='bbox 1299 3159 1515 3246; x_wconf 62' lang='lat' dir='ltr'><strong>tapsenses</strong></span> 
     </span>
     <span class='ocr_line' id='line_1_28' title="bbox 167 3265 1474 3355; baseline 0.005 -25"><span class='ocrx_word' id='word_1_214' title='bbox 167 3271 246 3330; x_wconf 89' lang='lat' dir='ltr'><strong>iactu</strong></span> <span class='ocrx_word' id='word_1_215' title='bbox 268 3267 313 3354; x_wconf 78' lang='grc' dir='ltr'><strong><em>τῶ</em></strong></span> <span class='ocrx_word' id='word_1_216' title='bbox 337 3265 496 3350; x_wconf 83' lang='grc' dir='ltr'><strong><em>γενέσθαι</em></strong></span> <span class='ocrx_word' id='word_1_217' title='bbox 520 3314 528 3329; x_wconf 94' lang='grc'><strong>.</strong></span> <span class='ocrx_word' id='word_1_218' title='bbox 552 3271 622 3329; x_wconf 88' lang='lat' dir='ltr'><strong>item</strong></span> <span class='ocrx_word' id='word_1_219' title='bbox 646 3276 717 3328; x_wconf 86' lang='lat' dir='ltr'><strong>sunt</strong></span> <span class='ocrx_word' id='word_1_220' title='bbox 739 3286 814 3347; x_wconf 86' lang='lat' dir='ltr'><strong>quae</strong></span> <span class='ocrx_word' id='word_1_221' title='bbox 838 3270 869 3329; x_wconf 95' lang='lat' dir='ltr'><strong>in</strong></span> <span class='ocrx_word' id='word_1_222' title='bbox 892 3287 908 3328; x_wconf 86' lang='lat' dir='ltr'><strong>a</strong></span> <span class='ocrx_word' id='word_1_223' title='bbox 932 3271 1144 3350; x_wconf 90' lang='lat' dir='ltr'><strong>terminantur,</strong></span> <span class='ocrx_word' id='word_1_224' title='bbox 1168 3281 1201 3332; x_wconf 89' lang='lat' dir='ltr'><strong>ut</strong></span> <span class='ocrx_word' id='word_1_225' title='bbox 1220 3272 1330 3333; x_wconf 79' lang='lat' dir='ltr'><strong>frustra</strong></span> <span class='ocrx_word' id='word_1_226' title='bbox 1350 3265 1474 3355; x_wconf 86' lang='grc' dir='ltr'><strong><em>μάτην,</em></strong></span> 
     </span>
     <span class='ocr_line' id='line_1_29' title="bbox 166 3366 1474 3459; baseline 0.004 -22"><span class='ocrx_word' id='word_1_227' title='bbox 166 3377 264 3438; x_wconf 88' lang='lat' dir='ltr'><strong>dedita</strong></span> <span class='ocrx_word' id='word_1_228' title='bbox 286 3372 450 3457; x_wconf 79' lang='grc' dir='ltr'><strong><em>ἐπίτηδες,</em></strong></span> <span class='ocrx_word' id='word_1_229' title='bbox 473 3378 580 3437; x_wconf 87' lang='lat' dir='ltr'><strong>iniuria</strong></span> <span class='ocrx_word' id='word_1_230' title='bbox 604 3366 734 3447; x_wconf 78' lang='grc' dir='ltr'><strong><em>ἀδίκως.</em></strong></span> <span class='ocrx_word' id='word_1_231' title='bbox 771 3383 840 3435; x_wconf 89' lang='lat' dir='ltr'><strong>sunt</strong></span> <span class='ocrx_word' id='word_1_232' title='bbox 859 3374 912 3435; x_wconf 87' lang='lat' dir='ltr'><strong>alia</strong></span> <span class='ocrx_word' id='word_1_233' title='bbox 930 3377 963 3435; x_wconf 91' lang='lat' dir='ltr'><strong>iu</strong></span> <span class='ocrx_word' id='word_1_234' title='bbox 978 3394 994 3434; x_wconf 92' lang='lat' dir='ltr'><strong>e</strong></span> <span class='ocrx_word' id='word_1_235' title='bbox 1009 3380 1057 3436; x_wconf 83' lang='lat' dir='ltr'><strong>uel</strong></span> <span class='ocrx_word' id='word_1_236' title='bbox 1069 3383 1116 3437; x_wconf 88' lang='lat' dir='ltr'><strong>ter</strong></span> <span class='ocrx_word' id='word_1_237' title='bbox 1129 3381 1195 3438; x_wconf 81' lang='lat' dir='ltr'><strong>sine</strong></span> <span class='ocrx_word' id='word_1_238' title='bbox 1208 3387 1375 3459; x_wconf 82' lang='lat' dir='ltr'><strong>prototypo,</strong></span> <span class='ocrx_word' id='word_1_239' title='bbox 1390 3381 1474 3443; x_wconf 86' lang='lat' dir='ltr'><strong>vetut</strong></span> 
     </span>
     <span class='ocr_line' id='line_1_30' title="bbox 166 3476 1472 3572; baseline 0.003 -27"><span class='ocrx_word' id='word_1_240' title='bbox 166 3493 278 3545; x_wconf 89' lang='lat' dir='ltr'><strong>temere</strong></span> <span class='ocrx_word' id='word_1_241' title='bbox 287 3481 468 3563; x_wconf 91' lang='grc' dir='ltr'><strong><em>προπετῶς,</em></strong></span> <span class='ocrx_word' id='word_1_242' title='bbox 478 3482 594 3543; x_wconf 88' lang='lat' dir='ltr'><strong>abunde</strong></span> <span class='ocrx_word' id='word_1_243' title='bbox 608 3477 807 3556; x_wconf 89' lang='grc' dir='ltr'><strong><em>πολυτελῶς,</em></strong></span> <span class='ocrx_word' id='word_1_244' title='bbox 822 3484 886 3542; x_wconf 89' lang='lat' dir='ltr'><strong>iure</strong></span> <span class='ocrx_word' id='word_1_245' title='bbox 902 3479 1049 3560; x_wconf 73' lang='lat' dir='ltr'><strong>rituales,</strong></span> <span class='ocrx_word' id='word_1_246' title='bbox 1063 3482 1160 3544; x_wconf 87' lang='lat' dir='ltr'><strong>obiter</strong></span> <span class='ocrx_word' id='word_1_247' title='bbox 1172 3480 1208 3546; x_wconf 85' lang='grc' dir='ltr'><strong>έν</strong></span> <span class='ocrx_word' id='word_1_248' title='bbox 1218 3483 1262 3570; x_wconf 79' lang='grc' dir='ltr'><strong><em>τῶ</em></strong></span> <span class='ocrx_word' id='word_1_249' title='bbox 1278 3476 1379 3572; x_wconf 80' lang='grc' dir='ltr'><strong><em>αὐτῶ.</em></strong></span> <span class='ocrx_word' id='word_1_250' title='bbox 1397 3489 1472 3550; x_wconf 89' lang='lat' dir='ltr'><strong>item</strong></span> 
     </span>
     <span class='ocr_line' id='line_1_31' title="bbox 166 3583 1472 3675; baseline 0.005 -26"><span class='ocrx_word' id='word_1_251' title='bbox 166 3591 238 3651; x_wconf 78' lang='lat' dir='ltr'><strong>irasc</strong></span> <span class='ocrx_word' id='word_1_252' title='bbox 248 3591 385 3652; x_wconf 85' lang='lat' dir='ltr'><strong>adverbia</strong></span> <span class='ocrx_word' id='word_1_253' title='bbox 394 3583 612 3671; x_wconf 90' lang='grc' dir='ltr'><strong><em>πρωτότυπον</em></strong></span> <span class='ocrx_word' id='word_1_254' title='bbox 626 3606 685 3648; x_wconf 92' lang='lat' dir='ltr'><strong>non</strong></span> <span class='ocrx_word' id='word_1_255' title='bbox 700 3588 818 3670; x_wconf 87' lang='lat' dir='ltr'><strong>habent,</strong></span> <span class='ocrx_word' id='word_1_256' title='bbox 833 3589 911 3650; x_wconf 88' lang='lat' dir='ltr'><strong>reiut</strong></span> <span class='ocrx_word' id='word_1_257' title='bbox 925 3598 993 3669; x_wconf 91' lang='lat' dir='ltr'><strong>post</strong></span> <span class='ocrx_word' id='word_1_258' title='bbox 1007 3593 1156 3668; x_wconf 90' lang='lat' dir='ltr'><strong>posterius</strong></span> <span class='ocrx_word' id='word_1_259' title='bbox 1170 3603 1363 3674; x_wconf 86' lang='lat' dir='ltr'><strong>postremum,</strong></span> <span class='ocrx_word' id='word_1_260' title='bbox 1379 3613 1472 3675; x_wconf 81' lang='lat' dir='ltr'><strong>supra</strong></span> 
     </span>
    </p>
   </div>
   <div class='ocr_carea' id='block_1_3' title="bbox 165 3804 1472 4361">
    <p class='ocr_par' dir='ltr' id='par_1_5' title="bbox 165 3804 1472 4361">
     <span class='ocr_line' id='line_1_32' title="bbox 256 3804 1471 3881; baseline 0.004 -20"><span class='ocrx_word' id='word_1_261' title='bbox 256 3806 346 3861; x_wconf 71' lang='lat' dir='ltr'><strong>aona</strong></span> <span class='ocrx_word' id='word_1_262' title='bbox 369 3804 565 3874; x_wconf 76' lang='lat' dir='ltr'><strong>Sanqotiensr&#39;s.</strong></span> <span class='ocrx_word' id='word_1_263' title='bbox 603 3804 767 3859; x_wconf 69' lang='lat' dir='ltr'><strong>nsimiiiter</strong></span> <span class='ocrx_word' id='word_1_264' title='bbox 786 3808 929 3874; x_wconf 70' lang='lat' dir='ltr'><strong>(eruperaet.</strong></span> <span class='ocrx_word' id='word_1_265' title='bbox 950 3807 989 3874; x_wconf 87' lang='lat' dir='ltr'><strong>et)</strong></span> <span class='ocrx_word' id='word_1_266' title='bbox 1017 3807 1109 3862; x_wconf 84' lang='lat' dir='ltr'><strong>audax</strong></span> <span class='ocrx_word' id='word_1_267' title='bbox 1194 3816 1279 3878; x_wconf 73' lang='lat' dir='ltr'><strong>iper</strong></span> <span class='ocrx_word' id='word_1_268' title='bbox 1296 3810 1351 3881; x_wconf 77' lang='lat' dir='ltr'><strong>ter]</strong></span> <span class='ocrx_word' id='word_1_269' title='bbox 1371 3827 1423 3880; x_wconf 87' lang='lat' dir='ltr'><strong>per</strong></span> <span class='ocrx_word' id='word_1_270' title='bbox 1442 3814 1471 3866; x_wconf 85' lang='lat' dir='ltr'><strong>te</strong></span> 
     </span>
     <span class='ocr_line' id='line_1_33' title="bbox 202 3885 1470 3958; baseline 0.004 -18"><span class='ocrx_word' id='word_1_271' title='bbox 202 3885 364 3956; x_wconf 75' lang='lat' dir='ltr'><strong>ostripitus</strong></span> <span class='ocrx_word' id='word_1_272' title='bbox 436 3885 573 3940; x_wconf 88' lang='lat' dir='ltr'><strong>morditns</strong></span> <span class='ocrx_word' id='word_1_273' title='bbox 596 3886 666 3954; x_wconf 75' lang='grc' dir='ltr'><strong><em>δραξ</em></strong></span> <span class='ocrx_word' id='word_1_274' title='bbox 739 3888 806 3940; x_wconf 82' lang='lat' dir='ltr'><strong>auc</strong></span> <span class='ocrx_word' id='word_1_275' title='bbox 825 3885 923 3940; x_wconf 82' lang='lat' dir='ltr'><strong>cessim</strong></span> <span class='ocrx_word' id='word_1_276' title='bbox 995 3887 1146 3958; x_wconf 71' lang='lat' dir='ltr'><strong>droptim]</strong></span> <span class='ocrx_word' id='word_1_277' title='bbox 1167 3889 1268 3958; x_wconf 82' lang='lat' dir='ltr'><strong>partim</strong></span> <span class='ocrx_word' id='word_1_278' title='bbox 1344 3896 1377 3943; x_wconf 88' lang='lat'><strong>10</strong></span> <span class='ocrx_word' id='word_1_279' title='bbox 1396 3910 1470 3945; x_wconf 85' lang='grc' dir='ltr'><strong><em>κατα</em></strong></span> 
     </span>
     <span class='ocr_line' id='line_1_34' title="bbox 165 3967 1471 4040; baseline 0.003 -18"><span class='ocrx_word' id='word_1_280' title='bbox 165 3984 366 4037; x_wconf 82' lang='grc' dir='ltr'><strong><em>προςμεχρετιν</em></strong></span> <span class='ocrx_word' id='word_1_281' title='bbox 380 3987 397 4036; x_wconf 94' lang='grc' dir='ltr'><strong><em>η</em></strong></span> <span class='ocrx_word' id='word_1_282' title='bbox 413 3986 471 4036; x_wconf 91' lang='grc' dir='ltr'><strong>αμα</strong></span> <span class='ocrx_word' id='word_1_283' title='bbox 541 3973 571 4020; x_wconf 90' lang='grc'><strong>11</strong></span> <span class='ocrx_word' id='word_1_284' title='bbox 588 3967 691 4021; x_wconf 89' lang='lat' dir='ltr'><strong>sensim</strong></span> <span class='ocrx_word' id='word_1_285' title='bbox 704 3969 866 4035; x_wconf 87' lang='grc' dir='ltr'><strong><em>ηεμαλατρα</em></strong></span> <span class='ocrx_word' id='word_1_286' title='bbox 934 3971 1086 4037; x_wconf 81' lang='grc' dir='ltr'><strong><em>κλεψιμεος</em></strong></span> <span class='ocrx_word' id='word_1_287' title='bbox 1160 3975 1190 4022; x_wconf 74' lang='lat'><strong>12</strong></span> <span class='ocrx_word' id='word_1_288' title='bbox 1206 3969 1335 4040; x_wconf 81' lang='lat' dir='ltr'><strong>deditim]</strong></span> <span class='ocrx_word' id='word_1_289' title='bbox 1350 3970 1471 4027; x_wconf 87' lang='lat' dir='ltr'><strong>deuitim</strong></span> 
     </span>
     <span class='ocr_line' id='line_1_35' title="bbox 202 4045 1406 4120; baseline 0.002 -16"><span class='ocrx_word' id='word_1_290' title='bbox 202 4048 339 4118; x_wconf 80' lang='lat' dir='ltr'><strong>carpatim</strong></span> <span class='ocrx_word' id='word_1_291' title='bbox 413 4053 445 4100; x_wconf 78' lang='grc'><strong>15</strong></span> <span class='ocrx_word' id='word_1_292' title='bbox 464 4046 561 4102; x_wconf 89' lang='lat' dir='ltr'><strong>dubita</strong></span> <span class='ocrx_word' id='word_1_293' title='bbox 636 4055 668 4103; x_wconf 86' lang='grc'><strong>16</strong></span> <span class='ocrx_word' id='word_1_294' title='bbox 687 4045 849 4117; x_wconf 77' lang='lat' dir='ltr'><strong>supertritae</strong></span> <span class='ocrx_word' id='word_1_295' title='bbox 921 4047 1034 4115; x_wconf 85' lang='grc' dir='ltr'><strong><em>διχιδως</em></strong></span> <span class='ocrx_word' id='word_1_296' title='bbox 1107 4055 1138 4102; x_wconf 85' lang='grc'><strong>19</strong></span> <span class='ocrx_word' id='word_1_297' title='bbox 1158 4049 1287 4120; x_wconf 85' lang='lat' dir='ltr'><strong>opinato]</strong></span> <span class='ocrx_word' id='word_1_298' title='bbox 1307 4054 1406 4106; x_wconf 79' lang='lat' dir='ltr'><strong>ornato</strong></span> 
     </span>
     <span class='ocr_line' id='line_1_36' title="bbox 167 4127 1471 4201; baseline 0.005 -19"><span class='ocrx_word' id='word_1_299' title='bbox 167 4134 199 4182; x_wconf 78' lang='lat'><strong>21</strong></span> <span class='ocrx_word' id='word_1_300' title='bbox 216 4131 328 4199; x_wconf 85' lang='grc' dir='ltr'><strong><em>αμηλως</em></strong></span> <span class='ocrx_word' id='word_1_301' title='bbox 395 4133 541 4198; x_wconf 84' lang='grc' dir='ltr'><strong><em>παντηλως</em></strong></span> <span class='ocrx_word' id='word_1_302' title='bbox 609 4130 795 4196; x_wconf 82' lang='grc' dir='ltr'><strong><em>αυταυρεθως</em></strong></span> <span class='ocrx_word' id='word_1_303' title='bbox 860 4133 895 4180; x_wconf 75' lang='lat'><strong>22</strong></span> <span class='ocrx_word' id='word_1_304' title='bbox 910 4127 1080 4197; x_wconf 75' lang='lat' dir='ltr'><strong>nequiquam</strong></span> <span class='ocrx_word' id='word_1_305' title='bbox 1094 4149 1184 4199; x_wconf 87' lang='grc' dir='ltr'><strong><em>ματην</em></strong></span> <span class='ocrx_word' id='word_1_306' title='bbox 1199 4129 1323 4185; x_wconf 75' lang='lat' dir='ltr'><strong>dsistam</strong></span> <span class='ocrx_word' id='word_1_307' title='bbox 1339 4135 1471 4201; x_wconf 83' lang='grc' dir='ltr'><strong><em>επιτηδες</em></strong></span> 
     </span>
     <span class='ocr_line' id='line_1_37' title="bbox 167 4205 1472 4282; baseline 0.005 -18"><span class='ocrx_word' id='word_1_308' title='bbox 167 4208 261 4280; x_wconf 79' lang='lat' dir='ltr'><strong>pnlom</strong></span> <span class='ocrx_word' id='word_1_309' title='bbox 341 4213 374 4262; x_wconf 75' lang='lat'><strong>2⁷</strong></span> <span class='ocrx_word' id='word_1_310' title='bbox 394 4207 490 4263; x_wconf 81' lang='lat' dir='ltr'><strong>dedito</strong></span> <span class='ocrx_word' id='word_1_311' title='bbox 518 4205 648 4279; x_wconf 77' lang='grc' dir='ltr'><strong><em>ἐπίτηδες</em></strong></span> <span class='ocrx_word' id='word_1_312' title='bbox 666 4226 716 4266; x_wconf 80' lang='lat' dir='ltr'><strong>arn.</strong></span> <span class='ocrx_word' id='word_1_313' title='bbox 789 4208 847 4263; x_wconf 79' lang='lat' dir='ltr'><strong>olio</strong></span> <span class='ocrx_word' id='word_1_314' title='bbox 864 4208 893 4261; x_wconf 88' lang='lat' dir='ltr'><strong>in</strong></span> <span class='ocrx_word' id='word_1_315' title='bbox 912 4225 927 4262; x_wconf 86' lang='grc' dir='ltr'><strong><em>ε</em></strong></span> <span class='ocrx_word' id='word_1_316' title='bbox 946 4228 1130 4276; x_wconf 79' lang='grc' dir='ltr'><strong><em>πρωτοτοπον</em></strong></span> <span class='ocrx_word' id='word_1_317' title='bbox 1148 4216 1186 4264; x_wconf 81' lang='lat' dir='ltr'><strong>uri</strong></span> <span class='ocrx_word' id='word_1_318' title='bbox 1205 4215 1310 4266; x_wconf 85' lang='lat' dir='ltr'><strong>temero</strong></span> <span class='ocrx_word' id='word_1_319' title='bbox 1328 4232 1472 4282; x_wconf 84' lang='grc' dir='ltr'><strong><em>προποτος</em></strong></span> 
     </span>
     <span class='ocr_line' id='line_1_38' title="bbox 166 4288 644 4361; baseline 0.004 -20"><span class='ocrx_word' id='word_1_320' title='bbox 166 4288 345 4356; x_wconf 56' lang='grc' dir='ltr'><strong><em>(τοτε-τως)</em></strong></span> <span class='ocrx_word' id='word_1_321' title='bbox 417 4295 451 4343; x_wconf 80' lang='lat'><strong>29</strong></span> <span class='ocrx_word' id='word_1_322' title='bbox 470 4289 559 4361; x_wconf 85' lang='lat' dir='ltr'><strong>velut]</strong></span> <span class='ocrx_word' id='word_1_323' title='bbox 578 4308 644 4344; x_wconf 87' lang='lat' dir='ltr'><strong>uum</strong></span> 
     </span>
    </p>
   </div>
   <div class='ocr_carea' id='block_1_4' title="bbox 167 4417 377 4424">
    <p class='ocr_par' dir='ltr' id='par_1_6' title="bbox 167 4417 377 4424">
     <span class='ocr_line' id='line_1_39' title="bbox 167 4417 377 4424; baseline 0.01 -1"><span class='ocrx_word' id='word_1_324' title='bbox 167 4417 377 4424; x_wconf 72' lang='lat'>——.—.--·</span> 
     </span>
    </p>
   </div>
   <div class='ocr_carea' id='block_1_5' title="bbox 165 4483 1518 4952">
    <p class='ocr_par' dir='ltr' id='par_1_7' title="bbox 165 4483 1518 4952">
     <span class='ocr_line' id='line_1_40' title="bbox 255 4483 1518 4572; baseline 0.011 -36"><span class='ocrx_word' id='word_1_325' title='bbox 255 4489 272 4536; x_wconf 81' lang='grc'><strong>4</strong></span> <span class='ocrx_word' id='word_1_326' title='bbox 292 4483 362 4537; x_wconf 82' lang='lat' dir='ltr'><strong>Sunt</strong></span> <span class='ocrx_word' id='word_1_327' title='bbox 384 4485 518 4541; x_wconf 83' lang='lat' dir='ltr'><strong>oduerbia</strong></span> <span class='ocrx_word' id='word_1_328' title='bbox 540 4485 686 4554; x_wconf 77' lang='lat' dir='ltr'><strong>qualitatis</strong></span> <span class='ocrx_word' id='word_1_329' title='bbox 705 4517 737 4523; x_wconf 88' lang='lat'>—</span> <span class='ocrx_word' id='word_1_330' title='bbox 757 4492 791 4540; x_wconf 82' lang='lat'><strong>28</strong></span> <span class='ocrx_word' id='word_1_331' title='bbox 811 4488 926 4549; x_wconf 76' lang='lat' dir='ltr'><strong>daemon</strong></span> <span class='ocrx_word' id='word_1_332' title='bbox 950 4486 1009 4542; x_wconf 88' lang='lat' dir='ltr'><strong>iure</strong></span> <span class='ocrx_word' id='word_1_333' title='bbox 1032 4490 1116 4543; x_wconf 77' lang='lat' dir='ltr'><strong>codex</strong></span> <span class='ocrx_word' id='word_1_334' title='bbox 1140 4489 1316 4545; x_wconf 78' lang='lat' dir='ltr'><strong>Monacensis</strong></span> <span class='ocrx_word' id='word_1_335' title='bbox 1335 4496 1388 4545; x_wconf 85' lang='lat'><strong>601</strong></span> <span class='ocrx_word' id='word_1_336' title='bbox 1409 4495 1472 4564; x_wconf 85' lang='lat' dir='ltr'><strong>(M)</strong></span> <span class='ocrx_word' id='word_1_337' title='bbox 1503 4554 1518 4572; x_wconf 51' lang='lat'>‚</span> 
     </span>
     <span class='ocr_line' id='line_1_41' title="bbox 186 4560 1470 4637; baseline 0.014 -25"><span class='ocrx_word' id='word_1_338' title='bbox 186 4566 200 4614; x_wconf 81' lang='lat'><strong>7</strong></span> <span class='ocrx_word' id='word_1_339' title='bbox 220 4560 249 4614; x_wconf 91' lang='lat' dir='ltr'><strong>in</strong></span> <span class='ocrx_word' id='word_1_340' title='bbox 268 4562 306 4615; x_wconf 92' lang='lat' dir='ltr'><strong>im</strong></span> <span class='ocrx_word' id='word_1_341' title='bbox 325 4566 354 4617; x_wconf 87' lang='lat' dir='ltr'><strong>et</strong></span> <span class='ocrx_word' id='word_1_342' title='bbox 372 4565 424 4620; x_wconf 90' lang='lat' dir='ltr'><strong>tim</strong></span> <span class='ocrx_word' id='word_1_343' title='bbox 443 4567 479 4620; x_wconf 82' lang='lat' dir='ltr'><strong>aa</strong></span> <span class='ocrx_word' id='word_1_344' title='bbox 501 4567 545 4632; x_wconf 87' lang='lat' dir='ltr'><strong>M,</strong></span> <span class='ocrx_word' id='word_1_345' title='bbox 563 4566 591 4619; x_wconf 91' lang='lat' dir='ltr'><strong>in</strong></span> <span class='ocrx_word' id='word_1_346' title='bbox 611 4566 663 4620; x_wconf 89' lang='lat' dir='ltr'><strong>sim</strong></span> <span class='ocrx_word' id='word_1_347' title='bbox 682 4583 715 4621; x_wconf 83' lang='lat' dir='ltr'><strong>ac</strong></span> <span class='ocrx_word' id='word_1_348' title='bbox 734 4566 786 4620; x_wconf 90' lang='lat' dir='ltr'><strong>tim</strong></span> <span class='ocrx_word' id='word_1_349' title='bbox 805 4568 990 4623; x_wconf 84' lang='lat' dir='ltr'><strong>terminantur</strong></span> <span class='ocrx_word' id='word_1_350' title='bbox 1011 4571 1155 4637; x_wconf 79' lang='lat' dir='ltr'><strong>Hoqenns,</strong></span> <span class='ocrx_word' id='word_1_351' title='bbox 1173 4568 1241 4623; x_wconf 87' lang='lat' dir='ltr'><strong>item</strong></span> <span class='ocrx_word' id='word_1_352' title='bbox 1260 4569 1288 4623; x_wconf 91' lang='lat' dir='ltr'><strong>in</strong></span> <span class='ocrx_word' id='word_1_353' title='bbox 1308 4570 1346 4624; x_wconf 92' lang='lat' dir='ltr'><strong>im</strong></span> <span class='ocrx_word' id='word_1_354' title='bbox 1361 4571 1470 4634; x_wconf 58' lang='grc' dir='ltr'><strong><em>(ἕλοιτο.</em></strong></span> 
     </span>
     <span class='ocr_line' id='line_1_42' title="bbox 165 4642 1471 4725; baseline 0.011 -31"><span class='ocrx_word' id='word_1_355' title='bbox 165 4646 313 4710; x_wconf 63' lang='lat' dir='ltr'><strong>pransa,</strong></span> <span class='ocrx_word' id='word_1_356' title='bbox 326 4642 384 4697; x_wconf 78' lang='lat' dir='ltr'><strong>alia</strong></span> <span class='ocrx_word' id='word_1_357' title='bbox 397 4644 426 4698; x_wconf 88' lang='lat' dir='ltr'><strong>in</strong></span> <span class='ocrx_word' id='word_1_358' title='bbox 440 4646 479 4699; x_wconf 89' lang='lat' dir='ltr'><strong>im</strong></span> <span class='ocrx_word' id='word_1_359' title='bbox 493 4646 637 4700; x_wconf 80' lang='lat' dir='ltr'><strong>Diomedes</strong></span> <span class='ocrx_word' id='word_1_360' title='bbox 650 4650 773 4716; x_wconf 57' lang='lat' dir='ltr'><strong>paona</strong></span> <span class='ocrx_word' id='word_1_361' title='bbox 830 4653 862 4699; x_wconf 93' lang='grc'><strong>10</strong></span> <span class='ocrx_word' id='word_1_362' title='bbox 880 4647 1080 4717; x_wconf 80' lang='lat' dir='ltr'><strong>pedetemptim</strong></span> <span class='ocrx_word' id='word_1_363' title='bbox 1099 4646 1171 4703; x_wconf 84' lang='grc' dir='ltr'><strong><em>κατά</em></strong></span> <span class='ocrx_word' id='word_1_364' title='bbox 1190 4647 1471 4725; x_wconf 79' lang='grc' dir='ltr'><strong><em>προχῶρησινήρέμα</em></strong></span> 
     </span>
     <span class='ocr_line' id='line_1_43' title="bbox 166 4719 1472 4809; baseline 0.011 -37"><span class='ocrx_word' id='word_1_365' title='bbox 166 4719 301 4788; x_wconf 75' lang='grc' dir='ltr'><strong><em>Ησμττικο</em></strong></span> <span class='ocrx_word' id='word_1_366' title='bbox 381 4724 505 4779; x_wconf 75' lang='lat' dir='ltr'><strong>actuata</strong></span> <span class='ocrx_word' id='word_1_367' title='bbox 524 4726 642 4788; x_wconf 86' lang='grc' dir='ltr'><strong><em>δικαιως</em></strong></span> <span class='ocrx_word' id='word_1_368' title='bbox 658 4725 777 4795; x_wconf 70' lang='lat' dir='ltr'><strong>querito</strong></span> <span class='ocrx_word' id='word_1_369' title='bbox 796 4727 883 4792; x_wconf 81' lang='grc' dir='ltr'><strong><em>αξιως</em></strong></span> <span class='ocrx_word' id='word_1_370' title='bbox 902 4730 938 4783; x_wconf 87' lang='grc' dir='ltr'><strong>Μ</strong></span> <span class='ocrx_word' id='word_1_371' title='bbox 1017 4733 1051 4782; x_wconf 77' lang='grc'><strong>27</strong></span> <span class='ocrx_word' id='word_1_372' title='bbox 1070 4727 1167 4782; x_wconf 75' lang='lat' dir='ltr'><strong>dedita</strong></span> <span class='ocrx_word' id='word_1_373' title='bbox 1185 4725 1327 4799; x_wconf 76' lang='grc' dir='ltr'><strong><em>ἐπίτηδες,</em></strong></span> <span class='ocrx_word' id='word_1_374' title='bbox 1346 4735 1419 4809; x_wconf 74' lang='grc' dir='ltr'><strong><em>ρκοχί</em></strong></span> <span class='ocrx_word' id='word_1_375' title='bbox 1438 4737 1472 4791; x_wconf 79' lang='grc' dir='ltr'><strong><em>τίτ</em></strong></span> 
     </span>
     <span class='ocr_line' id='line_1_44' title="bbox 166 4803 1472 4880; baseline 0.011 -27"><span class='ocrx_word' id='word_1_376' title='bbox 166 4807 280 4869; x_wconf 82' lang='lat' dir='ltr'><strong>ntraqnc</strong></span> <span class='ocrx_word' id='word_1_377' title='bbox 298 4803 388 4856; x_wconf 77' lang='lat' dir='ltr'><strong>codice</strong></span> <span class='ocrx_word' id='word_1_378' title='bbox 406 4810 565 4873; x_wconf 80' lang='lat' dir='ltr'><strong>corruptum</strong></span> <span class='ocrx_word' id='word_1_379' title='bbox 583 4806 657 4860; x_wconf 81' lang='lat' dir='ltr'><strong>etin</strong></span> <span class='ocrx_word' id='word_1_380' title='bbox 675 4806 812 4860; x_wconf 77' lang='lat' dir='ltr'><strong>adverbiis</strong></span> <span class='ocrx_word' id='word_1_381' title='bbox 830 4823 876 4861; x_wconf 83' lang='lat' dir='ltr'><strong>sm</strong></span> <span class='ocrx_word' id='word_1_382' title='bbox 894 4808 983 4874; x_wconf 73' lang='lat' dir='ltr'><strong>finitis</strong></span> <span class='ocrx_word' id='word_1_383' title='bbox 999 4809 1131 4875; x_wconf 65' lang='lat' dir='ltr'><strong>scripturn</strong></span> <span class='ocrx_word' id='word_1_384' title='bbox 1154 4814 1203 4877; x_wconf 81' lang='lat' dir='ltr'><strong>est,</strong></span> <span class='ocrx_word' id='word_1_385' title='bbox 1226 4810 1279 4862; x_wconf 80' lang='grc' dir='ltr'><strong><em>λκο</em></strong></span> <span class='ocrx_word' id='word_1_386' title='bbox 1296 4814 1472 4880; x_wconf 73' lang='lat' dir='ltr'><strong>transposuit</strong></span> 
     </span>
     <span class='ocr_line' id='line_1_45' title="bbox 167 4882 684 4952; baseline 0.004 -16"><span class='ocrx_word' id='word_1_387' title='bbox 167 4882 300 4952; x_wconf 83' lang='grc' dir='ltr'><strong><em>Ηαρονιαο</em></strong></span> <span class='ocrx_word' id='word_1_388' title='bbox 680 4914 684 4922; x_wconf 90' lang='grc'>-</span> 
     </span>
    </p>
   </div>
   <div class='ocr_carea' id='block_1_6' title="bbox 0 0 1662 5474">
    <p class='ocr_par' dir='ltr' id='par_1_8' title="bbox 0 0 1662 5474">
     <span class='ocr_line' id='line_1_46' title="bbox 0 0 1662 5474; baseline 0 0"><span class='ocrx_word' id='word_1_389' title='bbox 0 0 1662 5474; x_wconf 95' lang='lat' dir='ltr'><strong> </strong></span> 
     </span>
    </p>
   </div>
  </div>
 </body>
</html>
