3316 5474
642 378 690 432 DE
710 377 1001 433 OltTHOGitAPHlA
1410 375 1470 439 l'll

167 492 189 532 ι».
204 480 265 518 asoa.
279 478 306 519 ss
319 479 344 518 Ρ.

167 563 254 623 vidua
282 566 381 643 vipera
409 566 503 624 viator
532 566 677 643 vitisator,
704 571 823 642 praeter
853 561 1000 642 bitumen,
1035 565 1101 640 quia
1132 566 1229 623 neutri
1256 565 1375 641 generis
1403 580 1471 621 con·

166 673 276 730 sistens
305 689 461 730 numerum
494 668 703 747 disyllaborum
736 670 875 748 excessit3
912 668 1000 728 bilem
1034 671 1122 728 etiam
1154 669 1342 729 discretionis
1370 686 1472 729 causa:

167 795 236 837 uam
259 779 284 837 si
308 778 404 837 sellem
425 777 584 856 significat,
606 794 660 855 per
679 775 698 834 b
721 785 846 854 mutam,
869 778 894 834 si
918 775 1064 835 abiectum
1084 774 1192 854 aliquid
1213 794 1247 835 ac
1270 777 1351 854 parri
1376 777 1473 853 pretii,

54 916 57 921 ·
167 902 261 963 perv
289 884 446 945 scribetur.
483 882 583 943 bibula
612 891 709 942 autem
738 900 754 940 a
782 880 872 941 verbo
901 882 979 960 qnod
1008 891 1054 941 est
1081 881 1358 960 bibo-traducitur,
1386 882 1472 940 cuius
1558 919 1565 927 -

138 999 271 1070 spostea
295 990 411 1068 regulas
435 989 578 1051 dabimus.

256 1096 297 1156 Vc
325 1097 423 1157 brevis
452 1096 496 1156 vel
524 1096 668 1175 producta
697 1114 817 1155 servans
845 1097 1025 1175 principium
1055 1098 1182 1156 nominis
1215 1115 1269 1176 per
1295 1115 1312 1154 v
1344 1095 1471 1156 litteram

166 1204 275 1265 vocalis
298 1207 405 1264 amissa
432 1212 579 1282 potestate
607 1203 769 1282 scribetur,
795 1211 828 1262 ut
852 1201 985 1262 voluntas
1009 1201 1143 1280 voluptas
1167 1220 1273 1281 vorago
1298 1199 1471 1261 vucalmlnm

167 1314 294 1371 vomitus
324 1318 438 1390 rotum3
470 1310 549 1370 borm
580 1308 781 1378 tantummodo
813 1308 944 1387 regulam
973 1318 1146 1388 superante,
1176 1326 1212 1367 eo
1241 1307 1319 1387 qttod
1353 1311 1384 1366 iu
1418 1309 1473 1366 tria

166 1436 276 1496 genera
299 1417 488 1496 dispertitum
512 1420 564 1499 sit,
588 1434 655 1476 cum
679 1414 898 1493 praedictorum
923 1413 993 1473 nibil
1018 1417 1141 1493 liguram
1166 1413 1317 1475 mobilium
1341 1416 1472 1493 recipiat.

126 1542 153 1578 ao
256 1523 300 1584 Bu
319 1542 372 1584 sen
397 1523 540 1602 producta
560 1541 612 1582 seu
632 1528 769 1599 correpta
793 1521 884 1580 luerit
906 1523 1088 1600 praeposita,
1112 1520 1130 1580 b
1153 1530 1264 1581 mutam
1288 1519 1421 1599 babebit,
1440 1529 1473 1580 ut

166 1629 264 1691 buxus
283 1630 354 1690 bulo
373 1630 493 1690 bustum
513 1629 618 1689 lmciua
638 1627 744 1688 bucula
765 1635 794 1686 et
812 1625 1031 1686 huiuscemodi
1051 1630 1156 1687 omitia.
1190 1627 1271 1686 nullo
1285 1628 1363 1686 euim
1384 1628 1472 1687 modu

166 1742 283 1815 poterat
307 1739 368 1815 ipsa
392 1737 449 1796 sibi
472 1756 488 1793 v
511 1736 608 1796 littera
634 1735 775 1814 praeponi
799 1751 857 1791 non
881 1734 1038 1792 coniuncta
1062 1735 1150 1793 etiam
1170 1733 1224 1792 alia
1247 1734 1420 1797 consonanti
1442 1736 1470 1791 iu

168 1844 261 1922 prima
286 1842 402 1921 syllaba.
447 1862 514 1902 rum
544 1849 640 1900 tamen
665 1837 816 1898 dissimilis
840 1839 980 1897 contiuuo
1010 1837 1106 1898 littera
1131 1840 1220 1898 luerit
1244 1837 1416 1916 subsecuta,
1441 1848 1473 1898 ut
1520 1817 1529 1835 ³

168 1947 266 2010 vultus
289 1949 394 2029 vulgus
419 1949 580 2029 Vulcanus,
604 1964 658 2025 per
681 1965 697 2004 r
721 1945 888 2023 digammon
910 1944 1067 2005 scribetur.
1089 1940 1094 2024 Ι
1114 1963 1180 2005 nam
1201 1947 1225 2005 si
1249 1947 1344 2024 prima
1363 1943 1472 2024 syllaba

258 2121 370 2193 lqnia]
390 2121 463 2189 quod
483 2120 541 2173 AC
610 2124 775 2172 inumerus
794 2116 822 2168 Β
894 2116 1109 2186 dissyllaborum
1128 2117 1186 2170 Bu
1254 2117 1311 2171 bile
1330 2116 1421 2170 ABG

168 2199 342 2254 discretionis
365 2217 449 2254 cansa
472 2198 574 2252 dicitur
595 2215 660 2251 nam
684 2196 711 2249 B
793 2201 809 2248 3
833 2194 871 2248 fel
890 2198 939 2251 §A
1021 2200 1149 2250 tantem
1173 2213 1223 2252 out.
1242 2199 1270 2250 A
1352 2198 1474 2253 timebi-

167 2278 237 2333 linm
260 2279 377 2350 ligurem
400 2280 427 2333 Β
510 2285 542 2331 11
567 2278 643 2332 bullo
666 2275 723 2330 AC
804 2280 836 2327 tt
858 2279 968 2343 poterat
987 2276 1048 2346 ipso
1067 2275 1120 2329 sibi
1143 2295 1160 2328 u
1178 2277 1274 2330 littera
1291 2279 1428 2345 praeponi
1446 2278 1474 2330 Β

167 2361 279 2428 poteret
305 2359 359 2428 ipsi
387 2357 605 2433 sibipraeponi
628 2358 654 2409 A
685 2354 788 2425 poterit
815 2355 874 2423 ipse
897 2356 950 2410 sibi
978 2358 1112 2426 praeponi
1138 2357 1161 2410 Ο
1248 2373 1301 2409 non
1326 2359 1475 2410 coniuncta

168 2437 253 2492 etism
277 2438 349 2492 aliae
372 2441 399 2491 B
422 2454 477 2490 non
502 2436 649 2490 coniuncta
668 2441 700 2490 Eri
719 2437 775 2491 alin
794 2436 818 2490 0
839 2452 894 2490 non
917 2438 1066 2491 coniuncta
1084 2453 1144 2491 esse
1163 2436 1235 2491 eliae
1254 2439 1281 2489 A
1356 2445 1388 2491 14
1407 2437 1473 2490 seri·
1511 2458 1520 2470 ·

168 2519 269 2573 bentur
286 2517 377 2573 ABG

168 2682 1472 2692 -——-——-——————-————-————

620 2794 802 2891 naurrpu
820 2795 868 2850 DE
888 2796 910 2849 B
930 2796 977 2851 ET
996 2796 1021 2850 V

169 2962 250 3041 bret,
273 2980 327 3040 per
347 2962 365 3019 b
390 2969 500 3021 mutam
524 2960 686 3041 scribetnr3
710 2965 734 3022 si
758 2963 847 3023 brere
866 2963 999 3042 aliquod,
1022 2982 1076 3043 per
1095 2984 1112 3022 r
1130 2963 1297 3042 digammon
1317 2962 1473 3021 scribetur.

169 3067 266 3128 bibula
291 3071 368 3128 enim
393 3086 409 3127 a
433 3067 501 3127 bibo
526 3067 616 3127 verbo
641 3069 821 3151 traducitur,
844 3073 930 3131 citius
953 3080 1055 3149 postea
1080 3071 1196 3149 regulas
1220 3069 1406 3129 meditemur.

190 3165 194 3172 ’
256 3173 297 3234 Vc
324 3174 423 3234 brevis
450 3174 495 3233 rel
523 3174 667 3253 producta
696 3176 856 3236 observans
884 3179 1062 3256 principium
1091 3196 1145 3256 per
1169 3197 1185 3234 r
1208 3177 1335 3236 litteram
1368 3174 1474 3234 roralis

167 3284 273 3341 amissa
302 3290 447 3361 potestate
476 3279 638 3360 scribetur,
667 3290 699 3341 ut
730 3281 863 3342 voluutas
891 3283 1024 3361 voluptas
1051 3300 1157 3361 roragu
1183 3281 1356 3342 rocalmlnm
1380 3281 1474 3338 rumis

140 3397 280 3469 scotum,
314 3388 392 3447 imno
425 3387 628 3447 tantummodo
657 3387 788 3466 regulam
821 3397 994 3468 spernente,
1027 3407 1062 3447 eo
1099 3387 1177 3466 quod
1213 3391 1243 3449 iu
1277 3389 1332 3448 tria
1365 3404 1473 3465 genera

168 3493 355 3574 dispertitur,
379 3514 446 3555 rum
470 3494 690 3573 praedictorum
716 3495 787 3555 nibil
812 3495 935 3574 figuram
960 3494 1111 3554 mobilium
1136 3497 1250 3574 recipit.

257 3600 299 3661 Bn
324 3604 384 3661 sire
408 3600 552 3679 producta
573 3619 625 3659 seu
646 3610 784 3680 correpta
806 3602 896 3662 luerit
920 3604 1100 3682 praeposita,
1125 3602 1142 3661 b
1167 3611 1276 3661 mutam
1301 3600 1421 3661 babebit
1444 3602 1473 3658 iu

169 3709 330 3787 scriptura,
354 3717 387 3767 nt
410 3707 520 3786 bumrs,
543 3707 614 3766 bulo
634 3708 859 3787 φυσίγναθος,
883 3708 1017 3789 ltnstum,
1037 3708 1156 3788 turcinu,
1177 3708 1281 3768 lmeula
1302 3718 1332 3768 et
1351 3708 1473 3767 buinsru

170 3814 247 3873 modi
274 3817 379 3874 omnia.
423 3813 502 3874 nullu
530 3817 608 3875 euim
639 3815 725 3875 modo
753 3824 870 3893 poterat
898 3817 960 3894 ipsa
989 3815 1045 3874 sibi
1076 3834 1092 3874 a·
1120 3816 1217 3875 littera
1244 3815 1386 3893 praeponi
1420 3813 1473 3872 alia

131 3922 257 3980 tot-tiam
286 3930 466 3980 consonante
495 3924 523 3981 iu
554 3923 647 4000 prima
676 3940 734 3980 nort
765 3924 921 3982 eutriuncta
950 3922 1066 4001 syllaba.
1104 3941 1172 3982 cnm
1203 3932 1300 3981 tamen
1324 3919 1474 3979 dissimilis

172 4030 312 4087 continuo
337 4028 433 4087 littera
459 4029 547 4088 inerit
571 4028 744 4108 subsecuta,
768 4037 801 4088 ut
820 4029 919 4089 vultus
938 4029 1042 4107 vulgus
1062 4030 1208 4089 Vulcanus
1228 4047 1261 4089 ac
1282 4028 1361 4107 talia,
1386 4046 1474 4106 perv

171 4132 336 4212 digammon
365 4134 521 4195 scribetur.
565 4153 631 4193 nam
659 4136 684 4193 si
712 4136 806 4213 prima
835 4135 942 4213 syllaba
977 4134 1092 4194 ‹lesiuat
1119 4138 1150 4194 in
1179 4142 1404 4210 consonantem,
1439 4151 1473 4191 ex

171 4258 228 4319 qua
252 4243 339 4301 etiam
364 4240 492 4301 secunda
518 4243 651 4324 incipiat,
674 4241 692 4301 b
717 4251 827 4301 mutam
853 4243 960 4320 repetit
984 4244 1013 4300 in
1037 4243 1200 4320 scriptura,
1224 4247 1257 4298 ut
1280 4238 1372 4298 burra
1397 4237 1473 4296 bulla

172 4354 202 4408 et
224 4347 339 4407 similia.

260 4526 276 4573 3
296 4520 445 4574 observans
464 4523 598 4589 punctum
617 4519 797 4591 principium,
815 4520 862 4573 sed
879 4518 1015 4588 punctum
1033 4517 1168 4571 subducta
1185 4516 1286 4569 timulo
1299 4519 1423 4570 notatum
1436 4515 1476 4582 N,

172 4597 202 4652 in
224 4599 361 4668 principio
385 4599 505 4654 nominis
528 4601 621 4669 posite
644 4600 672 4653 P
740 4606 756 4653 t
779 4599 812 4651 ut
834 4603 897 4651 unte
915 4597 1044 4651 voluntas
1067 4612 1118 4651 orn.
1137 4595 1175 4662 N,
1199 4595 1262 4649 add.
1288 4595 1315 4648 P
1385 4598 1475 4650 vomis

173 4679 202 4731 et
225 4682 319 4732 votum
344 4680 417 4734 bono
440 4680 635 4734 tantummodo
654 4681 780 4749 regulam
799 4680 945 4748 spernente
966 4677 994 4730 P
1015 4670 1104 4732 vomi's'
1122 4680 1218 4729 votnm
1240 4676 1330 4730 bonus
1352 4678 1475 4732 tantum·

173 4758 256 4813 modo
280 4759 405 4827 regulam
430 4763 562 4828 superant
584 4759 618 4813 Ν
700 4769 715 4815 6
734 4757 939 4828 praedictarum
959 4758 999 4812 nil
1016 4758 1049 4812 N
1064 4754 1287 4827 praedicatorum
1305 4755 1377 4809 nihil
1398 4756 1425 4809 P

175 4839 354 4894 rbmutam
372 4839 489 4895 habebit
509 4839 536 4892 P
552 4839 571 4894 b
589 4841 696 4895 mutam
714 4837 864 4895 habuerint
881 4837 915 4892 N
968 4845 998 4894 ’9
1018 4856 1036 4893 r
1054 4853 1104 4893 om.
1123 4835 1188 4890 NP
