3316 5474
626 342 680 396 DE,
695 341 984 400 ORTHOGDAPHIA

144 456 167 493 p.
183 446 238 484 aros
252 445 276 484 r.

336 576 367 639 V
395 576 455 641 EX
478 576 743 643 ADAMANTIO
766 576 997 645 MARTYRIO
1021 578 1080 643 DE
1104 577 1132 641 B
1156 578 1212 641 ET
1237 578 1266 641 V

238 723 278 782 Va
302 723 409 803 syllaba
433 723 622 804 praefulgens
646 725 676 783 in
701 725 795 802 eapite
820 726 947 785 nominis
971 744 1024 804 per
1046 744 1060 783 r
1086 724 1214 785 vocalem
1239 724 1302 784 loco
1327 727 1451 804 positam

146 833 338 890 consonantis
362 829 690 911 scribetur„quouiam
713 829 785 890 haec
809 831 885 910 apud
910 823 1030 891 Latinos
1054 831 1150 892 littora
1176 831 1242 911 plus
1267 831 1341 891 valet
1364 850 1450 910 qrram

146 934 279 1019 bmuta,
304 940 372 1016 quia
391 946 421 997 et
440 937 547 997 vocalis
568 945 614 997 est
636 946 679 1018 et,
703 937 773 997 dum
792 940 969 998 crassiorem
989 941 1127 1017 exprimit
1146 957 1265 1018 sonum,
1290 941 1396 998 transit
1421 940 1451 998 in

99 1059 116 1099 ⁵
147 1046 375 1104 consonantium
403 1052 592 1125 potestatem,
620 1053 653 1104 ut
681 1053 761 1104 vates
791 1062 881 1104 vanus
910 1063 1000 1124 vagus
1027 1044 1140 1104 validus
1169 1063 1291 1124 vacuus,
1320 1048 1452 1124 exceptis

147 1149 230 1209 basio
253 1149 368 1211 balineo
392 1161 422 1211 et
446 1150 563 1232 baculo,
587 1169 602 1210 a
626 1169 685 1229 quo
710 1149 832 1211 bacillus
852 1153 983 1211 nascitur
1002 1151 1225 1211 deminutivum.
1262 1150 1309 1211 illa
1334 1151 1451 1231 quoque

124 1258 281 1338 -uomina,
304 1275 431 1336 quorum
456 1258 585 1318 secunda
609 1255 716 1335 syllaba
742 1258 770 1316 in
791 1275 806 1316 a
828 1257 957 1318 litteram
979 1257 1101 1337 desinit,
1125 1276 1178 1336 per
1202 1256 1220 1316 b
1244 1266 1355 1318 mutam
1380 1261 1450 1318 scri·

147 1363 271 1444 bentur,
295 1375 328 1425 ut
351 1364 463 1425 balatro
488 1356 628 1444 ἄσωτος,
653 1362 779 1444 balatus,
802 1362 973 1424 barathrum
999 1363 1169 1442 [barbarus]
1194 1384 1227 1424 ac
1252 1364 1353 1441 talial

150 1487 362 1496 ——-.—.-.

220 1542 232 1588 1
255 1535 303 1589 DX
322 1536 543 1590 ADAMANTIO
562 1534 742 1589 inaurium
761 1534 810 1587 DE
831 1534 852 1587 Β
870 1535 917 1588 ΕΤ
938 1534 1011 1602 U(U
1025 1534 1072 1589 ET
1091 1535 1112 1588 Β
1128 1537 1166 1603 A)
1180 1534 1234 1589 Ae
1246 1534 1451 1589 ADAMANl'll

147 1612 329 1669 ΜΑΒΤΥΒΙΙ
348 1615 395 1669 DE
416 1616 537 1671 BETU
556 1617 584 1669 Β
638 1623 654 1671 2
673 1617 735 1672 loco
750 1617 872 1686 positam
887 1617 1063 1670 consonantis
1077 1632 1127 1670 om.
1143 1616 1169 1668 Β
1224 1622 1240 1668 3
1256 1614 1387 1669 scribitur
1401 1617 1454 1669 AO

182 1694 262 1764 haec]
283 1695 301 1748 h
320 1696 347 1748 B
411 1702 427 1748 6
445 1694 539 1750 bassio
553 1696 652 1750 balneo
666 1697 694 1749 A
715 1697 805 1750 bassio
823 1696 905 1751 balne
925 1694 949 1750 0
1008 1695 1196 1749 deminutione
1214 1693 1305 1748 ABG
1367 1702 1381 1748 7
1400 1713 1451 1765 per

146 1776 291 1828 bmutam
310 1775 464 1828 scribentur
484 1777 515 1827 ut
532 1774 641 1828 balatro
661 1769 796 1832 thdTO(
819 1775 930 1830 balatus
949 1774 1090 1827 baratrum
1109 1773 1137 1825 Β
1155 1790 1205 1842 per
1223 1773 1242 1826 b
1260 1777 1366 1826 mutam
1386 1774 1450 1828 scri-

148 1853 252 1907 buntur
269 1856 302 1907 ut
319 1855 439 1910 balatro.
468 1853 551 1908 acuit.
580 1854 615 1908 de
634 1857 685 1922 (vel
703 1855 748 1921 dc)
767 1856 845 1909 balat
863 1856 1005 1909 baratrum
1026 1853 1113 1922 Gper
1131 1854 1150 1907 b
1169 1855 1276 1906 mutam
1295 1852 1453 1907 scribuntur

146 1936 179 1988 nt
201 1935 280 1989 balat
301 1934 445 1988 baratrum
463 1935 503 2002 A,
527 1951 577 2003 per
599 1935 617 1988 b
643 1938 749 1989 mutam
773 1935 941 2004 scribentur,
964 1939 996 1988 nt
1018 1933 1148 1987 bambalo
1171 1930 1330 1999 ψελλισπὴς,
1357 1933 1453 1999 bacca,

147 2013 276 2067 balathro
295 2008 413 2081 ἄσωτος,
432 2015 544 2069 balatus
563 2010 738 2084 βληχηθμός,
757 2015 920 2069 barathrum
941 2031 957 2073 ς
975 2020 999 2069 et
1019 2013 1117 2068 Carrio
1136 2014 1221 2080 antiq.
1241 2013 1296 2066 tect.
1313 2013 1387 2067 112
1408 2012 1453 2066 ‘cx

145 2094 297 2163 srapmcnte
315 2095 381 2148 labri
400 2095 598 2149 Gernbloccnsis
627 2097 659 2148 in
678 2097 778 2163 paucis
793 2096 911 2164 popellis
929 2094 1053 2163 reliqum,
1075 2094 1100 2147 h.
1121 2110 1141 2146 e.
1161 2110 1194 2145 er
1214 2094 1352 2162 Martyrii
1375 2093 1453 2159 libro,

147 2191 180 2228 cc
198 2191 250 2243 quo
268 2179 293 2227 et
310 2175 359 2228 boc
377 2174 434 2227 loco
452 2179 477 2226 et
495 2174 574 2239 infra
588 2192 618 2244 p.
639 2180 700 2239 174,
719 2181 736 2231 5
760 2180 886 2243 acecrpta
906 2174 1075 2229 Crassiodorii
1089 2176 1199 2243 primus
1219 2173 1317 2228 Carrio
1336 2179 1453 2227 auxerat

599 2430 782 2485 Mnu't't‘ttlt
800 2432 847 2485 DE
866 2432 889 2485 Β
909 2432 956 2485 ΕΤ
976 2432 1000 2485 V

292 2592 351 2657 DE
375 2591 548 2657 NOMINE
573 2592 628 2657 AO
653 2593 711 2658 DE
735 2593 875 2660 PRIMA
898 2591 1082 2659 NOMINIS
1107 2590 1306 2656 SYLLABA

235 2737 275 2797 Va
299 2737 406 2817 syllaba
430 2738 620 2817 praefulgens
644 2742 672 2799 in
697 2744 792 2820 eapite
816 2742 943 2801 nominis
972 2759 1027 2818 per
1049 2760 1066 2798 v
1090 2739 1219 2799 vocalem
1238 2739 1303 2799 loeo
1327 2742 1452 2819 positam

146 2846 336 2903 consonantis
360 2844 521 2925 scribetur,
545 2848 683 2925 quoniam
712 2847 785 2907 hacc
809 2846 886 2926 apud
911 2845 1030 2906 Latinos
1054 2844 1150 2905 littera
1174 2845 1241 2922 plus
1265 2845 1339 2905 valet
1363 2864 1451 2924 qrtam

83 3030 86 3036 Ι
146 2952 164 3010 b
183 2959 277 3031 muta,
299 2969 335 3010 eo
360 2951 440 3030 quod
464 2961 493 3011 et
520 2953 629 3012 vocalis
648 2952 774 3013 habetur
793 2962 823 3013 et
842 2969 1021 3032 consonans,
1045 2951 1161 3030 quaudo
1182 2970 1254 3011 usus
1272 2956 1451 3032 poposcerit,

119 3065 180 3116 sot
203 3066 283 3116 rates
303 3075 393 3137 vagus
412 3078 504 3118 vanus
528 3059 639 3120 validus
660 3079 770 3121 vacuus
791 3063 901 3141 ragina,
924 3068 1047 3139 excepto
1072 3057 1162 3119 basio.
1200 3057 1348 3119 balineum
1373 3063 1451 3119 enim

146 3171 177 3222 et
200 3162 349 3244 baculum,
373 3184 388 3224 a
413 3184 471 3244 quo
495 3168 583 3226 etiarn
607 3165 745 3226 bacillum
770 3168 901 3226 nascitur
925 3166 1145 3246 diminutivum,
1169 3183 1204 3224 ex
1228 3183 1333 3243 graeca
1352 3166 1449 3226 ciocu-

146 3270 226 3329 tione
251 3270 457 3350 transfigurata
478 3275 653 3334 consistunt.
690 3281 844 3352 praeterea
864 3274 958 3351 excipi
981 3273 1173 3350 cognovimus
1196 3270 1268 3330 haec
1288 3290 1362 3349 quae
1382 3271 1450 3331 sub·

146 3376 221 3435 iecta
250 3395 303 3437 sua
331 3396 399 3462 cum
426 3381 670 3459 interpretatione
700 3379 873 3459 reddemuS,
901 3397 976 3458 quae
1005 3395 1151 3457 nusquam
1180 3380 1237 3438 nisi
1264 3379 1295 3436 iu
1325 3377 1450 3437 diversis

146 3482 312 3543 cottidianis
344 3484 570 3563 glossematibus
602 3489 734 3566 repperi,
767 3485 873 3546 batiola
905 3479 1082 3567 ποτήριον,
1116 3483 1205 3544 basus
1237 3477 1379 3564 φαλλός,
1412 3476 1449 3544 τὸ

107 3603 132 3641 ¹⁰
146 3586 279 3651 αἰδοῖον
301 3589 369 3652 τῶν
392 3586 576 3672 βιολόγων,
601 3592 718 3654 batulus
738 3593 924 3673 μογίλαλος.
961 3593 1033 3653 haec
1053 3610 1121 3672 nos,
1139 3594 1277 3670 quoniam
1297 3590 1371 3650 lecta
1392 3610 1450 3650 non

146 3696 327 3777 invenimus,
356 3701 518 3760 inscrutata
547 3699 751 3777 relinquimus.
788 3699 836 3759 iila
865 3718 983 3778 quoque
1008 3701 1139 3778 nomina,
1169 3714 1297 3776 qttorum
1321 3698 1450 3758 secunda

147 3796 254 3881 syllaba
277 3807 308 3864 iu
333 3825 348 3864 a
372 3805 500 3866 litteram
524 3806 652 3886 desinet,
675 3824 729 3885 per
753 3805 770 3865 b
794 3815 905 3866 mutarn
929 3806 1113 3887 scribentur,
1142 3814 1173 3865 ut
1204 3804 1350 3882 [bambalo
1375 3806 1450 3879 ψελ-

147 3903 272 3989 λιστής]
289 3911 364 4012 baca.
373 3905 500 3986 κόκκος,
514 3911 627 3972 balatro
642 3904 779 3992 ἄσωτος,
793 3910 906 3974 balatus
920 3906 1124 3994 βληχηθμός,
1141 3911 1312 3971 barathrum
1327 3931 1360 3970 ac
1376 3910 1450 3972 talia.

146 4031 357 4042 ——m

218 4083 411 4153 tpreflugena
426 4084 459 4137 N
510 4082 719 4137 3seribiturN
769 4084 883 4139 them.
899 4084 962 4138 NP
1012 4104 1064 4139 usu
1077 4087 1210 4153 poscente
1225 4085 1257 4134 ut
1272 4085 1349 4136 vates
1364 4099 1451 4135 vanus

146 4176 234 4230 vagus
248 4163 357 4218 validus
372 4179 475 4217 vacuus
490 4162 593 4233 vagina
607 4165 725 4232 excepto
739 4160 818 4217 basio
828 4164 895 4231 quia
909 4182 959 4232 per
968 4165 1168 4220 detractionem
1183 4161 1294 4214 litterae
1308 4160 1377 4215 facit
1391 4179 1451 4214 ver·

146 4240 213 4296 bum
232 4242 310 4297 cuius
329 4242 510 4313 imperatibns
528 4243 633 4297 enbasa
647 4244 706 4312 (lep.
723 4244 766 4296 est
784 4242 863 4309 basa)
882 4243 1004 4296 mutauit
1023 4258 1090 4311 ergo
1104 4240 1269 4307 scripturam
1284 4254 1319 4292 ne
1338 4242 1452 4308 putetur
1509 4246 1512 4252 '

109 4336 115 4344 ·
147 4336 248 4376 nomen
262 4322 337 4389 qnod
352 4323 491 4391 significat
506 4341 592 4390 σκευη
611 4322 753 4376 babucum
774 4322 802 4374 P
869 4328 883 4375 't
904 4322 1060 4376 consistunt
1073 4318 1148 4388 qnod
1168 4319 1241 4371 enim
1256 4317 1299 4371 illi
1317 4318 1449 4372 baianion

149 4417 199 4454 nos
214 4402 345 4456 balneum
361 4406 390 4458 et
403 4404 476 4473 quod
496 4403 540 4458 illi
559 4406 663 4474 βακλον
681 4420 731 4457 nos
749 4401 878 4457 baculum
898 4401 1016 4455 dicimus
1034 4400 1078 4454 his
1096 4401 1241 4470 praeterea
1261 4398 1289 4449 P
1342 4404 1357 4451 8
1378 4415 1450 4465 quae

147 4499 282 4550 nusquam
298 4483 352 4537 nisi
367 4484 491 4538 Pnenus
506 4483 635 4551 quamuis
649 4483 682 4537 N
720 4481 976 4551 9glosemmatibns
991 4480 1024 4533 N
1074 4480 1156 4533 basus
1172 4471 1278 4546 φαλλὸς
1293 4471 1323 4530 τὸ
1340 4475 1450 4532 αἰδοῖον

147 4580 203 4614 των
221 4565 359 4630 protestor
377 4568 402 4616 et
420 4565 451 4616 in
469 4580 554 4631 rnurp.
575 4557 753 4631 l'prpolo'toaa
772 4559 960 4631 Γμυθολόγων
978 4559 1012 4613 N
1028 4558 1117 4613 babus
1136 4560 1241 4624 φαλλος
1258 4557 1327 4625 (rell.
1346 4560 1407 4624 em.)
1427 4558 1455 4611 P

203 4645 234 4692 12
258 4640 287 4694 in
306 4657 323 4693 a
340 4641 436 4696 littera
459 4642 491 4694 N
561 4642 691 4697 bambalo
715 4637 862 4710 ψελλιστής
885 4658 935 4696 om.
956 4640 984 4693 P
1056 4644 1087 4691 13
1112 4638 1183 4691 baca
1201 4656 1303 4698 κοκκος
1320 4636 1451 4693 balathro

150 4738 255 4782 ασωτος
274 4721 384 4775 balatus
404 4722 566 4791 βληχηθμος
585 4738 617 4775 ac
636 4722 707 4776 talia
725 4722 753 4776 P
767 4724 839 4778 baca
861 4723 1010 4792 βαραθρον
1029 4736 1134 4779 centor
1157 4716 1268 4772 balteus
1285 4717 1449 4772 barathrum

147 4817 181 4855 oo
198 4800 251 4855 tali
268 4800 302 4854 N
