3316 5474
646 338 696 393 ue
715 338 1003 395 onruocerrms
1413 344 1475 408 151

161 450 188 488 p.
203 438 268 479 ms.
281 437 309 479 85
321 438 347 478 Ρ.

164 542 292 603 quoque
319 523 515 604 intellegenda
544 532 598 585 est.
635 526 775 604 extinguo
803 533 849 584 est
877 525 969 605 enim,
997 535 1028 585 et
1050 525 1085 585 ab
1110 525 1168 586 boc
1189 529 1379 610 extinguunt,
1407 529 1477 591 licet

165 632 323 692 enuntiari
346 650 405 693 uon
428 634 531 711 possit.

262 736 452 799 Intervallum
475 737 548 799 duas
571 738 581 798 l
605 732 706 799 babet:
730 737 836 798 vallum
860 740 940 799 enirn
963 739 1062 817 ipsum
1086 757 1144 799 uon
1169 739 1254 801 aliter
1281 740 1437 822 scribitur,
1459 761 1475 803 a

166 863 231 923 quo
255 844 449 906 intervallum.
487 844 579 906 Varro
603 845 674 906 dicit
698 843 849 905 intervalla
873 863 938 905 esse
962 847 1056 924 spatia
1079 864 1155 924 quac
1179 855 1249 908 snut
1280 850 1358 909 inter
1380 852 1475 928 capita

135 951 328 1026 srallorum,
355 951 385 1012 id
412 960 458 1013 est
486 954 620 1032 stipitum
648 950 757 1030 quibus
786 951 892 1013 vallum
920 953 966 1033 lit3
998 954 1077 1014 unde
1106 961 1205 1014 cetera
1236 972 1354 1035 quoque
1383 959 1476 1036 spatia

167 1061 334 1121 intervallo
356 1058 504 1120 dicuutur.

260 1162 448 1225 Observanda
467 1164 575 1245 pusilio
595 1164 766 1244 diligentius
785 1173 831 1226 est
848 1167 1102 1246 praepositionum
1117 1186 1185 1229 cum
1205 1168 1303 1229 verbis
1322 1178 1374 1231 ant
1392 1188 1475 1232 voca·

167 1271 249 1333 bulis
271 1273 459 1352 compositio,
483 1280 516 1331 nt
538 1281 736 1332 consonantes
759 1274 934 1333 novissimas
964 1276 1218 1353 praepositionum
1238 1274 1243 1351 Ι
1263 1278 1392 1338 sciamus
1414 1296 1474 1338 nou

167 1377 293 1459 durare,
320 1377 372 1439 sed
401 1381 509 1439 mutari
535 1379 720 1459 plerumque.
763 1381 862 1458 itaque
891 1399 950 1441 non
981 1399 1142 1460 numquam
1170 1401 1245 1462 quae
1276 1393 1475 1446 consonantes

125 1503 153 1542 ro
168 1483 329 1547 verborum
357 1493 409 1546 aut
432 1485 641 1548 vocabulorum
663 1489 759 1567 primo
788 1486 853 1547 loco
882 1494 966 1568 suut,
995 1487 1112 1549 easdem
1137 1506 1258 1549 necesse
1282 1497 1328 1549 est
1356 1490 1421 1549 beri
1445 1498 1476 1551 et

167 1594 200 1651 in
224 1590 507 1672 praepositionibus,
530 1602 580 1654 aut
603 1604 727 1674 propter
749 1593 897 1655 levitatem
917 1603 968 1654 ant
987 1596 1054 1672 quia
1074 1596 1194 1654 omnino
1213 1598 1362 1657 enuntiari
1385 1615 1473 1676 saepe

167 1696 285 1759 litterae
317 1700 569 1778 praepositionum
603 1718 661 1760 non
694 1708 827 1778 possunt.
873 1697 991 1777 quando
1019 1708 1118 1760 autem
1146 1700 1230 1780 liant,
1257 1701 1375 1778 quando
1404 1721 1473 1779 non,

169 1822 243 1865 sono
267 1805 517 1866 internoscemus:
545 1807 653 1867 accedo
677 1806 736 1866 dno
760 1825 792 1886 c,
819 1802 903 1865 attuli
926 1803 985 1865 duo
1009 1813 1033 1885 t,
1060 1804 1197 1867 assiduus
1220 1805 1279 1867 duo
1302 1824 1331 1888 s,
1356 1807 1474 1870 arrideo

168 1911 229 1971 duo
257 1929 285 1992 r,
313 1929 440 1990 appareo
468 1911 527 1972 duo
554 1931 587 1991 p,
616 1930 713 1971 annuo
741 1911 800 1971 dno
828 1927 864 1990 n,
891 1907 976 1988 alligo
1005 1908 1063 1969 duo
1092 1909 1110 1969 l.
1152 1913 1182 1970 in
1214 1911 1260 1971 bis
1289 1930 1348 1974 uon
1377 1914 1473 1977 solnm

127 2025 292 2097 repropter
318 2016 467 2079 levitatem
495 2027 693 2080 consonantes
721 2025 887 2097 mutantur,
915 2014 1021 2076 sedet
1047 2018 1116 2094 <pria
1144 2016 1224 2077 nulio
1252 2017 1339 2078 modo
1367 2038 1473 2082 sonare

168 2125 187 2186 d
211 2124 309 2185 littera
331 2133 438 2205 potest.
475 2134 520 2186 est
542 2124 593 2186 nbi
612 2134 698 2186 sonet
717 2132 747 2185 et
766 2123 817 2184 ubi
836 2123 997 2204 scribatur,
1021 2141 1089 2183 cum
1113 2124 1127 2183 i
1147 2127 1321 2185 consonanti
1340 2126 1472 2207 adiungi-

168 2240 233 2306 tur,
251 2240 285 2292 ut
303 2231 399 2293 adlluo
419 2230 498 2292 adini
517 2232 670 2291 adlectus:
689 2238 719 2290 at
738 2237 841 2289 contra
860 2228 878 2288 b
899 2247 957 2288 non
977 2237 1075 2309 sonat,
1095 2236 1129 2289 ut
1147 2230 1219 2289 oliui
1238 2231 1330 2290 oliero
1346 2233 1472 2294 oliendo.

167 2340 200 2398 in
218 2336 284 2399 aliis
301 2340 388 2399 etiam
408 2336 640 2399 consonantibus
663 2335 741 2396 idem
760 2336 885 2414 patitur,
909 2342 942 2393 nt
965 2351 1092 2412 suggero
1111 2352 1128 2389 s
1147 2334 1264 2395 ostendi
1283 2339 1362 2397 enim
1382 2357 1471 2418 supra

168 2444 313 2523 digamma
337 2446 526 2505 consonantis
551 2446 608 2504 vim
627 2441 744 2502 babere.
786 2449 832 2500 est
855 2438 906 2500 nbi
930 2439 961 2518 b,
985 2439 1063 2519 qnod
1088 2440 1133 2498 rix
1158 2438 1300 2500 credibile
1323 2449 1382 2523 est,
1406 2446 1435 2504 in
1456 2465 1470 2505 s

126 2568 154 2607 ao
167 2561 305 2631 cogatur,
329 2558 362 2611 ut
385 2553 537 2629 suscipere
557 2551 705 2610 sustinere
725 2544 907 2626 suspendere
927 2546 1085 2625 suscitare,
1108 2553 1139 2604 et
1162 2544 1240 2624 quod
1260 2550 1373 2626 antiqui
1392 2547 1471 2610 dire·

167 2666 239 2718 runt
262 2654 430 2736 sustollere,
458 2675 512 2717 nos
539 2656 701 2737 praeterito
725 2651 840 2713 sustuli,
884 2653 954 2711 item
978 2669 1013 2711 ex
1042 2653 1222 2731 praepositio
1246 2652 1281 2713 ad
1305 2656 1320 2715 l
1343 2654 1470 2717 litteram

167 2765 325 2843 formatur,
355 2772 388 2823 ut
419 2764 508 2824 eliluo
539 2762 645 2823 elindio
676 2761 766 2820 etiero
797 2758 909 2837 cincio,
938 2774 994 2817 nec
1024 2759 1122 2826 minus
1152 2761 1182 2818 in
1212 2777 1226 2819 s
1254 2760 1411 2842 formatur,
1439 2772 1472 2823 nt

257 2943 272 2990 't
292 2935 474 2991 Observanda
492 2934 639 3003 Papirion.
659 2936 725 2997 162,
743 2935 760 2985 9
782 2928 878 2983 Goeeil.
904 2928 986 2982 Vind.
1004 2932 1081 2984 2318

257 3095 271 3142 1
292 3086 485 3156 exstinguont,
505 3086 548 3139 est
567 3083 640 3138 enim
660 3082 695 3136 ab
714 3097 748 3135 ex
766 3080 795 3134 et
813 3079 935 3149 stinguo,
953 3081 983 3133 et
1001 3079 1036 3133 ob
1055 3079 1107 3133 hoc
1126 3080 1306 3152 exstinguont
1325 3082 1423 3137 Carrio

167 3167 202 3221 ab
221 3166 276 3223 boc
294 3165 462 3235 extinguunt
479 3164 507 3217 A
526 3163 561 3216 ob
580 3163 633 3217 boe
652 3161 800 3231 extingunt
817 3161 845 3213 Β
863 3162 898 3214 ab
917 3161 970 3215 hoc
984 3159 1151 3229 extinguent
1170 3160 1193 3214 0
1253 3168 1269 3215 3
1288 3163 1471 3217 interuallum

166 3246 240 3302 enim
250 3264 300 3319 per
309 3246 363 3301 dno
372 3245 394 3298 il
403 3243 509 3299 uallum
518 3239 645 3312 ipsumtl
678 3239 1027 3307 nonaliterom.B,udd.b
1064 3239 1262 3295 tinterualst'
1295 3245 1471 3314 cantrecB,

167 3324 437 3403 r7oPoris.‚sintAC
448 3332 565 3387 Acoeten
574 3330 789 3384 Bernensis2t3
838 3328 989 3400 cornito
1035 3328 1470 3400 qnoquespatiuqu‘apaneiaA

220 3413 405 3469 tinterralla
422 3429 472 3466 om.
491 3408 581 3464 ABG
658 3417 672 3464 7
693 3410 735 3463 est
753 3425 802 3462 om.
821 3408 848 3461 Β
926 3411 977 3463 aut
995 3407 1139 3462 vocabulis
1158 3407 1338 3465 Schneiderue
1355 3427 1470 3480 gramm.

168 3522 216 3576 lut.
235 3522 256 3574 I
268 3538 299 3588 p.
318 3525 386 3586 613,
405 3536 423 3573 s
441 3516 585 3572 uocnlibns
605 3514 662 3569 Ac*
677 3521 701 3568 et
720 3515 802 3568 codex
815 3514 963 3569 Beruenses
981 3519 1038 3570 24³
1057 3491 1223 3568 aiaocalibus
1240 3515 1268 3568 Β
1339 3523 1355 3570 9
1374 3517 1470 3588 itaque

167 3615 222 3653 non
236 3615 368 3667 umquam
383 3593 612 3652 consonantesO
664 3600 697 3648 10
715 3593 864 3648 uerborum
877 3611 895 3650 a
909 3595 1110 3651 uocabulorum
1128 3594 1186 3649 Ac
1240 3602 1270 3649 11
1291 3599 1340 3651 sut
1355 3601 1471 3668 propter

166 3677 311 3733 lenitatem
333 3677 458 3746 aliquam
476 3675 589 3732 omnino
608 3677 635 3730 A
659 3675 808 3744 apropter
831 3674 976 3729 lenitatem
995 3693 1012 3730 a
1031 3683 1087 3745 quie
1105 3674 1217 3731 omnino
1238 3674 1261 3728 0
1283 3693 1338 3749 qne
1357 3679 1471 3747 propter

166 3755 312 3813 leuitatem
330 3771 441 3826 quoqne
461 3755 572 3811 omnino
590 3758 618 3810 Β
637 3773 708 3827 quse
727 3757 842 3825 propter
861 3753 1005 3809 lenitatem
1025 3772 1135 3825 qnoque
1154 3755 1267 3811 omnino
1286 3771 1302 3813 ς
1387 3773 1470 3810 cnun-

166 3836 237 3891 linre
255 3852 339 3905 saepe
358 3834 528 3890 litterano
617 3842 649 3889 12
669 3837 780 3905 quando
799 3839 895 3890 entem
914 3836 964 3889 tint
982 3852 1051 3890 sono
1069 3836 1286 3890 internoscemus
1303 3838 1331 3890 A
1421 3837 1472 3890 fiat

165 3922 291 3986 eoeoerpta
310 3917 460 3986 Papiniani
522 3918 633 3986 qnando
652 3919 719 3988 non]
740 3934 815 3986 quan
832 3915 933 3971 nonO
1000 3922 1032 3970 13
1051 3917 1308 3973 internoscimuso
1372 3925 1404 3972 14
1423 3935 1470 3988 ap·

166 4015 233 4067 paro
248 4000 274 4051 A
326 4002 359 4050 lo
374 3998 518 4050 mutantur
532 3996 581 4050 sed
595 3999 624 4051 et
638 3997 705 4064 quis
714 3996 741 4049 B
755 3996 866 4049 mutant
879 3994 927 4048 sed
942 4001 956 4048 e
972 3995 1047 4063 quod
1062 3995 1124 4050 Ac.
1139 3998 1238 4051 rectius
1252 4002 1311 4051 erut
1321 4000 1431 4051 mutant
1443 3997 1470 4065 d,

165 4078 214 4133 sed
233 4076 346 4146 etquis
425 4083 458 4131 1o
478 4080 520 4132 est
537 4093 587 4132 om.
606 4078 701 4131 ABG.
729 4074 770 4130 ibi
788 4076 870 4129 sonat
887 4077 916 4128 et
933 4073 974 4128 ibi
992 4074 1157 4134 scribitnrs
1233 4079 1403 4131 consonante
1421 4077 1469 4130 ad·

165 4158 290 4228 iungitur
308 4156 401 4212 adfluo
420 4157 446 4208 A
470 4160 634 4214 consonanti
660 4155 790 4226 adiungit
807 4154 899 4209 adfluo
919 4153 942 4207 0
1012 4159 1045 4208 17
1064 4155 1107 4225 at]
1126 4158 1158 4210 ut
1175 4156 1215 4225 B,
1234 4172 1283 4212 orn.
1303 4155 1363 4208 AG
1436 4159 1469 4209 ut

166 4244 230 4293 oste
248 4236 315 4292 offui
334 4252 384 4290 om.
404 4235 493 4291 ABG
553 4240 619 4294 elini
638 4237 764 4295 efferoO
831 4240 864 4289 18
883 4233 982 4303 etiam]
1002 4232 1076 4287 enim
1095 4233 1156 4288 Ac
1217 4238 1251 4290 nt
1268 4239 1331 4288 ante
1350 4250 1469 4302 suggero

165 4333 216 4372 om.
236 4316 259 4371 0
329 4317 469 4383 lacunam,
493 4336 548 4386 qno
572 4322 703 4373 surrento
726 4318 767 4371 vel
788 4316 876 4371 manile
898 4313 1007 4368 verbani
1030 4315 1185 4380 ατσίιιιζιιει,
1207 4316 1340 4368 indicavit
1358 4312 1469 4367 ,telensi-

165 4396 246 4450 ἄαται
263 4398 281 4452 t.
296 4412 331 4451 c.:
351 4395 385 4462 cf,
403 4397 478 4449 Mor.
500 4397 599 4453 Victor.
615 4416 646 4467 p.
661 4402 737 4462 19,4
812 4394 907 4464 supra]
921 4410 952 4461 p.
967 4397 1064 4460 118,5
1143 4400 1174 4447 19
1193 4393 1363 4463 digammem
1382 4393 1471 4448 ABG

219 4476 294 4545 quod
313 4475 361 4529 nix
380 4475 512 4530 credibile
532 4480 574 4531 est
593 4494 609 4536 ς
629 4477 695 4547 quia
714 4475 761 4529 uix
779 4474 911 4530 credibile
930 4475 973 4527 est
991 4473 1018 4526 Β
1046 4471 1175 4541 quemuis
1194 4472 1325 4527 credibile
1345 4476 1388 4527 est
1406 4474 1467 4541 AC,

167 4555 295 4625 quamuis
309 4554 472 4610 incredibile
486 4557 528 4609 est
543 4555 641 4611 Car-rio
697 4564 731 4612 20
746 4559 774 4612 et
787 4555 854 4625 quis
867 4553 975 4621 antiqui
988 4554 1016 4607 Β
1071 4559 1104 4607 21
1119 4552 1271 4623 praeterito
1286 4551 1397 4606 sustolli
1410 4552 1471 4605 Ac

219 4642 252 4690 22
275 4636 412 4689 formetur
432 4636 525 4703 priore
548 4637 605 4689 ioco
627 4653 677 4692 orn.
701 4638 728 4691 B
818 4633 918 4688 effodio
937 4632 1032 4688 (ΜΟ
1118 4650 1169 4687 nec
1192 4632 1283 4687 minus
1302 4630 1469 4688 informatur

167 4715 283 4769 escendo
302 4713 361 4768 Bc
382 4731 433 4769 nec
456 4716 548 4768 minus
571 4714 737 4771 informatur
756 4713 872 4771 excindo
891 4713 926 4768 A
951 4713 1117 4768 informatur
1136 4712 1166 4767 ‘t
1186 4730 1207 4769 e.
1226 4712 1402 4767 immutatur’
1424 4712 1467 4767 dc·

167 4794 255 4861 sentiit
272 4794 453 4849 Scironidcrcs
470 4811 583 4864 gramm.
603 4795 649 4849 lut.
670 4796 691 4848 I
705 4813 735 4864 p.
754 4799 821 4861 644,
839 4794 874 4861 cs.
892 4794 928 4848 ib.
943 4811 975 4862 p.
994 4798 1049 4849 553
