3316 5474
268 408 335 478 540
692 410 922 467 onaeunsrn
948 406 1145 465 nonuusu

267 525 292 562 p.
306 516 351 555 142.
365 516 411 556 212.
426 513 466 555 205
479 514 507 558 V.

268 600 506 680 diligentioribus
537 600 585 662 iila
616 602 746 682 possint,
780 617 855 679 quae
888 608 973 660 acuta
1006 597 1114 677 syllaba
1141 598 1313 658 novissima
1345 598 1552 677 efferuntur,
1576 604 1603 655 ut

269 708 381 769 cochlis
414 708 506 788 liryis
539 708 649 788 Thyis,
685 705 757 767 illud
791 715 838 767 est
869 703 1123 786 respondendum,
1159 706 1261 765 omnia
1299 704 1408 766 verba
1450 704 1604 787 peregrim

269 813 436 876 secundum
464 832 547 875 suam
575 815 769 894 positionem,
801 811 950 893 quomodo
978 812 1053 873 lecta
1085 819 1168 892 sunt,
1199 812 1241 873 ita
1275 815 1454 875 enuntiari
1490 810 1603 873 debere.

269 940 337 983 nam
360 940 428 983 cum
452 924 482 982 in
505 931 638 983 nostram
661 920 908 982 consuetudinem
931 927 1100 999 transeunt,
1128 920 1236 980 rationi
1266 928 1410 981 nostrae
1443 937 1602 1000 quoque*

268 1037 403 1091 ceterum
425 1027 540 1090 nullum
568 1038 614 1089 est
641 1027 765 1088 verbum
793 1030 853 1088 sire
881 1026 1055 1107 disyllabum
1083 1028 1143 1087 sire
1170 1026 1265 1087 trium
1297 1026 1496 1106 pluriumve
1523 1024 1630 1107 syllas

268 1134 374 1197 barum
397 1134 475 1215 quod
500 1137 659 1196 norissima
682 1133 791 1214 syllaba
813 1142 900 1195 acute
924 1135 1105 1195 enuntietur.
1147 1150 1237 1214 super
1256 1132 1349 1195 istud
1373 1132 1419 1195 de
1440 1130 1601 1213 trisyllabis

268 1241 415 1326 dicamus,
438 1243 469 1302 in
493 1240 603 1321 quibus
625 1241 698 1301 baec
722 1242 780 1300 erit
802 1238 983 1301 observatio:
1013 1243 1039 1301 si
1062 1238 1159 1302 media
1181 1237 1297 1319 syllaba
1320 1241 1495 1320 positione
1518 1238 1600 1318 longa

268 1349 373 1431 fuerit,
405 1357 491 1410 acuto
524 1358 595 1409 tono
628 1347 844 1429 enuntiabitur,
875 1356 910 1409 ut
936 1346 1072 1408 lletelius
1104 1344 1227 1408 caucelli
1258 1345 1401 1409 lanistae
1437 1346 1598 1409 fenestrae

269 1455 390 1536 explicit
412 1454 449 1516 de
472 1453 653 1516 accentibus.

641 1735 701 1801 Du
725 1733 924 1801 PROPRIIS
947 1731 1193 1799 NOMINIBVS
1601 1756 1621 1791 ιο

268 1838 292 1876 p.
305 1828 344 1867 en
358 1826 393 1866 aa.
407 1825 475 1866 vua.

358 1902 543 1964 Praenomen
562 1900 640 1981 quod
660 1903 772 1960 nomini
792 1902 998 1981 praeponitur,
1016 1908 1051 1962 ut
1068 1898 1203 1960 Publius:
1222 1915 1332 1957 nomen
1356 1908 1406 1958 est
1427 1914 1587 1958 commune

269 2009 408 2090 familiae,
446 2016 479 2069 ut
512 2006 679 2068 Cornelius:
716 2025 879 2086 cognomen
912 2016 958 2067 est
990 2005 1070 2086 quod
1103 2014 1149 2064 est
1184 2004 1356 2084 proprium,
1397 2011 1433 2063 ut
1474 2002 1586 2082 Scipio:

270 2134 413 2195 agnomen
437 2125 484 2176 est
507 2114 587 2195 quod
609 2116 796 2175 extrinsecus
820 2117 915 2195 venit,
937 2123 972 2175 ut
994 2114 1149 2174 Africanus
1172 2129 1188 2169 a
1211 2111 1336 2189 virtute,
1362 2120 1416 2170 aut
1442 2128 1482 2171 ex
1507 2111 1583 2189 vitio,

271 2231 305 2281 ut
327 2221 436 2282 Fabius
459 2221 589 2302 Gurges,
612 2220 734 2281 Ovidius
757 2220 842 2281 Naso.
889 2238 1069 2301 praenomen
1098 2227 1128 2279 et
1150 2234 1295 2298 agnomen
1320 2215 1503 2296 ambiguum
1525 2224 1583 2277 est:

269 2345 377 2386 nomen
409 2328 506 2406 gentis
534 2334 594 2406 est;
625 2325 736 2386 idcirco
769 2330 848 2388 servi
876 2346 934 2388 non
966 2326 1076 2388 habeut
1109 2327 1234 2387 nomina.
1285 2326 1408 2384 nomina
1440 2324 1615 2385 dicunturn

270 2451 346 2512 quae
365 2441 436 2492 suut
455 2434 621 2493 communia
641 2432 779 2513 familiae,
804 2446 837 2494 ut
856 2433 1013 2496 Cornelius
1026 2454 1043 2495 a
1057 2433 1191 2495 Cornelia
1211 2431 1334 2514 familia,
1358 2433 1431 2510 quia
1452 2431 1581 2492 Cornelii

270 2541 325 2599 toti
348 2537 499 2619 appellati3
523 2546 553 2599 et
576 2538 663 2598 modo
686 2540 717 2599 in
741 2559 797 2600 usu
822 2559 881 2602 uon
905 2550 964 2623 est,
988 2551 1018 2601 et
1041 2558 1148 2601 nomen
1173 2547 1313 2619 putamus
1336 2537 1421 2617 quod
1449 2547 1498 2599 est
1514 2556 1580 2618 pro·

270 2648 383 2728 prium,
407 2643 486 2725 quod
511 2645 567 2705 iuit
589 2654 656 2705 ante
681 2664 837 2707 commune
858 2648 999 2729 familiae,
1022 2647 1100 2707 unde
1120 2644 1265 2723 Vergilius
1288 2639 1459 2705 ‘nornine
1483 2662 1580 2705 arum

270 2748 462 2815 referens?
508 2772 671 2833 cognomen
696 2755 843 2834 estquod
868 2764 914 2816 est
936 2757 1091 2836 proprium
1115 2755 1203 2813 unius
1227 2753 1385 2830 cuiusque.

792 3071 852 3137 DE
875 3070 1049 3137 NOMINE
1589 3070 1612 3108 ‘³

271 3170 293 3208 p.
307 3160 346 3200 eos
359 3158 394 3199 aa
408 3158 477 3199 vna.

361 3234 465 3294 Omnis
488 3236 641 3312 genetivus
665 3237 690 3295 is
709 3236 817 3315 syllaba
838 3240 1013 3298 terminatus
1032 3235 1232 3295 accusativum
1250 3230 1396 3310 pluralem
1415 3250 1450 3293 es
1470 3230 1578 3312 syllaba

273 3343 464 3403 terminatum
489 3341 566 3400 iacit.
608 3344 705 3402 omnia
729 3346 847 3404 nomina
870 3363 886 3403 a
911 3346 1079 3421 terminata,
1103 3343 1129 3400 si
1147 3340 1236 3400 latina
1256 3339 1383 3419 luerint,
1405 3340 1578 3419 genetivum

273 3468 306 3511 ae
330 3450 455 3529 iaciunt,
479 3449 504 3506 si
528 3466 646 3528 graeca,
669 3450 715 3509 tis.
757 3453 854 3510 omnia
878 3453 995 3511 uomina
1018 3468 1123 3530 graeca
1143 3467 1160 3507 o
1181 3448 1335 3508 terminata
1360 3454 1391 3506 et
1414 3448 1463 3507 nis
1486 3455 1518 3507 et
1543 3463 1578 3505 us

273 3557 441 3637 genetivum
465 3555 644 3632 singularem
673 3556 798 3637 iaciunt,
829 3566 861 3618 ut
885 3557 958 3618 llido
982 3557 1074 3617 indus
1098 3563 1128 3616 et
1151 3553 1280 3615 Didonis.
1327 3554 1427 3613 omnia
1458 3554 1576 3613 nomina

275 3660 472 3742 monosyllaba
505 3665 672 3740 genetivum
706 3663 885 3742 singularem
921 3666 947 3723 is
984 3664 1109 3743 iaciunt,
1146 3662 1277 3740 exceptis
1312 3667 1443 3741 septem,
1480 3656 1612 3720 tribusss

274 3766 511 3846 declinabilibus,
541 3787 591 3828 res
619 3787 686 3847 spes
714 3771 772 3849 vir,
805 3777 949 3844 quantuor
982 3770 1260 3841 indeclinabilibus‚
1289 3764 1342 3841 sos
1374 3769 1404 3825 ir
1435 3768 1481 3845 git
1512 3783 1578 3845 pus.

275 3877 371 3937 omnia
400 3877 518 3935 nomina
546 3894 594 3935 ser
623 3878 791 3957 terminata,
820 3879 844 3936 si
873 3896 908 3936 ex
937 3895 969 3936 se
997 3875 1077 3937 aliud
1108 3893 1203 3954 genus
1235 3873 1376 3952 iecerint,
1409 3872 1435 3931 ri
1465 3872 1579 3932 iaciunt

365 4054 378 4101 1
398 4046 563 4119 novissima]
581 4047 610 4101 in
629 4048 780 4103 nouissimo
798 4048 848 4102 Bo
924 4053 956 4103 ut
974 4050 1072 4118 Cyclas
1090 4047 1178 4117 Dryas
1198 4045 1290 4114 Thyes
1308 4060 1325 4097 v
1344 4044 1373 4097 ab
1396 4042 1485 4097 coelis
1502 4040 1579 4097 drino

273 4130 336 4185 thia
348 4128 377 4182 B
443 4130 589 4195 3sortasse
607 4127 758 4184 secundum
776 4144 855 4181 suam
874 4128 1040 4197 positionem
1055 4129 1167 4197 quando
1181 4128 1255 4183 lecte
1268 4126 1334 4179 nunt
1399 4124 1580 4178 tlrnnoouut

275 4210 425 4265 Seboellius
438 4226 468 4278 p.
489 4215 556 4285 206,
574 4213 718 4264 transeant
730 4209 783 4263 Bo
856 4208 957 4262 rationi
975 4211 1087 4263 nostrae
1106 4224 1217 4277 quoque
1234 4203 1387 4259 inserviant
1404 4219 1519 4259 necesse
1538 4204 1581 4258 eol

276 4290 320 4344 ‘in
337 4290 395 4348 cod.
412 4290 513 4343 emman
530 4294 665 4358 uteunque
683 4289 877 4359 meppleoimus’
899 4289 985 4343 editor
1009 4288 1225 4343 vindobonensis

367 4473 400 4522 10
418 4467 466 4521 DE
486 4466 652 4522 PROPRIIS
671 4465 876 4520 NOMINIBVS
896 4483 945 4520 om.
959 4467 987 4518 B
1061 4473 1093 4521 18
1112 4463 1235 4533 nomine]
1256 4461 1334 4529 Verp.
1349 4461 1419 4514 Aer.
1436 4460 1513 4516 XII
1525 4466 1581 4517 348

313 4554 346 4602 19
365 4546 446 4601 nnius
466 4547 611 4618 cuiusque]
630 4551 780 4616 sequnntur
798 4552 878 4601 notae
895 4548 1036 4600 omninum
1053 4566 1072 4602 a
1092 4543 1271 4599 Momnwenio
1288 4556 1402 4610 mamm.
1422 4541 1471 4596 lot.
1491 4560 1515 4597 o.
1531 4542 1584 4597 IV

272 4644 302 4697 p.
320 4633 380 4684 268
397 4629 486 4683 editae

366 4804 467 4860 201)ss
488 4806 631 4863 NOMINE
657 4826 706 4863 om.
726 4809 753 4861 R
826 4815 859 4862 2ss
878 4808 1012 4877 quattuor
1034 4802 1277 4859 indeclinabilibns
1299 4800 1343 4856 ies
1367 4801 1393 4855 ir
1415 4818 1468 4860 ont.
1487 4805 1530 4860 B:
1553 4808 1584 4860 et

278 4890 397 4954 quatuor
415 4885 658 4942 indeclinabilibno
677 4889 720 4956 git
737 4906 788 4957 pus
806 4889 848 4941 feo
867 4888 891 4940 ir
909 4887 996 4943 editor
1021 4885 1235 4941 Vioooboemis
