3316 5474
558 345 730 399 EXEMPLA
751 345 1015 401 ELOCVTIONVM
1371 346 1435 410 481

138 457 159 493 p.
174 445 213 485 roa
227 444 253 485 12.

228 530 418 592 interdicitur
442 532 495 592 tihi
519 530 565 592 itta
590 551 636 612 re,
659 531 719 593 Cic.
743 530 847 612 Philip.
872 533 884 592 1
908 533 1011 605 (923)
1035 532 1162 593 iubent
1189 535 1221 593 ei
1249 536 1309 611 qni
1338 533 1378 593 de
1407 536 1439 593 ri

139 641 297 717 itemque
321 641 352 700 ei
377 643 438 719 qni
462 642 665 701 maiestatis
688 638 875 701 damnatus
898 642 947 701 sit
969 659 1058 719 aqua
1082 649 1116 701 et
1139 643 1212 720 igni
1235 640 1409 701 interdici
1432 689 1438 701 .

228 746 368 825 lmpertio
398 755 425 807 te
454 747 502 808 iha
524 767 573 822 re,
600 747 668 809 Ter.
692 746 773 808 Adel.
796 748 975 822 (1112‚22)
1004 747 1065 808 sed
1093 766 1196 808 cesso
1223 748 1347 808 herum
1374 748 1439 808 hoe

141 841 228 914 malo
252 856 454 934 impertire,
477 854 554 915 idem
577 853 652 915 Eun.
678 856 730 926 (II
750 854 838 930 2,39)
861 854 1014 933 plurimo
1045 854 1161 915 sainte
1186 855 1439 915 Parmenonem

113 979 309 1021 ssummum
342 962 507 1040 impertit
533 960 671 1022 Gnatho
695 1009 702 1022 .
726 963 864 1041 impertio
888 961 942 1022 tihi
965 961 1044 1023 iham
1068 980 1145 1043 rem,
1172 962 1231 1022 Cir.
1254 981 1309 1041 pro
1333 962 1439 1023 Roscio

140 1075 182 1146 (p.
207 1070 295 1128 Rosa.
319 1070 418 1129 Amer.
443 1068 526 1141 4,]1)
551 1067 655 1129 tatem
680 1076 713 1128 te
737 1077 771 1129 et
795 1066 898 1128 nobis
922 1076 957 1129 et
979 1070 1065 1147 reip.
1089 1070 1276 1148 impertias
1300 1116 1306 1129 .

230 1176 394 1237 Instruitur
417 1175 472 1236 hae
496 1194 543 1256 re,
565 1174 650 1254 Verg.
671 1177 744 1236 den.
768 1175 780 1234 Ι
804 1175 901 1248 (637)

378 1290 413 1343 at
435 1281 559 1343 domus
582 1283 739 1343 interior
762 1280 875 1360 regati
898 1280 1089 1360 splendida
1114 1283 1197 1343 lusu

380 1391 580 1450 instruitur
604 1436 610 1450 .

102 1519 127 1556 ro
141 1499 300 1557 instruitur
331 1497 401 1558 huie
435 1499 491 1578 rei,
527 1496 582 1557 Sal.
616 1497 720 1558 histor.
749 1495 774 1555 li
806 1503 998 1576 antequam
1031 1515 1222 1575 regressus
1255 1497 1441 1558 Sertorius

141 1607 326 1665 instruere
349 1623 486 1685 pugnae
510 1623 594 1665 suos
618 1606 746 1685 quiret.

230 1711 337 1772 lnsisto
362 1711 443 1773 iilum
467 1711 578 1792 iocum,
601 1710 686 1791 Verg.
710 1712 781 1772 hen.
804 1710 841 1771 Vi
864 1711 960 1783 (563)

353 1819 443 1881 nulii
467 1820 520 1880 ias
543 1828 643 1880 casto
666 1819 886 1880 sceleratum
910 1820 1085 1879 insistere
1108 1819 1230 1900 limen,

141 1925 208 1986 Ter.
231 1926 459 2000 Eun.(113,2)
484 1944 585 2006 quam
608 1927 776 1987 insistam
800 1928 889 1986 riam
909 1973 916 1987 .
935 1927 1040 1986 insisto
1064 1925 1114 1986 illo
1137 1926 1216 2006 loeo,
1239 1926 1296 1988 Sal.
1315 1928 1383 1990 hist.
1403 1929 1441 1989 ΙΙΙ

103 2034 258 2095 rslooum
282 2032 430 2113 nulium,
459 2036 621 2115 nisique
645 2035 772 2095 armati
799 2034 1041 2108 institissent,
1069 2034 1161 2112 ipsis
1189 2042 1305 2096 tutum
1333 2036 1441 2097 iore.

141 2144 247 2202 insisto
271 2141 391 2222 plantis,
415 2140 500 2221 Verg.
523 2144 594 2203 hen.
618 2141 657 2202 XI
681 2141 776 2215 (573)
799 2138 933 2221 plantis
956 2142 1144 2202 institerat
1168 2189 1174 2202 .

229 2248 408 2328 Inscriptnm
422 2251 453 2309 in
468 2248 516 2309 ilia
530 2267 577 2323 re,
597 2247 656 2310 Cio.
671 2250 701 2309 in
716 2247 798 2310 Catii.
814 2248 825 2306 l
845 2248 965 2323 (13‚32)
985 2250 1033 2308 sit
1051 2247 1207 2328 denique
1227 2252 1442 2332 inscriptum

142 2357 176 2415 in
204 2356 323 2416 ironte
351 2358 459 2416 unius
487 2358 676 2437 cuiusque,
703 2353 787 2434 quid
815 2354 856 2415 de
885 2372 956 2434 rep.
985 2356 1151 2417 sentiat.
1174 2358 1336 2437 inscriptus
1364 2358 1442 2419 iliam

142 2481 218 2542 rem,
242 2461 326 2541 Verg.
346 2461 412 2522 huo
431 2459 558 2540 (3,1θό)
581 2464 753 2542 inseripti
777 2463 917 2523 nomina
941 2479 1063 2541 regum
1086 2473 1281 2525 nascantur
1304 2465 1443 2526 iteres.

101 2587 128 2626 ro
231 2569 393 2648 Imperator
424 2569 542 2631 iliorum
574 2578 635 2651 est,
667 2569 724 2631 Sel.
758 2569 819 2648 lug.
851 2565 978 2647 (3120)
1014 2571 1253 2648 imperatores
1288 2574 1442 2634 omnium

141 2648 326 2755 gentium.
345 2678 506 2756 imperator
525 2677 581 2738 iilis
600 2666 659 2757 est,
682 2677 761 2738 idem
779 2679 810 2736 iu
829 2675 934 2737 eodem
952 2672 1040 2754 (7,4)
1059 2678 1254 2756 imperator
1277 2679 1444 2740 Romanis

142 2792 219 2843 erat
238 2831 244 2843 .
264 2786 390 2862 imperet
411 2784 466 2844 hae
485 2786 620 2865 regione,
644 2784 701 2846 Sal.
720 2784 782 2864 hrg.
802 2781 907 2863 (79,2)
926 2781 1247 2862 Carthaginienses
1271 2786 1443 2866 pleraque

142 2893 261 2951 Africa
289 2890 546 2970 imperitabant
569 2939 576 2951 .
599 2893 757 2971 imperium
786 2894 815 2950 in
845 2890 910 2950 iilos
938 2889 1039 2970 hahet,
1070 2891 1137 2952 Ter.
1165 2891 1239 2952 Eun.
1267 2890 1338 2970 (III
1358 2891 1444 2975 125)

143 3000 202 3076 qui
226 2997 335 3058 hahes
359 3000 548 3077 imperium
570 2999 605 3057 in
630 2996 754 3058 heiuas
778 3044 784 3057 .
1119 3010 1122 3017 ·

102 3120 129 3160 rs
232 3106 257 3166 h
279 3104 337 3165 iliis
360 3104 445 3185 loeis,
476 3105 559 3185 Verg.
583 3107 673 3166 dene.
696 3105 720 3163 V
741 3101 837 3184 (2¹51)
864 3107 892 3165 it
920 3104 1054 3165 elamor
1084 3104 1183 3165 coeio
1211 3114 1241 3165 et
1267 3124 1367 3184 georg.
1391 3106 1442 3166 lttt

141 3208 238 3290 (292)
251 3215 349 3273 iuvat
372 3215 423 3272 ire
447 3215 541 3292 iugis
555 3260 563 3274 .
577 3216 601 3275 it
619 3212 698 3274 iham
717 3231 794 3292 rem,
819 3212 897 3272 idem
912 3213 981 3272 Aen.
997 3211 1032 3271 t'l
1046 3208 1140 3291 (122)
1158 3214 1258 3291 itque
1278 3213 1443 3292 reditque

144 3322 232 3380 viam
257 3322 407 3399 totienS,
430 3320 488 3379 Cio
512 3338 567 3399 pro
590 3319 712 3380 Murena
735 3318 859 3399 (1226)
882 3320 932 3378 ite
956 3321 1059 3399 riam,
1083 3319 1199 3380 redite
1223 3322 1311 3380 viam
1335 3368 1341 3380 .

233 3427 313 3486 {nter
337 3426 408 3487 ittod
433 3446 486 3506 pro
510 3427 544 3487 ad
569 3428 657 3507 iilud,
680 3426 765 3506 Verg.
788 3425 884 3487 hrrooi.
908 3426 988 3499 (2,3)

325 3543 460 3594 tantum
485 3536 580 3595 inter
603 3534 749 3614 densas,
773 3532 937 3594 umbrosa
962 3536 1161 3614 eacumina,
1186 3535 1285 3614 iagos

104 3656 130 3695 so
326 3639 475 3702 adsidue
498 3640 667 3703 veniebat
691 3686 699 3702 .

234 3849 324 3903 Codes
344 3848 494 3904 Parrhasii
530 3856 595 3904 3re
614 3866 664 3904 om.
737 3848 864 3904 dGoato
938 3856 969 3902 11
991 3866 1054 3904 suos
1073 3851 1178 3922 quiret]
1198 3868 1317 3920 suosque
1335 3819 1410 3906 riter

146 3936 177 3982 11
197 3929 297 3983 insisto
316 3928 344 3982 in
364 3929 443 3983 illum
462 3931 568 3995 locum,
587 3935 619 3985 ut
636 3930 744 3984 videtur
817 3935 849 3982 17
869 3928 897 3982 in
916 3927 997 3985 catii.
1017 3928 1085 3984 insit
1157 3938 1191 3985 ‘22
1211 3931 1444 4002 Carthaginenses

179 4017 213 4063 ⁶23
232 4008 414 4079 imperitabat
485 4017 519 4065 26
539 4009 592 4080 ire]
612 4026 657 4064 me

236 4196 247 4242 l
270 4187 324 4243 Cic.
354 4188 454 4257 Philip.
483 4189 509 4259 l]
534 4206 565 4258 p.
593 4192 678 4254 4623
705 4186 854 4242 damnatus
934 4195 951 4242 3
979 4189 1089 4260 herum]
1118 4207 1194 4245 eram
1224 4191 1367 4245 Terentius

145 4276 161 4321 5
180 4286 316 4323 summum
336 4286 415 4322 suom
434 4267 560 4338 impertit
581 4267 723 4321 Termtius
809 4269 930 4323 etalem
952 4272 983 4324 te
1005 4273 1035 4325 et
1050 4271 1132 4326 nobis
1151 4273 1180 4325 et
1197 4271 1301 4340 populo
1321 4272 1446 4327 Romano

144 4350 198 4402 hoe
216 4350 341 4419 tempore
359 4348 503 4418 imperties
522 4349 625 4404 codices
643 4349 782 4406 Gioeronis
832 4349 1016 4421 ⁸tintorior]
1034 4350 1143 4406 interes
1159 4353 1196 4405 Μ
1269 4357 1301 4404 10
1320 4367 1446 4420 egressus

144 4446 178 4483 er
196 4427 223 4482 G
245 4429 330 4483 edidit
352 4429 561 4484 Irindernonmis
647 4435 679 4483 11
703 4428 853 4483 instrueret
880 4446 991 4499 pugnos
1018 4446 1083 4484 suos
1110 4432 1171 4498 (om.
1201 4431 1304 4499 quiret)
1333 4433 1447 4486 editores

144 4509 273 4563 Sallustii
346 4516 378 4562 12
398 4509 498 4563 insisto
517 4509 546 4563 in
563 4509 644 4563 illum
662 4509 755 4564 locum
774 4507 837 4563 GP
854 4514 878 4563 et
896 4510 1000 4564 codices
1018 4509 1094 4563 Maii
1112 4552 1119 4565 .
1137 4510 1236 4565 insisto
1255 4511 1335 4565 illurn
1354 4511 1446 4566 loeum

143 4594 169 4642 et
186 4589 283 4642 deinde
300 4588 399 4644 insisto
419 4590 448 4643 in
465 4589 516 4643 illo
535 4590 596 4643 loeo
611 4594 635 4643 et
652 4589 708 4643 nisi
720 4588 749 4642 in
765 4606 821 4658 quo
835 4592 871 4642 M
940 4596 973 4644 17
988 4590 1026 4644 sit
1039 4589 1162 4660 deniquo
1176 4591 1342 4661 inscriptum
1354 4593 1446 4649 Cicero

181 4674 213 4721 19
231 4672 383 4723 naseuntur
403 4671 440 4723 Μ
509 4675 540 4723 21
562 4669 690 4738 quitum
708 4668 842 4724 Romanis
861 4667 1014 4739 imperator
1033 4671 1263 4726 onerariarum
1282 4673 1346 4743 Iup.
1366 4679 1410 4741 m

145 4749 346 4817 replensque
371 4750 480 4803 Africae
503 4749 704 4819 imperitabant
722 4751 841 4819 plurimi
862 4751 966 4805 ordirer
984 4751 1113 4805 Saliustii
1201 4757 1237 4805 11
1264 4752 1332 4821 quis
1359 4753 1446 4811 hebes

148 4829 290 4882 Terentius
362 4835 394 4882 27
415 4830 453 4884 ite
472 4830 560 4901 viem]
580 4830 649 4885 inite
667 4829 742 4885 viem
761 4830 864 4885 rodmar
882 4830 1021 4887 Oienonis
