3316 5474
532 334 705 389 EXEMPLA
723 332 988 391 ELOCVTIONVM
1009 348 1012 353 '
1345 336 1409 399 447

112 521 249 599 repetivi,
283 521 340 580 nisi
372 520 451 598 qrrod
481 521 510 581 in
540 522 657 581 nomine
681 520 816 602 Vergilii,
847 523 877 581 in
906 539 965 600 quo
993 522 1106 582 varium
1133 540 1199 583 esse
1228 521 1294 583 libri
1323 541 1409 583 nraun

112 628 216 705 scripti
240 644 327 687 usum
351 646 441 706 sinna
464 627 537 708 diri,
560 636 731 689 constanter
757 629 844 704 l'erp.
868 630 983 707 scripsi.
1028 631 1059 689 iu
1083 629 1288 690 emendatione
1312 639 1410 690 autem

113 735 232 794 vitiosae
261 735 426 813 scripturae
459 734 563 795 modus
597 734 780 796 adhibendus
813 736 882 816 luit,
914 742 1071 815 propterea
1099 735 1177 814 quod
1211 739 1240 796 in
1269 737 1410 817 exemplis

111 841 290 919 scriptorum
324 838 415 900 multa
446 840 524 900 hand
558 840 646 902 dubie
675 841 860 921 neglegentia
891 843 1074 920 grammatici
1102 842 1147 902 rel
1175 845 1245 904 vitio
1274 844 1410 904 codicum

111 947 220 1027 quibus
244 965 316 1008 usus
340 956 404 1008 erat
426 956 566 1028 corrupta
586 956 668 1030 sunt,
692 967 768 1029 quae
787 967 874 1028 saepe
893 947 930 1008 ab
948 946 1102 1008 erroribus
1120 949 1309 1010 librariorum
1328 959 1410 1011 certo

111 1055 219 1115 iudicio
238 1054 378 1134 distingui
397 1073 455 1114 non
475 1063 613 1135 poterant
631 1104 637 1117 .
656 1059 834 1137 scripturam
853 1055 963 1117 codicis
982 1073 998 1115 a
1017 1065 1137 1135 recepta
1156 1056 1282 1117 lectione
1301 1057 1409 1117 discre-

110 1170 229 1241 pantem
261 1163 291 1222 in
324 1161 512 1224 adnotatione
544 1165 703 1243 separatim
734 1165 821 1243 posui
849 1211 856 1224 .
888 1165 918 1223 in
953 1161 1066 1242 reliqua
1098 1161 1295 1223 adnotationis
1326 1172 1409 1242 parte

111 1270 239 1348 primum
273 1287 308 1330 ex
338 1268 405 1329 blaii
438 1278 468 1330 et
500 1268 693 1331 Lindemanni
725 1268 905 1330 editionibus
937 1286 970 1329 ea
1003 1287 1078 1348 quae
1112 1268 1311 1330 memorabilia
1344 1288 1410 1330 esse

111 1374 285 1437 videbantur
308 1376 446 1455 indicari3
474 1393 567 1455 pauca
591 1377 678 1437 etiam
703 1394 739 1437 ex
761 1376 955 1437 Perizouiano
984 1376 1098 1456 codice,
1128 1394 1216 1455 quem
1245 1376 1313 1437 oiim
1342 1396 1410 1438 cnm

110 1481 303 1543 Lindemanni
339 1482 467 1543 editione
505 1481 701 1562 contuleram,
738 1481 835 1543 addidi
867 1529 873 1543 .
908 1499 974 1541 nam
1011 1482 1154 1560 qrraedam
1191 1485 1221 1543 in
1258 1485 1295 1542 iis
1328 1493 1409 1545 recte

110 1587 264 1650 emendata
292 1599 389 1670 erant,
422 1589 475 1650 alia
508 1599 678 1670 propterea,
710 1588 788 1668 quod
822 1590 850 1649 in
881 1588 1026 1649 editiones
1053 1592 1233 1669 scriptorum
1266 1589 1300 1649 ad
1335 1608 1409 1669 quos

109 1699 261 1776 pertinent
284 1707 403 1778 recepta
427 1708 457 1758 et
475 1716 531 1760 usu
551 1698 657 1758 tradita
676 1706 774 1779 erant,
793 1699 861 1758 'sine
885 1696 1071 1757 incommodo
1095 1696 1255 1775 legentium
1278 1706 1408 1776 praeter·

111 1805 185 1865 mitti
214 1824 272 1865 raon
299 1815 438 1885 poteraut
466 1853 472 1865 .
497 1823 530 1865 ea
564 1823 638 1884 quae
668 1823 704 1865 ex
734 1803 866 1864 Gudiano
894 1803 995 1864 codice
1025 1803 1259 1864 lindemaunum
1288 1813 1409 1865 secutus
1482 1820 1486 1828 ·

109 1912 252 1991 adscripsi
280 1920 382 1991 postea
417 1931 484 1973 cum
517 1914 579 1992 ipsa
612 1910 723 1973 codicis
756 1912 903 1991 scriptura
935 1910 1047 1971 contuli
1081 1919 1123 1992 et,
1156 1909 1206 1971 ubi
1234 1928 1309 1990 opus
1336 1919 1409 1987 erat,

110 2020 225 2079 correxi
259 2066 265 2078 .
298 2017 417 2099 deinde,
454 2018 550 2099 siquid
583 2020 613 2078 iu
646 2017 789 2096 exemplis
820 2019 999 2097 scriptorum
1033 2019 1062 2077 in
1096 2018 1197 2079 codice
1234 2027 1408 2097 corruptum

110 2133 186 2204 erat,
219 2123 348 2185 breviter
381 2126 450 2205 quid
479 2128 509 2186 in
534 2124 685 2186 codicibus
714 2143 818 2186 eorum
846 2126 1024 2204 scriptorum
1053 2126 1104 2202 qui
1137 2143 1215 2186 nunc
1248 2136 1409 2204 supersunt

110 2233 253 2310 scripturn
296 2241 375 2293 esset
415 2233 559 2314 indicari,
604 2251 661 2313 quo
707 2233 822 2293 iacilius
862 2232 899 2292 de
940 2232 1076 2292 brusiani
1118 2231 1243 2292 lectione
1285 2231 1409 2292 iudicari

110 2338 154 2399 vel
179 2339 257 2400 irride
281 2340 446 2401 emendatio
470 2342 561 2420 petita
585 2348 665 2401 esset
692 2339 822 2419 intellegi
849 2346 951 2418 posset
974 2386 981 2399 .
1004 2338 1132 2417 denique
1162 2340 1192 2397 in
1220 2340 1322 2417 paucis
1350 2338 1407 2398 elo·

110 2446 279 2506 cutionibus
302 2446 382 2507 locos
406 2447 528 2508 aliorum
558 2449 830 2527 grammaticorum,
857 2448 910 2526 qui
937 2445 1039 2507 eadem
1067 2455 1200 2506 veterum
1228 2447 1408 2524 scriptorum

109 2553 241 2633 exempla
266 2553 310 2613 vel
334 2572 369 2613 ex
393 2556 458 2631 ipso
481 2554 618 2615 Arusiani
642 2552 717 2613 libro
741 2553 786 2615 vel
810 2572 845 2613 cx
870 2555 1019 2613 communi
1043 2553 1123 2613 lente
1148 2554 1238 2631 petita
1258 2550 1407 2634 exhibent,

109 2660 267 2741 adscripsi,
300 2678 476 2739 ‹puramquanr
505 2669 689 2721 constantem
722 2662 867 2720 rationem
900 2662 929 2719 in
963 2678 996 2720 ea
1029 2677 1061 2719 re
1095 2676 1213 2719 serrare
1242 2676 1297 2718 nec
1325 2661 1408 2738 potui

109 2786 163 2828 nec
187 2767 273 2828 rolrri.

198 2874 261 2944 Qua
299 2882 393 2935 aetate
431 2877 593 2936 Arusianus
634 2877 752 2955 vixerit,
794 2876 962 2951 testimonio
999 2881 1115 2934 constat
1151 2876 1261 2934 veteris
1298 2874 1407 2934 codicis

110 2980 309 3041 berolinensis
342 2981 411 3041 olim
445 2982 615 3043 Santeoiani
648 2981 690 3045 66
720 3031 725 3043 .
754 2985 784 3043 in
818 3001 853 3042 co
886 2981 987 3041 codice
1020 2983 1099 3041 enim
1131 3000 1160 3060 p.
1188 2979 1252 3042 218
1285 2989 1316 3041 et
1343 2976 1406 3041 219

109 3087 248 3166 leguntur
273 3087 349 3148 tituli
373 3087 516 3149 liinoruur
540 3109 600 3151 non
620 3089 767 3151 nullorum
792 3107 869 3149 norm
889 3088 1006 3149 saeculo
1026 3090 1144 3168 scripti,
1168 3106 1242 3167 quos
1262 3086 1407 3167 Hauptins

110 3213 209 3274 opusc.
234 3213 259 3253 v.
284 3193 322 3252 lll
347 3213 373 3273 p.
396 3192 462 3255 425
485 3196 590 3279 edidit,
617 3199 695 3257 inter
718 3214 793 3275 quos
821 3197 850 3255 in
875 3196 932 3255 bne
961 3196 1067 3256 indicis
1090 3197 1228 3254 Arrisiani
1256 3193 1330 3254 liber
1357 3194 1407 3255 dc·

110 3303 239 3380 scriptus
258 3309 304 3360 est
322 3303 374 3382 ita,
399 3305 506 3378 incipit
526 3305 619 3365 Messi
636 3307 768 3364 oratoris
787 3305 824 3364 de
843 3305 1060 3363 elocutionibus
1084 3303 1207 3377 Olybrio
1227 3308 1255 3361 et
1274 3302 1407 3362 Prohinc

111 3409 239 3468 rllcssius
263 3454 269 3467 .
294 3406 446 3486 Olybrinnr
471 3419 568 3470 autem
593 3419 622 3471 et
645 3408 821 3490 Probinnur,
849 3409 884 3469 ad
913 3427 988 3488 quos
1015 3407 1123 3469 librum
1148 3409 1291 3487 scriptum
1315 3408 1406 3468 luisse

111 3515 165 3575 lroc
191 3516 358 3575 testimonio
383 3519 581 3596 comperimus
605 3508 687 3599 (nam
707 3516 736 3576 in
757 3514 893 3576 Robiensi
914 3515 1015 3577 codice
1038 3515 1181 3595 praelatio
1200 3516 1308 3574 omissa
1327 3509 1406 3597 erat)

111 3622 247 3683 consules
271 3622 361 3681 luisse
386 3640 461 3681 anuo
486 3642 512 3701 p.
536 3621 604 3683 Cirr.
624 3642 652 3684 n.
671 3619 736 3683 395
759 3630 874 3683 constat
899 3670 905 3683 .
928 3622 1006 3683 unde
1031 3625 1166 3702 sequitur
1190 3631 1240 3681 aut
1263 3620 1319 3681 boc
1342 3624 1406 3701 ipso

110 3747 200 3809 atino,
233 3738 294 3788 tram
328 3748 394 3789 cnm
427 3728 468 3789 illi
501 3729 629 3808 collegae
662 3738 759 3813 erant,
796 3739 846 3791 ant
877 3731 956 3790 circa
988 3729 1044 3789 hoc
1077 3740 1193 3808 tempus
1226 3727 1260 3787 ad
1294 3726 1358 3788 illos
1390 3748 1407 3788 a

110 3837 299 3914 grammatico
323 3835 430 3897 librum
455 3839 577 3897 missum
601 3855 666 3898 esse
690 3888 696 3899 .
721 3855 788 3897 nam
815 3839 953 3916 quoniam
978 3836 1085 3897 iratres
1108 3846 1192 3895 erant
1215 3832 1353 3913 lllybrins
1377 3845 1408 3895 et

110 3941 274 4023 Probinus,
293 3952 454 4022 potuerunt
472 3962 576 4004 eornm
595 3944 727 4026 nomina,
746 3944 824 4003 sicut
840 3941 990 4003 adnotavit
1003 3942 1162 4021 Hauptius,
1181 3944 1268 4001 etiam
1289 3950 1407 4020 praeter

111 4048 281 4109 consulatus
314 4052 498 4110 occasionem
531 4051 584 4109 irrri
615 4047 713 4109 libello
745 4047 868 4109 inscribi
902 4097 908 4109 .
941 4049 977 4108 ad
1009 4048 1088 4108 idem
1121 4056 1237 4127 tempus
1269 4041 1407 4127 pertinet,

111 4154 188 4232 ‹prrod
214 4156 376 4214 arusiarms
407 4158 486 4216 inter
518 4155 650 4235 exempla
683 4165 823 4234 ‹prtattuor
855 4163 989 4215 veterum
1019 4156 1197 4234 scriptorum
1225 4152 1284 4212 duo
1307 4157 1408 4231 posuit

112 4261 291 4342 Symmachi,
318 4262 448 4340 aequalis
476 4265 534 4343 sni,
562 4262 695 4341 exempla
722 4282 749 4342 p.
777 4259 841 4323 217
866 4273 896 4322 ct
923 4282 950 4341 p.
974 4258 1039 4322 244
1063 4308 1069 4321 .
1093 4278 1189 4338 ueqrre
1217 4261 1295 4319 enim
1324 4258 1407 4320 dubi·

112 4366 231 4428 tandum
259 4377 305 4429 est
333 4371 402 4447 (prin
431 4369 503 4429 liaeo
531 4369 567 4429 ab
596 4371 660 4449 ipso
689 4370 879 4447 grammatico
904 4369 1027 4447 scripta,
1056 4385 1114 4427 non
1138 4375 1239 4446 postea
1264 4366 1406 4446 exemplis

111 4474 146 4534 alr
184 4473 232 4533 illo
270 4474 401 4536 collectis
437 4475 534 4536 addita
572 4478 630 4536 sint
663 4523 669 4536 .
702 4477 828 4536 oratoris
865 4473 981 4536 titulum
1019 4474 1095 4534 haud
1132 4477 1281 4537 insuetum
1318 4475 1406 4534 etiam

111 4585 308 4659 grammaticis
332 4582 410 4643 illius
433 4585 537 4644 aetatis
561 4584 652 4643 irrisae
676 4581 824 4644 adnotavit
843 4581 1037 4643 Ruhnkenins
1060 4580 1150 4660 praei.
1174 4583 1204 4639 in
1225 4579 1313 4640 lirrtil.
1332 4579 1406 4660 an.

111 4708 138 4768 p.
171 4688 261 4749 xxvi
289 4737 295 4749 .
326 4698 478 4770 praeterea
507 4693 536 4750 io
565 4691 759 4770 inscriptione
786 4689 854 4750 libri
890 4689 999 4750 dicitur
1027 4690 1070 4748 rir
1098 4687 1279 4748 clarissimus
1306 4705 1406 4748 comes

111 4797 200 4874 primi
223 4797 334 4857 ordinis
354 4845 360 4858 .
380 4798 550 4877 dignitatem
574 4807 673 4859 autem
696 4799 838 4858 comitum
861 4799 948 4878 primi
971 4795 1095 4857 secundi
1118 4797 1199 4856 tertii
1221 4795 1347 4877 ordinis,
1369 4794 1406 4857 de
