3316 5474
712 369 886 425 TERENTII
908 370 1039 426 SCAVRI

313 554 472 636 Composui
495 556 592 615 omnia
616 574 690 633 quae
715 555 863 635 adscripto
884 556 988 617 Scauri
1011 542 1129 616 nomine
1154 576 1169 615 a
1192 556 1407 636 posterioribus
1431 576 1525 636 gram-

224 665 340 724 maticis
372 681 408 723 ex
437 665 502 723 eius
529 661 613 722 libris
640 670 760 741 recepta
783 671 861 723 sunt.
898 680 966 722 nam
990 680 1064 741 qnae
1088 681 1148 723 non
1173 666 1322 723 nominato
1346 671 1466 723 auctore
1491 665 1526 724 ad

226 770 290 830 eius
314 769 477 830 doctrinam
500 756 694 847 probabiliter
716 769 823 829 relerri
846 777 971 849 possunt
997 771 1095 830 sciens
1114 771 1209 829 omisi.
1248 772 1305 830 13111
1325 789 1395 830 vero
1418 771 1466 831 hic
1490 772 1526 831 de

226 875 434 955 orthographia
463 874 539 935 liber
569 893 627 936 non
657 874 752 935 solnm
780 875 910 935 clausula
938 875 1071 936 subiecta
1094 895 1121 955 p.
1146 873 1425 937 22621133331311
1449 897 1527 953 1111113

224 986 349 1056 urgenti
374 990 507 1058 tempore
530 1000 593 1060 sqq.
621 980 658 1041 ab
686 982 723 1041 iis
746 999 822 1059 quae
846 981 952 1040 deinde
976 988 1143 1059 sequuntur
1167 991 1334 1064 separatus,
1363 984 1414 1043 sed
1439 987 1528 1044 etiam

225 1095 308 1148 certo
336 1091 491 1168 scriptoris
519 1088 643 1148 consilio
666 1090 706 1148 ita
730 1089 891 1168 dispositus
915 1095 974 1168 est,
1002 1097 1035 1148 ut
1065 1087 1178 1167 reliqna
1203 1089 1238 1149 ad
1263 1109 1330 1150 eum
1354 1108 1413 1149 non
1437 1094 1526 1169 perti-

225 1212 297 1255 nere
316 1202 463 1274 appareat.
495 1212 561 1254 narn
581 1202 721 1273 quattuor
741 1197 839 1274 posuit
858 1213 966 1274 genera
990 1194 1098 1274 quibus
1122 1195 1271 1255 scribendi
1295 1198 1369 1255 ratio
1393 1215 1526 1257 corrum-

225 1309 355 1381 peretur.
394 1286 468 1379 quae
500 1309 656 1379 postquam
689 1303 719 1360 in
752 1303 897 1380 principio
930 1300 998 1362 libri
1028 1321 1084 1362 nna
1116 1321 1183 1362 cnm
1214 1301 1324 1381 regulis
1354 1303 1528 1363 emendandi

226 1407 355 1469 breviter
379 1407 537 1487 descripsit
560 1417 589 1468 et
617 1410 719 1487 paucis
743 1407 885 1487 exemplis
909 1408 1123 1491 comprobarit,
1153 1427 1220 1469 mox
1244 1412 1403 1488 praemissa
1428 1408 1527 1488 dispu-

226 1515 336 1574 tatione
359 1513 395 1574 de
419 1516 593 1593 cognatione
616 1513 796 1594 litterarum,
825 1516 963 1593 quoniam
994 1516 1024 1574 111
1053 1514 1107 1574 hac
1135 1517 1231 1575 omnis
1259 1516 1295 1575 dc
1320 1516 1458 1594 orthogra
1480 1515 1527 1575 1113

225 1622 359 1699 quaestio
388 1630 535 1700 versatur,
562 1638 617 1698 per
644 1620 773 1699 singulas
801 1619 869 1680 libri
897 1629 997 1699 partes
1025 1622 1174 1699 copiosius
1201 1630 1378 1699 persecutus
1409 1536 1529 1682 estet

225 1728 354 1806 primum
383 1727 502 1805 quidem
526 1725 632 1786 additis
656 1734 760 1785 contra
784 1729 927 1787 rationem
952 1727 1073 1808 litteris,
1101 1726 1207 1786 deinde
1231 1726 1371 1788 detractis
1395 1730 1431 1788 iis
1455 1748 1528 1808 quas

227 1831 294 1892 addi
327 1834 401 1892 ratio
433 1832 553 1893 iubebat
585 1832 676 1892 multa
709 1836 859 1912 corrumpi
893 1833 1105 1894 demonstrarit
1135 1841 1166 1893 et
1195 1834 1316 1894 adiectis
1345 1835 1528 1913 singulorum

171 1977 174 1983 ·
227 1937 435 1998 vocabulorum
464 1938 687 2017 quaestionibus
716 1939 880 1999 illustravit.
918 1948 981 2000 tnm
1009 1939 1045 1999 de
1074 1943 1236 2000 mutatione
1261 1940 1424 2001 litterarum
1450 1945 1528 2002 simi-

227 2045 295 2107 liter
318 2046 484 2124 disputavit.
524 2044 651 2124 denique
680 2044 717 2105 de
741 2046 915 2125 conexione,
938 2063 997 2124 quo
1020 2063 1129 2124 genere
1154 2064 1187 2105 ea
1211 2064 1286 2124 qnae
1310 2048 1340 2106 in
1364 2046 1529 2107 dividendis

227 2150 345 2232 syllabis
369 2158 566 2231 peccarentur
586 2153 732 2211 contineri
756 2150 856 2230 volrrit,
875 2169 967 2229 pauca
986 2151 1118 2214 subiecta
1138 2163 1216 2214 sunt.
1244 2170 1298 2230 per
1318 2155 1415 2212 omnia
1431 2162 1529 2214 autern

226 2277 335 2339 genera
359 2275 428 2318 cum
451 2275 539 2335 saepe
563 2256 809 2317 consuetudinem
829 2256 978 2318 scribendi
1003 2259 1048 2318 rel
1071 2257 1282 2338 pronuntiandi
1305 2277 1437 2337 pugnare
1462 2278 1528 2320 cum

228 2367 341 2427 ratione
370 2363 496 2445 rideret,
525 2364 554 2424 id
584 2367 644 2443 egit
667 2372 700 2424 ut
726 2373 777 2424 aut
800 2383 816 2423 3
839 2382 927 2443 prava
950 2366 1165 2425 consuetudine
1189 2367 1333 2424 rationem
1357 2364 1529 2425 detenderet

228 2480 280 2533 aut
309 2475 401 2551 ipsam
431 2470 675 2532 consuetudinem
704 2472 795 2530 certis
823 2468 936 2549 legibus
969 2489 1004 2530 er
1033 2474 1207 2549 cognatione
1236 2470 1401 2531 litterarum
1431 2471 1528 2531 doctis

228 2579 292 2657 regi
311 2578 541 2656 dernonstraret3
560 2594 627 2635 raro
646 2586 769 2656 propter
788 2578 853 2636 soni
871 2576 1084 2636 iucunditatem
1103 2575 1213 2656 aliquid
1232 2576 1439 2638 consuetudini
1458 2594 1526 2635 con-

228 2686 326 2746 cessit.
359 2686 486 2764 saepins,
508 2684 634 2744 maxime
658 2685 688 2743 in
712 2684 806 2761 prima
830 2692 912 2762 parte
936 2681 1013 2764 libri,
1037 2682 1221 2745 consuetudo
1241 2686 1430 2762 antiquorum
1449 2701 1526 2743 com-

228 2800 389 2852 memorata
413 2799 467 2851 est.

316 2897 360 2958 Ex
384 2896 601 2976 antiquioribus
624 2899 823 2974 grammaticis
847 2897 955 2976 quibus
979 2896 1110 2957 Scaurus
1135 2914 1206 2955 usus
1229 2904 1275 2955 est
1300 2895 1460 2956 Varronem
1485 2905 1530 2957 ter

228 3003 397 3084 appellavit,
420 3022 447 3082 p.
471 2999 559 3064 2255
582 3003 618 3063 de
642 3002 737 3081 longis
761 3002 878 3082 syllabis
902 3021 957 3081 per
979 3004 989 3061 i
1012 3001 1057 3061 331
1081 3003 1108 3060 ei
1132 3000 1310 3077 scribendis
1334 3022 1361 3082 p.
1384 3000 1470 3064 2256
1494 3004 1530 3063 de

229 3109 427 3188 adspiratione
450 3111 480 3169 in
505 3108 630 3169 Gracchi
654 3111 773 3169 nomine
797 3111 967 3187 omittenda,
989 3125 1017 3186 p.
1041 3105 1129 3168 2261
1155 3107 1191 3168 de
1220 3109 1390 3171 nominibus
1420 3129 1473 3189 per
1497 3130 1531 3189 ps

228 3216 274 3276 rel
302 3214 336 3275 bs
364 3214 538 3276 scribendis.
576 3233 651 3294 quae
680 3213 892 3277 Wilmannsios
921 3215 957 3275 de
986 3213 1067 3274 Varr.
1090 3214 1155 3275 libr.
1179 3234 1300 3294 gramm.
1324 3235 1352 3295 p.
1377 3214 1419 3277 86
1448 3215 1532 3276 libris

229 3324 265 3384 de
289 3341 425 3383 sermone
449 3322 540 3383 latino
565 3321 668 3382 tribuit
692 3325 740 3402 ita,
764 3331 797 3382 ut
820 3324 948 3400 primum
971 3330 1002 3382 et
1021 3325 1143 3383 tertium
1167 3323 1264 3383 locum
1284 3325 1313 3383 in
1333 3325 1428 3403 primo
1448 3323 1547 3403 libro,

229 3430 392 3491 secundum
417 3432 446 3489 in
470 3433 559 3491 tertio
583 3428 754 3507 collocaret,
782 3437 939 3507 propterea
967 3427 1046 3506 quod
1077 3428 1122 3489 his
1146 3432 1333 3508 potissimum
1357 3428 1440 3489 libris
1465 3449 1532 3488 con-

229 3538 330 3597 venire
364 3536 543 3596 viderentur.
585 3544 739 3613 praeterea
771 3536 924 3593 inventum
953 3534 1054 3611 Spurii
1082 3533 1199 3594 Carvilii
1228 3554 1256 3612 p.
1279 3532 1366 3594 2253
1394 3543 1424 3593 31
1452 3536 1533 3594 Accii

230 3643 395 3703 doctrinam
419 3642 454 3702 dc
478 3637 829 3721 geminandis·roealibrrs
848 3658 875 3716 p.
895 3635 982 3698 2255
1001 3642 1250 3718 commemorarit,
1273 3658 1348 3717 quae
1373 3642 1435 3718 ipsa
1460 3659 1531 3718 qno·

231 3767 289 3828 qne
312 3767 328 3808 a
352 3747 482 3808 Varrone
511 3749 658 3825 recepisse
687 3745 816 3825 ridetur,
844 3747 921 3804 sient
950 3762 1053 3804 tersus
1077 3743 1180 3804 Lucilii
1204 3763 1232 3822 11.
1258 3742 1344 3805 2255
1368 3746 1532 3823 adscriptos

229 3854 340 3915 abillo
364 3858 515 3935 petiverat.
551 3853 679 3930 deniqne
704 3851 840 3911 Santram
869 3869 927 3910 nna
954 3869 1023 3910 eum
1050 3850 1244 3910 dissentiente
1273 3850 1310 3910 ab
1334 3871 1369 3910 eo
1393 3851 1532 3912 l'arronis

231 3965 369 4043 opinione
400 3962 560 4021 nominarit
588 3977 616 4038 p.
640 3953 736 4018 2256.
774 3956 918 4036 reliquos,
948 3974 1076 4034 qnorum
1105 3959 1267 4018 sententias
1290 3957 1389 4019 attulit
1412 3959 1457 4018 131
1481 3962 1532 4018 im·

231 4072 385 4150 pugnavit,
409 4069 580 4128 nominatim
604 4082 662 4124 non
686 4062 855 4142 appellarit,
885 4061 937 4122 sed
961 4062 1138 4141 generaliter
1162 4065 1305 4143 quosdam
1329 4065 1438 4125 nndtos
1462 4065 1534 4125 alios

231 4177 314 4236 1111111.
351 4175 403 4235 sed
432 4194 467 4234 er
497 4173 543 4233 his
566 4189 684 4250 qnoque
708 4169 816 4249 quibus
840 4188 947 4229 nomen
967 4169 1153 4251 ,adscriptum
1177 4190 1235 4232 non
1260 4182 1306 4231 est
1329 4173 1475 4251 permulta
1499 4175 1532 4232 ad

232 4282 372 4344 Varronis
391 4283 554 4343 doctrinam
574 4278 650 4339 hand
670 4276 759 4339 dubie
779 4276 934 4336 referenda
953 4286 1031 4337 srrrrt.
1063 4278 1142 4356 qnod
1161 4297 1221 4357 qno
1240 4280 1352 4338 certius
1370 4291 1535 4359 appareret,

233 4393 333 4451 curari
362 4400 393 4450 ut
421 4408 455 4449 ea
483 4405 557 4467 qnae
586 4385 622 4445 ab
650 4385 715 4445 aliis
736 4383 867 4459 ¹l'arroni
895 4383 1101 4445 tribuerentur
1128 4384 1174 4444 rel
1201 4388 1231 4445 in
1260 4384 1343 4445 libris
1372 4386 1408 4446 de
1437 4386 1534 4465 lingna

233 4496 322 4556 latina
346 4495 481 4555 similiter
505 4503 661 4573 praecepta
677 4500 785 4553 essent
812 4493 842 4550 in
867 4489 1055 4553 adnotatione
1079 4491 1290 4553 indicarentur.
1328 4492 1412 4552 133113
1435 4501 1533 4552 31113111

234 4619 377 4661 numerus
410 4620 513 4661 eornm
546 4620 621 4681 qnae
653 4620 689 4660 er
720 4598 798 4659 illins
830 4598 963 4659 doctrina
996 4601 1156 4679 repetenda
1187 4610 1256 4661 sunt
1286 4601 1387 4679 augeri
1416 4602 1535 4678 poterit,

235 4708 330 4785 siquis
354 4725 387 4766 33
411 4710 637 4787 comparaverit,
668 4708 698 4765 in
726 4703 835 4783 quibus
863 4703 911 4763 alii
935 4707 986 4782 qui
1010 4705 1114 4766 iisdem
1138 4705 1269 4766 lontibus
1292 4717 1380 4784 atque
1405 4704 1535 4764 Scaurus

237 4815 283 4873 nsi
303 4812 339 4873 de
363 4812 570 4895 orthographia
595 4815 780 4893 seripserunt
803 4829 871 4871 eum
894 4809 944 4871 illo
966 4813 1164 4872 consentiunt
1203 4815 1323 4873 namin
1347 4811 1392 4870 bis
1416 4830 1534 4890 quoque
