3316 5474
593 367 642 421 DE
662 367 760 421 ARTE
779 364 942 421 Marsica

115 480 137 516 p.
151 469 211 507 2³5⁵.
226 469 252 507 ss
266 468 290 508 ε.

275 551 443 612 consiliis
468 570 593 632 parere
617 553 733 631 prius,
757 569 798 610 ne
823 550 931 610 litora
953 550 1079 611 Cretae

275 659 462 738 linqueres
487 660 603 719 insani
628 658 761 719 rabiem
784 676 933 737 passura
957 656 1135 736 proluudi.

116 769 260 845 septimus
284 765 389 826 modus
412 775 471 847 est,
497 784 564 827 cum
588 784 787 845 pronomenc
812 763 909 824 littera
932 765 1122 824 terminatum
1146 764 1254 825 vocalis
1278 766 1375 823 statim

122 875 269 951 sequitur:
294 881 340 934 est
363 875 440 933 enim
465 873 551 953 longa
574 875 604 933 iu
628 871 697 952 boc,

277 998 346 1040 non
370 982 450 1058 quia
475 981 535 1058 qui
558 997 715 1040 summus
737 986 841 1056 pater
864 985 932 1056 est,
955 986 990 1037 et
1013 975 1114 1036 lilius
1137 976 1193 1037 bio
1217 987 1284 1058 est,

276 1087 337 1147 sed
362 1088 442 1166 quia
467 1085 557 1165 quod
582 1103 737 1158 summus
760 1093 862 1164 pater
886 1094 953 1164 est,
977 1093 1012 1144 et
1034 1083 1137 1144 lilius
1160 1083 1224 1145 boc
1248 1094 1316 1164 est,

118 1191 215 1253 brevis
240 1195 268 1253 in
293 1193 363 1272 boc,

276 1299 331 1360 bic
356 1301 421 1379 vir,
446 1299 503 1359 bic
526 1307 595 1371 est,
619 1296 685 1358 tibi
710 1316 814 1376 quem
838 1298 1003 1378 promitti
1027 1299 1173 1376 saepius
1197 1296 1307 1357 audis.

117 1405 168 1466 sed
192 1414 222 1466 et
245 1405 416 1467 adverbium
435 1424 452 1466 c
471 1405 568 1466 littera
592 1405 782 1465 terminatum
801 1421 988 1464 communem
1008 1403 1146 1483 syllabam
1166 1403 1248 1464 lacit:
1272 1413 1318 1462 est
1341 1407 1419 1464 enim

78 1536 104 1575 ιι
118 1511 203 1591 louge
227 1515 256 1573 in
280 1513 336 1572 boc
359 1511 490 1593 Paulini,
629 1497 634 1511 '

275 1619 388 1680 donec
412 1619 620 1700 adspirante
644 1617 709 1678 deo
733 1614 924 1677 conatibus
946 1598 1080 1697 aegris3

118 1723 216 1785 brevis
239 1727 269 1785 in
293 1724 350 1785 boe
373 1725 527 1806 Prosperi‚

276 1841 314 1893 nt
337 1832 459 1892 morbo
483 1832 644 1893 obsessis
666 1830 882 1912 praestanda
905 1840 960 1891 est
983 1849 1069 1892 cura
1092 1830 1269 1912 medendi,

330 1938 440 1999 donec
464 1941 498 1999 in
522 1946 669 2018 aegroto
693 1957 846 2018 corpore
871 1940 941 1999 vita
965 1947 1089 1999 manet

78 2044 362 2107 1sootavnsmodns
383 2053 441 2126 est,
462 2063 530 2106 cum
550 2055 717 2126 correptam
737 2046 867 2107 vocalem
885 2048 915 2106 in
936 2045 1037 2106 eadem
1057 2054 1141 2126 parte
1160 2047 1304 2105 orationis
1322 2047 1419 2124 sequi·

117 2158 167 2210 tur
191 2171 205 2211 z
229 2170 396 2212 consonans
419 2171 523 2232 graeca
548 2152 670 2234 duplex:
693 2162 739 2214 est
762 2155 841 2213 enim
864 2152 949 2233 longa
974 2154 1003 2213 in
1027 2153 1083 2213 boe
1107 2151 1239 2232 luvenoi,

277 2258 437 2319 difficile
460 2270 515 2321 est
539 2263 649 2322 terris
673 2260 813 2321 adlisos
837 2259 951 2321 divite
974 2279 1069 2342 gaza,

118 2375 165 2425 est
188 2364 287 2426 brevis
310 2368 340 2426 in
365 2366 421 2427 boo
446 2367 592 2449 eiusdem,

210 2500 216 2511 ·
277 2481 311 2533 et
333 2491 414 2552 gaza
438 2474 595 2536 distabat
618 2493 737 2536 rerum
761 2475 947 2555 possessio
971 2472 1122 2552 lulgens.

77 2601 104 2641 so
119 2597 214 2640 nonus
234 2579 339 2640 modus
358 2589 417 2660 est,
441 2589 500 2660 qrro
519 2583 616 2642 omnis
638 2581 747 2661 syllaba
766 2581 924 2642 novissima
946 2598 1049 2640 versos
1066 2583 1097 2641 in
1118 2599 1305 2660 quocnnupre
1326 2589 1420 2640 metro

117 2685 276 2767 adialoros,
295 2687 323 2747 id
343 2697 389 2749 est
409 2689 594 2770 indlilerens,
612 2698 658 2750 est
672 2697 702 2750 et
716 2688 751 2749 ad
772 2687 952 2749 voluntatem
971 2695 1125 2766 poetarum
1142 2687 1186 2748 vel
1200 2696 1336 2768 correpta
1352 2681 1421 2767 pro-¹

117 2792 236 2853 ducitur
247 2793 290 2854 vel
300 2797 462 2875 corripitur
475 2795 628 2878 producta,
639 2795 717 2876 quod
733 2796 918 2875 frequentius
929 2803 974 2854 est
989 2813 1076 2874 quam
1088 2806 1119 2856 ut
1131 2793 1272 2874 exemplis
1283 2792 1419 2873 indigeat.

207 2899 365 2961 Soiemlum
390 2911 434 2962 est
459 2911 557 2962 antem
582 2902 660 2983 qnod
680 2921 696 2961 x
719 2901 803 2961 litera
823 2898 931 2980 duplex
956 2918 1116 2980 numquam
1141 2901 1210 2961 lacit
1232 2918 1419 2961 communem

117 3006 270 3087 syllabam,
295 3008 346 3068 sed
370 3028 438 3068 cnm
468 3010 496 3068 in
522 3008 625 3069 eodem
650 3007 740 3069 verbo
764 3010 900 3088 sequitur
925 3007 1067 3090 vocalem,
1096 3027 1214 3089 semper
1237 3026 1300 3068 eam
1331 3005 1420 3066 babet

77 3132 104 3172 es
117 3113 233 3193 longam
252 3123 303 3175 aut
327 3124 445 3195 natura,
469 3124 502 3175 ut
525 3134 579 3194 pax
603 3115 649 3175 lex
673 3115 723 3176 lux
747 3134 798 3175 rex
820 3133 887 3196 vox,
910 3122 962 3176 aut
983 3116 1145 3195 positione,
1169 3123 1202 3175 ιιι
1226 3114 1271 3173 lar
1293 3133 1347 3174 ner
1369 3115 1417 3173 nix

119 3240 175 3281 nox
196 3240 253 3282 ιιιιιι
279 3230 309 3281 ει
332 3221 399 3281 exrrl
423 3225 520 3282 exitus
539 3223 670 3282 exitium.
708 3239 776 3282 cum
795 3240 865 3281 vero
888 3223 919 3281 in
942 3220 1105 3300 primordio
1129 3222 1219 3282 luerit
1242 3220 1418 3303 verbi,-uon

118 3336 216 3408 potest
238 3328 404 3408 producere
429 3331 517 3389 linem
540 3330 649 3409 prioris
668 3327 750 3388 verbi
774 3327 852 3407 qnod
876 3329 907 3387 in
931 3326 1050 3387 brevem
1073 3326 1203 3387 desierat
1222 3325 1363 3406 vocalem,
1387 3334 1420 3386 ut

277 3436 448 3515 pontibus
472 3437 638 3496 instratis
662 3434 835 3496 conduxit
858 3434 964 3495 litora
987 3434 1131 3495 Xerxes.

119 3560 138 3601 n
165 3561 283 3621 quoqne
312 3542 409 3604 littera
437 3545 500 3623 pari
527 3545 655 3623 ratione,
684 3544 714 3602 ni
744 3541 836 3623 lallor,
859 3560 927 3602 oum
958 3544 988 3603 in
1013 3542 1109 3602 medio
1134 3541 1223 3602 verbo
1246 3543 1420 3602 consonanti

78 3648 202 3710 soalteri
232 3649 321 3711 luerit
349 3648 495 3732 subiecta,
528 3649 755 3732 praecedentem
783 3648 921 3729 syllabam
950 3650 1011 3710 sire
1058 3659 1161 3710 natura
1190 3667 1242 3709 seu
1273 3648 1419 3727 positione

118 3775 235 3836 semper
264 3755 379 3835 longam
408 3756 508 3838 babet,
538 3767 569 3818 ut
598 3775 687 3837 regna
711 3755 865 3816 calumnia.
902 3774 970 3816 cunr
995 3774 1064 3816 vero
1093 3758 1124 3817 in
1152 3755 1314 3836 primordio
1337 3752 1419 3814 verbi

119 3863 208 3923 luerit
232 3862 280 3923 alii
304 3843 436 3924 subiecta
460 3866 646 3945 consonanti,
676 3871 708 3924 ut
732 3860 850 3922 Gnaeus
872 3880 996 3941 gnarus,
1018 3863 1154 3941 prolecto
1178 3861 1311 3922 ultimam
1334 3860 1418 3941 sylla·
1455 3850 1460 3859 ’

118 3967 184 4028 bam
204 3969 285 4029 verbi
309 3972 431 4051 prioris,
454 3973 528 4032 siin
550 3972 668 4032 brevem
688 3969 818 4030 desierat
836 3968 980 4050 vocalem,
1002 3968 1122 4031 brevem
1146 3969 1236 4051 banc,
1259 3977 1292 4029 ut
1315 3970 1420 4050 luerat,

118 4117 243 4124 —-..
258 4117 329 4126 -0—.

210 4200 222 4247 1
244 4195 367 4249 consiliis
385 4212 482 4264 parere
502 4196 580 4263 Lus
594 4193 703 4250 consilii
722 4210 833 4264 operere
853 4193 884 4246 F
952 4192 1077 4249 tinsoni
1097 4191 1159 4247 FP
1176 4193 1302 4248 insanam
1322 4193 1348 4245 L

119 4275 246 4330 abrevis
264 4275 293 4329 in
312 4274 364 4329 boo
382 4292 432 4331 one.
453 4276 478 4328 L
559 4275 641 4330 Shio
661 4274 713 4345 vir]
740 4273 817 4343 Verp.
836 4274 905 4328 Aen.
931 4273 977 4326 VI
994 4279 1050 4328 792
1132 4279 1164 4327 16
1183 4270 1305 4327 inueneii
1323 4272 1349 4324 L

118 4362 153 4409 ‘30
171 4355 200 4409 in
220 4372 394 4424 quocumque
413 4360 501 4412 metro
520 4356 661 4411 odiosoros
680 4359 724 4408 εει
745 4353 776 4409 id
797 4356 841 4408 eat
863 4351 1024 4407 indifferens
1043 4355 1085 4407 est
1104 4352 1135 4406 F
1152 4351 1313 4406 indifferens
1330 4354 1374 4406 est
1391 4350 1420 4404 in

118 4451 294 4504 quocumque
313 4440 401 4491 metro
420 4453 491 4505 quae
510 4453 610 4506 graece
628 4435 769 4490 adiuturos
785 4431 887 4488 dieitur
906 4433 932 4485 L
1008 4439 1040 4487 21
1061 4437 1161 4502 poetae
1180 4434 1207 4487 L
1283 4439 1316 4487 22
1336 4450 1420 4502 quam

118 4515 254 4585 exemplis
274 4516 300 4568 L
363 4523 396 4570 26
416 4534 469 4571 nox
487 4535 543 4571 nux
562 4518 592 4570 et
609 4515 673 4570 exul
693 4513 755 4567 FP
771 4532 827 4568 nux
848 4530 901 4568 nox
920 4512 985 4566 exul
1003 4512 1029 4565 L
1096 4519 1129 4567 27
1149 4513 1232 4567 finem
1252 4511 1335 4569 FPs
1354 4511 1420 4566 ulti·

118 4613 194 4649 mam
212 4596 349 4665 syllabam
370 4596 395 4648 L
466 4597 587 4651 desierat
606 4595 666 4648 LP
679 4593 822 4649 desiderat
837 4593 869 4648 F
884 4592 1033 4651 desierits
1105 4599 1140 4647 28
1157 4591 1301 4663 pontibus]
1323 4591 1420 4646 Teren·

118 4676 187 4729 tlon.
208 4682 294 4730 1160:
317 4677 352 4742 es.
371 4676 446 4745 Sera.
470 4677 503 4730 de
524 4677 584 4746 splt.
605 4693 636 4744 p.
655 4679 718 4740 479,
741 4679 780 4730 29
870 4674 996 4730 instratis
1021 4674 1084 4728 FP
1105 4672 1224 4728 inmotis
1247 4689 1306 4726 uno
1328 4672 1422 4727 littero

119 4755 207 4809 deleto
225 4756 250 4808 L
269 4754 412 4809 instnretia
431 4770 447 4812 ς
519 4771 611 4809 xerses
630 4754 656 4807 L
728 4760 762 4809 29
781 4753 811 4808 in
828 4754 923 4810 medio
940 4756 1026 4810 uerbo
1045 4753 1106 4808 FP
1120 4753 1149 4808 in
1168 4752 1260 4807 medio
1278 4752 1357 4808 uerbi
1376 4753 1426 4823 Ls

173 4840 207 4887 33
227 4834 347 4888 desierat
366 4833 425 4887 FL
435 4835 461 4887 P
478 4834 591 4888 desierit
606 4850 649 4904 ps
721 4834 794 4890 hano
813 4838 842 4890 et
859 4838 892 4889 ιιι
909 4835 1001 4890 fueret
1020 4833 1051 4891 F
