<?xml version="1.0" encoding="UTF-8"?>
<!DOCTYPE html PUBLIC "-//W3C//DTD XHTML 1.0 Transitional//EN"
    "http://www.w3.org/TR/xhtml1/DTD/xhtml1-transitional.dtd">
<html xmlns="http://www.w3.org/1999/xhtml" xml:lang="en" lang="en">
 <head>
  <title>
</title>
<meta http-equiv="Content-Type" content="text/html;charset=utf-8" />
  <meta name='ocr-system' content='tesseract 3.04.00' />
  <meta name='ocr-capabilities' content='ocr_page ocr_carea ocr_par ocr_line ocrx_word'/>
</head>
<body>
  <div class='ocr_page' id='page_1' title='image "./grammaticilatin00keilgoog/grammaticilatin00keilgoog_0403.png"; bbox 0 0 3316 5474; ppageno 0'>
   <div class='ocr_carea' id='block_1_1' title="bbox 162 347 899 499">
    <p class='ocr_par' dir='ltr' id='par_1_1' title="bbox 162 347 899 499">
     <span class='ocr_line' id='line_1_1' title="bbox 164 347 899 414; baseline 0 -12"><span class='ocrx_word' id='word_1_1' title='bbox 164 348 231 414; x_wconf 82' lang='lat'><strong>384</strong></span> <span class='ocrx_word' id='word_1_2' title='bbox 726 347 899 405; x_wconf 79' lang='lat' dir='ltr'>DOSITHEI</span> 
     </span>
     <span class='ocr_line' id='line_1_2' title="bbox 162 446 890 499; baseline 0.004 -11"><span class='ocrx_word' id='word_1_3' title='bbox 162 461 184 499; x_wconf 82' lang='lat' dir='ltr'><strong>p.</strong></span> <span class='ocrx_word' id='word_1_4' title='bbox 200 452 231 490; x_wconf 75' lang='lat'><strong>14.</strong></span> <span class='ocrx_word' id='word_1_5' title='bbox 247 449 315 490; x_wconf 78' lang='lat'>1511.</span> <span class='ocrx_word' id='word_1_6' title='bbox 888 446 890 450; x_wconf 73' lang='grc'><strong>’</strong></span> 
     </span>
    </p>
   </div>
   <div class='ocr_carea' id='block_1_2' title="bbox 163 533 1512 2227">
    <p class='ocr_par' dir='ltr' id='par_1_2' title="bbox 163 533 1498 1474">
     <span class='ocr_line' id='line_1_3' title="bbox 165 533 1470 617; baseline 0.005 -23"><span class='ocrx_word' id='word_1_7' title='bbox 165 534 329 616; x_wconf 84' lang='lat' dir='ltr'><strong>Gmevum,</strong></span> <span class='ocrx_word' id='word_1_8' title='bbox 357 553 437 596; x_wconf 92' lang='lat' dir='ltr'><strong>nunc</strong></span> <span class='ocrx_word' id='word_1_9' title='bbox 465 533 549 613; x_wconf 83' lang='lat' dir='ltr'><strong>volgo</strong></span> <span class='ocrx_word' id='word_1_10' title='bbox 572 533 693 595; x_wconf 91' lang='lat' dir='ltr'><strong>brevius</strong></span> <span class='ocrx_word' id='word_1_11' title='bbox 716 534 852 596; x_wconf 89' lang='lat' dir='ltr'><strong>audimus</strong></span> <span class='ocrx_word' id='word_1_12' title='bbox 876 534 1023 617; x_wconf 80' lang='lat' dir='ltr'><strong>Gnaeum,</strong></span> <span class='ocrx_word' id='word_1_13' title='bbox 1051 538 1193 597; x_wconf 88' lang='lat' dir='ltr'><strong>etiamsi</strong></span> <span class='ocrx_word' id='word_1_14' title='bbox 1222 541 1349 599; x_wconf 91' lang='lat' dir='ltr'><strong>nominis</strong></span> <span class='ocrx_word' id='word_1_15' title='bbox 1378 557 1470 601; x_wconf 80' lang='lat' dir='ltr'><strong>cansa</strong></span> 
     </span>
     <span class='ocr_line' id='line_1_4' title="bbox 163 642 1471 724; baseline 0.005 -23"><span class='ocrx_word' id='word_1_16' title='bbox 163 644 309 722; x_wconf 90' lang='lat' dir='ltr'><strong>ponimus.</strong></span> <span class='ocrx_word' id='word_1_17' title='bbox 357 661 372 702; x_wconf 91' lang='lat' dir='ltr'><strong>r</strong></span> <span class='ocrx_word' id='word_1_18' title='bbox 395 642 493 703; x_wconf 91' lang='lat' dir='ltr'><strong>littera</strong></span> <span class='ocrx_word' id='word_1_19' title='bbox 516 659 683 702; x_wconf 84' lang='lat' dir='ltr'><strong>consonans</strong></span> <span class='ocrx_word' id='word_1_20' title='bbox 706 642 890 703; x_wconf 82' lang='lat' dir='ltr'><strong>semivocalis</strong></span> <span class='ocrx_word' id='word_1_21' title='bbox 914 642 1024 722; x_wconf 89' lang='lat' dir='ltr'><strong>liquida</strong></span> <span class='ocrx_word' id='word_1_22' title='bbox 1047 652 1077 704; x_wconf 92' lang='lat' dir='ltr'><strong>et</strong></span> <span class='ocrx_word' id='word_1_23' title='bbox 1099 648 1293 724; x_wconf 77' lang='lat' dir='ltr'><strong>praeponitur</strong></span> <span class='ocrx_word' id='word_1_24' title='bbox 1316 644 1471 708; x_wconf 89' lang='lat' dir='ltr'><strong>vocalibus</strong></span> 
     </span>
     <span class='ocr_line' id='line_1_5' title="bbox 164 748 1470 834; baseline 0.004 -24"><span class='ocrx_word' id='word_1_25' title='bbox 164 758 194 811; x_wconf 88' lang='lat' dir='ltr'><strong>et</strong></span> <span class='ocrx_word' id='word_1_26' title='bbox 216 748 421 830; x_wconf 81' lang='lat' dir='ltr'><strong>subiungitur,</strong></span> <span class='ocrx_word' id='word_1_27' title='bbox 454 759 487 811; x_wconf 90' lang='lat' dir='ltr'><strong>nt</strong></span> <span class='ocrx_word' id='word_1_28' title='bbox 518 767 619 811; x_wconf 90' lang='lat' dir='ltr'><strong>ramus</strong></span> <span class='ocrx_word' id='word_1_29' title='bbox 651 767 746 831; x_wconf 84' lang='lat' dir='ltr'><strong>arma3</strong></span> <span class='ocrx_word' id='word_1_30' title='bbox 778 752 849 811; x_wconf 86' lang='lat' dir='ltr'><strong>item</strong></span> <span class='ocrx_word' id='word_1_31' title='bbox 873 750 1105 813; x_wconf 77' lang='lat' dir='ltr'><strong>consonantibus</strong></span> <span class='ocrx_word' id='word_1_32' title='bbox 1137 751 1340 834; x_wconf 82' lang='lat' dir='ltr'><strong>subiungitur,</strong></span> <span class='ocrx_word' id='word_1_33' title='bbox 1374 762 1408 813; x_wconf 82' lang='lat' dir='ltr'><strong>ut</strong></span> <span class='ocrx_word' id='word_1_34' title='bbox 1437 757 1470 815; x_wconf 86' lang='lat' dir='ltr'><strong>in</strong></span> 
     </span>
     <span class='ocr_line' id='line_1_6' title="bbox 164 856 1471 939; baseline 0.002 -20"><span class='ocrx_word' id='word_1_35' title='bbox 164 856 280 919; x_wconf 84' lang='lat' dir='ltr'><strong>Crasso.</strong></span> <span class='ocrx_word' id='word_1_36' title='bbox 327 876 341 916; x_wconf 90' lang='lat' dir='ltr'><strong>s</strong></span> <span class='ocrx_word' id='word_1_37' title='bbox 365 857 464 918; x_wconf 89' lang='lat' dir='ltr'><strong>littera</strong></span> <span class='ocrx_word' id='word_1_38' title='bbox 486 875 653 917; x_wconf 90' lang='lat' dir='ltr'><strong>consonans</strong></span> <span class='ocrx_word' id='word_1_39' title='bbox 677 857 862 918; x_wconf 84' lang='lat' dir='ltr'><strong>semivocalis</strong></span> <span class='ocrx_word' id='word_1_40' title='bbox 885 865 944 918; x_wconf 88' lang='lat' dir='ltr'><strong>tam</strong></span> <span class='ocrx_word' id='word_1_41' title='bbox 967 860 1161 939; x_wconf 77' lang='lat' dir='ltr'><strong>praeponitur</strong></span> <span class='ocrx_word' id='word_1_42' title='bbox 1185 858 1334 920; x_wconf 87' lang='lat' dir='ltr'><strong>vocalibus</strong></span> <span class='ocrx_word' id='word_1_43' title='bbox 1363 879 1471 922; x_wconf 82' lang='lat' dir='ltr'><strong>conso·</strong></span> 
     </span>
     <span class='ocr_line' id='line_1_7' title="bbox 165 957 1498 1047; baseline -0.001 -22"><span class='ocrx_word' id='word_1_44' title='bbox 165 964 362 1044; x_wconf 90' lang='lat' dir='ltr'><strong>nantibusque</strong></span> <span class='ocrx_word' id='word_1_45' title='bbox 387 982 476 1043; x_wconf 87' lang='lat' dir='ltr'><strong>qnam</strong></span> <span class='ocrx_word' id='word_1_46' title='bbox 498 957 880 1047; x_wconf 73' lang='lat' dir='ltr'><strong>subiungiturlvocalibus‚</strong></span> <span class='ocrx_word' id='word_1_47' title='bbox 908 972 942 1026; x_wconf 88' lang='lat' dir='ltr'><strong>ut</strong></span> <span class='ocrx_word' id='word_1_48' title='bbox 964 967 1036 1026; x_wconf 86' lang='lat' dir='ltr'><strong>satis</strong></span> <span class='ocrx_word' id='word_1_49' title='bbox 1060 968 1152 1027; x_wconf 88' lang='lat' dir='ltr'><strong>statis.</strong></span> <span class='ocrx_word' id='word_1_50' title='bbox 1198 985 1216 1026; x_wconf 82' lang='lat' dir='ltr'>x</span> <span class='ocrx_word' id='word_1_51' title='bbox 1240 967 1338 1028; x_wconf 89' lang='lat' dir='ltr'><strong>littera</strong></span> <span class='ocrx_word' id='word_1_52' title='bbox 1362 983 1498 1029; x_wconf 83' lang='lat' dir='ltr'><strong>conso-o</strong></span> 
     </span>
     <span class='ocr_line' id='line_1_8' title="bbox 165 1069 1470 1154; baseline 0.004 -22"><span class='ocrx_word' id='word_1_53' title='bbox 165 1090 239 1132; x_wconf 91' lang='lat' dir='ltr'><strong>nans</strong></span> <span class='ocrx_word' id='word_1_54' title='bbox 272 1070 455 1132; x_wconf 87' lang='lat' dir='ltr'><strong>semivocalis</strong></span> <span class='ocrx_word' id='word_1_55' title='bbox 487 1069 595 1151; x_wconf 85' lang='lat' dir='ltr'><strong>duplex</strong></span> <span class='ocrx_word' id='word_1_56' title='bbox 627 1073 658 1131; x_wconf 95' lang='lat' dir='ltr'><strong>in</strong></span> <span class='ocrx_word' id='word_1_57' title='bbox 692 1070 788 1131; x_wconf 90' lang='lat' dir='ltr'><strong>media</strong></span> <span class='ocrx_word' id='word_1_58' title='bbox 821 1079 936 1133; x_wconf 90' lang='lat' dir='ltr'><strong>tantum</strong></span> <span class='ocrx_word' id='word_1_59' title='bbox 967 1081 1052 1152; x_wconf 89' lang='lat' dir='ltr'><strong>parte</strong></span> <span class='ocrx_word' id='word_1_60' title='bbox 1085 1072 1267 1134; x_wconf 88' lang='lat' dir='ltr'><strong>locutionum</strong></span> <span class='ocrx_word' id='word_1_61' title='bbox 1300 1075 1378 1154; x_wconf 85' lang='lat' dir='ltr'><strong>apud</strong></span> <span class='ocrx_word' id='word_1_62' title='bbox 1414 1094 1470 1137; x_wconf 89' lang='lat' dir='ltr'><strong>nos</strong></span> 
     </span>
     <span class='ocr_line' id='line_1_9' title="bbox 165 1177 1469 1262; baseline 0.005 -24"><span class='ocrx_word' id='word_1_63' title='bbox 165 1179 314 1240; x_wconf 90' lang='lat' dir='ltr'><strong>vocalibus</strong></span> <span class='ocrx_word' id='word_1_64' title='bbox 333 1181 515 1260; x_wconf 87' lang='lat' dir='ltr'><strong>praeposita,</strong></span> <span class='ocrx_word' id='word_1_65' title='bbox 535 1187 568 1239; x_wconf 90' lang='lat' dir='ltr'><strong>ut</strong></span> <span class='ocrx_word' id='word_1_66' title='bbox 587 1179 732 1258; x_wconf 76' lang='lat' dir='ltr'><strong>fraxinus3</strong></span> <span class='ocrx_word' id='word_1_67' title='bbox 755 1177 911 1258; x_wconf 91' lang='lat' dir='ltr'><strong>aliquando</strong></span> <span class='ocrx_word' id='word_1_68' title='bbox 927 1181 1045 1261; x_wconf 88' lang='lat' dir='ltr'><strong>liniens,</strong></span> <span class='ocrx_word' id='word_1_69' title='bbox 1069 1188 1103 1241; x_wconf 88' lang='lat' dir='ltr'><strong>ut</strong></span> <span class='ocrx_word' id='word_1_70' title='bbox 1117 1190 1232 1242; x_wconf 83' lang='lat' dir='ltr'><strong>vertex:</strong></span> <span class='ocrx_word' id='word_1_71' title='bbox 1255 1184 1285 1242; x_wconf 93' lang='lat' dir='ltr'><strong>in</strong></span> <span class='ocrx_word' id='word_1_72' title='bbox 1301 1185 1469 1262; x_wconf 83' lang='lat' dir='ltr'><strong>peregrinis</strong></span> 
     </span>
     <span class='ocr_line' id='line_1_10' title="bbox 166 1285 1470 1372; baseline 0.003 -26"><span class='ocrx_word' id='word_1_73' title='bbox 166 1295 279 1347; x_wconf 88' lang='lat' dir='ltr'><strong>tantum</strong></span> <span class='ocrx_word' id='word_1_74' title='bbox 310 1285 479 1347; x_wconf 89' lang='lat' dir='ltr'><strong>nominibus</strong></span> <span class='ocrx_word' id='word_1_75' title='bbox 507 1287 602 1366; x_wconf 91' lang='lat' dir='ltr'><strong>prima</strong></span> <span class='ocrx_word' id='word_1_76' title='bbox 631 1287 767 1367; x_wconf 88' lang='lat' dir='ltr'><strong>ponitur,</strong></span> <span class='ocrx_word' id='word_1_77' title='bbox 799 1295 833 1347; x_wconf 90' lang='lat' dir='ltr'><strong>ut</strong></span> <span class='ocrx_word' id='word_1_78' title='bbox 865 1289 897 1348; x_wconf 84' lang='grc' dir='ltr'><strong>ιἰι</strong></span> <span class='ocrx_word' id='word_1_79' title='bbox 925 1285 1041 1348; x_wconf 82' lang='lat' dir='ltr'><strong>Xantho</strong></span> <span class='ocrx_word' id='word_1_80' title='bbox 1069 1286 1206 1350; x_wconf 87' lang='lat' dir='ltr'><strong>Xenone:</strong></span> <span class='ocrx_word' id='word_1_81' title='bbox 1239 1298 1307 1350; x_wconf 92' lang='lat' dir='ltr'><strong>nota</strong></span> <span class='ocrx_word' id='word_1_82' title='bbox 1340 1291 1470 1372; x_wconf 87' lang='lat' dir='ltr'><strong>numeri,</strong></span> 
     </span>
     <span class='ocr_line' id='line_1_11' title="bbox 165 1394 536 1474; baseline -0.005 -17"><span class='ocrx_word' id='word_1_83' title='bbox 165 1412 234 1457; x_wconf 83' lang='lat' dir='ltr'><strong>cuns</strong></span> <span class='ocrx_word' id='word_1_84' title='bbox 256 1394 360 1456; x_wconf 89' lang='lat' dir='ltr'><strong>decem</strong></span> <span class='ocrx_word' id='word_1_85' title='bbox 384 1395 536 1474; x_wconf 82' lang='lat' dir='ltr'><strong>signifieat.</strong></span> 
     </span>
    </p>

    <p class='ocr_par' dir='ltr' id='par_1_3' title="bbox 165 1501 1512 2227">
     <span class='ocr_line' id='line_1_12' title="bbox 254 1501 1512 1584; baseline 0.004 -23"><span class='ocrx_word' id='word_1_86' title='bbox 254 1501 277 1561; x_wconf 89' lang='lat' dir='ltr'>B</span> <span class='ocrx_word' id='word_1_87' title='bbox 296 1501 394 1563; x_wconf 88' lang='lat' dir='ltr'><strong>littera</strong></span> <span class='ocrx_word' id='word_1_88' title='bbox 409 1520 575 1563; x_wconf 90' lang='lat' dir='ltr'><strong>consonans</strong></span> <span class='ocrx_word' id='word_1_89' title='bbox 595 1512 675 1563; x_wconf 91' lang='lat' dir='ltr'><strong>muta</strong></span> <span class='ocrx_word' id='word_1_90' title='bbox 694 1510 754 1563; x_wconf 88' lang='lat' dir='ltr'><strong>tam</strong></span> <span class='ocrx_word' id='word_1_91' title='bbox 772 1503 966 1582; x_wconf 85' lang='lat' dir='ltr'><strong>praeponitur</strong></span> <span class='ocrx_word' id='word_1_92' title='bbox 984 1501 1134 1564; x_wconf 86' lang='lat' dir='ltr'><strong>vocalibus</strong></span> <span class='ocrx_word' id='word_1_93' title='bbox 1154 1522 1241 1582; x_wconf 89' lang='lat' dir='ltr'><strong>quam</strong></span> <span class='ocrx_word' id='word_1_94' title='bbox 1260 1503 1469 1584; x_wconf 85' lang='lat' dir='ltr'><strong>subiungitur:</strong></span> <span class='ocrx_word' id='word_1_95' title='bbox 1485 1518 1512 1558; x_wconf 83' lang='lat'><strong>1⁰</strong></span> 
     </span>
     <span class='ocr_line' id='line_1_13' title="bbox 166 1608 1469 1693; baseline 0.003 -25"><span class='ocrx_word' id='word_1_96' title='bbox 166 1611 359 1689; x_wconf 84' lang='lat' dir='ltr'><strong>praeponitur</strong></span> <span class='ocrx_word' id='word_1_97' title='bbox 383 1608 676 1693; x_wconf 84' lang='lat' dir='ltr'><strong>etsemivocalibus,</strong></span> <span class='ocrx_word' id='word_1_98' title='bbox 704 1617 738 1669; x_wconf 93' lang='lat' dir='ltr'><strong>ut</strong></span> <span class='ocrx_word' id='word_1_99' title='bbox 764 1610 795 1668; x_wconf 92' lang='lat' dir='ltr'><strong>in</strong></span> <span class='ocrx_word' id='word_1_100' title='bbox 823 1608 982 1670; x_wconf 88' lang='lat' dir='ltr'><strong>Blesamio:</strong></span> <span class='ocrx_word' id='word_1_101' title='bbox 1009 1611 1174 1689; x_wconf 89' lang='lat' dir='ltr'><strong>propinqua</strong></span> <span class='ocrx_word' id='word_1_102' title='bbox 1203 1630 1223 1690; x_wconf 93' lang='lat' dir='ltr'><strong>p</strong></span> <span class='ocrx_word' id='word_1_103' title='bbox 1251 1611 1381 1692; x_wconf 86' lang='lat' dir='ltr'><strong>litterae,</strong></span> <span class='ocrx_word' id='word_1_104' title='bbox 1410 1630 1469 1691; x_wconf 87' lang='lat' dir='ltr'><strong>qua</strong></span> 
     </span>
     <span class='ocr_line' id='line_1_14' title="bbox 166 1713 1468 1798; baseline 0.002 -23"><span class='ocrx_word' id='word_1_105' title='bbox 166 1734 253 1796; x_wconf 90' lang='lat' dir='ltr'><strong>saepe</strong></span> <span class='ocrx_word' id='word_1_106' title='bbox 278 1717 423 1798; x_wconf 85' lang='lat' dir='ltr'><strong>mutatur,</strong></span> <span class='ocrx_word' id='word_1_107' title='bbox 447 1725 480 1777; x_wconf 93' lang='lat' dir='ltr'><strong>ut</strong></span> <span class='ocrx_word' id='word_1_108' title='bbox 503 1722 683 1796; x_wconf 92' lang='lat' dir='ltr'><strong>supponunt.</strong></span> <span class='ocrx_word' id='word_1_109' title='bbox 730 1713 866 1775; x_wconf 89' lang='lat' dir='ltr'><strong>clittera</strong></span> <span class='ocrx_word' id='word_1_110' title='bbox 890 1732 1056 1775; x_wconf 89' lang='lat' dir='ltr'><strong>consonans</strong></span> <span class='ocrx_word' id='word_1_111' title='bbox 1079 1725 1160 1776; x_wconf 88' lang='lat' dir='ltr'><strong>muta</strong></span> <span class='ocrx_word' id='word_1_112' title='bbox 1184 1725 1244 1777; x_wconf 91' lang='lat' dir='ltr'><strong>tam</strong></span> <span class='ocrx_word' id='word_1_113' title='bbox 1272 1719 1468 1796; x_wconf 88' lang='lat' dir='ltr'><strong>praeponitur</strong></span> 
     </span>
     <span class='ocr_line' id='line_1_15' title="bbox 165 1820 1470 1902; baseline 0.002 -20"><span class='ocrx_word' id='word_1_114' title='bbox 165 1822 316 1884; x_wconf 88' lang='lat' dir='ltr'><strong>vocalibus</strong></span> <span class='ocrx_word' id='word_1_115' title='bbox 339 1822 631 1902; x_wconf 88' lang='lat' dir='ltr'><strong>consonantibusque</strong></span> <span class='ocrx_word' id='word_1_116' title='bbox 655 1840 743 1901; x_wconf 89' lang='lat' dir='ltr'><strong>quam</strong></span> <span class='ocrx_word' id='word_1_117' title='bbox 766 1820 969 1899; x_wconf 84' lang='lat' dir='ltr'><strong>subiungitur,</strong></span> <span class='ocrx_word' id='word_1_118' title='bbox 993 1831 1026 1883; x_wconf 91' lang='lat' dir='ltr'><strong>ut</strong></span> <span class='ocrx_word' id='word_1_119' title='bbox 1049 1825 1169 1902; x_wconf 89' lang='lat' dir='ltr'><strong>capiens</strong></span> <span class='ocrx_word' id='word_1_120' title='bbox 1193 1822 1349 1884; x_wconf 88' lang='lat' dir='ltr'><strong>scelestus:</strong></span> <span class='ocrx_word' id='word_1_121' title='bbox 1400 1834 1470 1885; x_wconf 86' lang='lat' dir='ltr'><strong>nota</strong></span> 
     </span>
     <span class='ocr_line' id='line_1_16' title="bbox 167 1932 1470 2011; baseline 0.002 -21"><span class='ocrx_word' id='word_1_122' title='bbox 167 1932 381 2011; x_wconf 88' lang='lat' dir='ltr'><strong>praenominis,</strong></span> <span class='ocrx_word' id='word_1_123' title='bbox 405 1949 472 1992; x_wconf 89' lang='lat' dir='ltr'><strong>cum</strong></span> <span class='ocrx_word' id='word_1_124' title='bbox 496 1935 560 1992; x_wconf 82' lang='lat' dir='ltr'><strong>sola</strong></span> <span class='ocrx_word' id='word_1_125' title='bbox 582 1933 690 1992; x_wconf 76' lang='lat' dir='ltr'><strong>Guirrm</strong></span> <span class='ocrx_word' id='word_1_126' title='bbox 713 1933 884 2006; x_wconf 50' lang='grc' dir='ltr'><strong>προφανῆ</strong></span> <span class='ocrx_word' id='word_1_127' title='bbox 907 1933 977 1990; x_wconf 82' lang='lat' dir='ltr'><strong>item</strong></span> <span class='ocrx_word' id='word_1_128' title='bbox 1000 1934 1128 2006; x_wconf 82' lang='lat' dir='ltr'><strong>numeri,</strong></span> <span class='ocrx_word' id='word_1_129' title='bbox 1152 1950 1219 1992; x_wconf 93' lang='lat' dir='ltr'><strong>cum</strong></span> <span class='ocrx_word' id='word_1_130' title='bbox 1239 1941 1359 1992; x_wconf 89' lang='lat' dir='ltr'><strong>eentum</strong></span> <span class='ocrx_word' id='word_1_131' title='bbox 1379 1934 1470 2011; x_wconf 86' lang='lat' dir='ltr'><strong>signi·</strong></span> 
     </span>
     <span class='ocr_line' id='line_1_17' title="bbox 168 2036 1511 2120; baseline 0 -21"><span class='ocrx_word' id='word_1_132' title='bbox 168 2040 243 2099; x_wconf 83' lang='lat' dir='ltr'><strong>boat.</strong></span> <span class='ocrx_word' id='word_1_133' title='bbox 282 2037 299 2098; x_wconf 78' lang='lat' dir='ltr'><strong>el</strong></span> <span class='ocrx_word' id='word_1_134' title='bbox 315 2037 412 2098; x_wconf 88' lang='lat' dir='ltr'><strong>littera</strong></span> <span class='ocrx_word' id='word_1_135' title='bbox 428 2055 593 2099; x_wconf 85' lang='lat' dir='ltr'><strong>consonans</strong></span> <span class='ocrx_word' id='word_1_136' title='bbox 608 2045 689 2097; x_wconf 91' lang='lat' dir='ltr'><strong>muta</strong></span> <span class='ocrx_word' id='word_1_137' title='bbox 705 2046 763 2096; x_wconf 79' lang='lat' dir='ltr'><strong>tani</strong></span> <span class='ocrx_word' id='word_1_138' title='bbox 782 2037 975 2115; x_wconf 87' lang='lat' dir='ltr'><strong>praeponitur</strong></span> <span class='ocrx_word' id='word_1_139' title='bbox 994 2036 1143 2097; x_wconf 88' lang='lat' dir='ltr'><strong>vocalibus</strong></span> <span class='ocrx_word' id='word_1_140' title='bbox 1162 2057 1249 2118; x_wconf 92' lang='lat' dir='ltr'><strong>quam</strong></span> <span class='ocrx_word' id='word_1_141' title='bbox 1269 2037 1469 2120; x_wconf 80' lang='lat' dir='ltr'><strong>subiungitur,</strong></span> <span class='ocrx_word' id='word_1_142' title='bbox 1485 2053 1511 2093; x_wconf 73' lang='grc' dir='ltr'><strong>ιο</strong></span> 
     </span>
     <span class='ocr_line' id='line_1_18' title="bbox 167 2141 1469 2227; baseline 0.001 -21"><span class='ocrx_word' id='word_1_143' title='bbox 167 2153 201 2206; x_wconf 88' lang='lat' dir='ltr'><strong>ut</strong></span> <span class='ocrx_word' id='word_1_144' title='bbox 224 2144 310 2206; x_wconf 87' lang='lat' dir='ltr'><strong>datus</strong></span> <span class='ocrx_word' id='word_1_145' title='bbox 333 2142 465 2212; x_wconf 74' lang='lat' dir='ltr'><strong>additus:</strong></span> <span class='ocrx_word' id='word_1_146' title='bbox 491 2145 657 2224; x_wconf 90' lang='lat' dir='ltr'><strong>propinqua</strong></span> <span class='ocrx_word' id='word_1_147' title='bbox 681 2141 787 2203; x_wconf 86' lang='lat' dir='ltr'><strong>litteris</strong></span> <span class='ocrx_word' id='word_1_148' title='bbox 811 2141 1043 2203; x_wconf 88' lang='lat' dir='ltr'><strong>consonantibus</strong></span> <span class='ocrx_word' id='word_1_149' title='bbox 1071 2144 1131 2225; x_wconf 86' lang='lat' dir='ltr'><strong>his,</strong></span> <span class='ocrx_word' id='word_1_150' title='bbox 1159 2164 1173 2205; x_wconf 93' lang='lat' dir='ltr'><strong>s</strong></span> <span class='ocrx_word' id='word_1_151' title='bbox 1197 2164 1213 2206; x_wconf 94' lang='lat' dir='ltr'><strong>c</strong></span> <span class='ocrx_word' id='word_1_152' title='bbox 1236 2165 1254 2225; x_wconf 81' lang='lat' dir='ltr'>g</span> <span class='ocrx_word' id='word_1_153' title='bbox 1277 2145 1287 2206; x_wconf 92' lang='lat' dir='ltr'><strong>l</strong></span> <span class='ocrx_word' id='word_1_154' title='bbox 1310 2165 1329 2225; x_wconf 94' lang='lat' dir='ltr'><strong>p</strong></span> <span class='ocrx_word' id='word_1_155' title='bbox 1353 2164 1368 2204; x_wconf 90' lang='lat' dir='ltr'><strong>r</strong></span> <span class='ocrx_word' id='word_1_156' title='bbox 1393 2164 1423 2205; x_wconf 93' lang='lat' dir='ltr'><strong>m</strong></span> <span class='ocrx_word' id='word_1_157' title='bbox 1447 2155 1469 2227; x_wconf 87' lang='lat' dir='ltr'><strong>t,</strong></span> 
     </span>
    </p>
   </div>
   <div class='ocr_carea' id='block_1_3' title="bbox 166 2322 1473 2554">
    <p class='ocr_par' dir='ltr' id='par_1_4' title="bbox 166 2322 1473 2554">
     <span class='ocr_line' id='line_1_19' title="bbox 241 2322 1470 2393; baseline 0.003 -14"><span class='ocrx_word' id='word_1_158' title='bbox 241 2323 332 2379; x_wconf 78' lang='lat' dir='ltr'><strong>Codex</strong></span> <span class='ocrx_word' id='word_1_159' title='bbox 350 2323 545 2392; x_wconf 71' lang='lat' dir='ltr'><strong>Sanoalteois.</strong></span> <span class='ocrx_word' id='word_1_160' title='bbox 584 2322 776 2393; x_wconf 82' lang='lat' dir='ltr'><strong>1Gneevum]</strong></span> <span class='ocrx_word' id='word_1_161' title='bbox 796 2322 932 2377; x_wconf 82' lang='lat' dir='ltr'><strong>Gnaeium</strong></span> <span class='ocrx_word' id='word_1_162' title='bbox 1004 2325 1027 2379; x_wconf 90' lang='lat' dir='ltr'><strong>si</strong></span> <span class='ocrx_word' id='word_1_163' title='bbox 1046 2325 1075 2379; x_wconf 89' lang='lat' dir='ltr'><strong>in</strong></span> <span class='ocrx_word' id='word_1_164' title='bbox 1094 2325 1213 2380; x_wconf 87' lang='lat' dir='ltr'><strong>nominis</strong></span> <span class='ocrx_word' id='word_1_165' title='bbox 1285 2329 1352 2380; x_wconf 79' lang='lat' dir='ltr'><strong>3ui</strong></span> <span class='ocrx_word' id='word_1_166' title='bbox 1370 2327 1398 2381; x_wconf 94' lang='lat' dir='ltr'><strong>iu</strong></span> <span class='ocrx_word' id='word_1_167' title='bbox 1418 2346 1470 2384; x_wconf 79' lang='lat' dir='ltr'><strong>ont.</strong></span> 
     </span>
     <span class='ocr_line' id='line_1_20' title="bbox 222 2403 1473 2475; baseline 0.003 -16"><span class='ocrx_word' id='word_1_168' title='bbox 222 2403 434 2472; x_wconf 78' lang='lat' dir='ltr'><strong>oloqutionum</strong></span> <span class='ocrx_word' id='word_1_169' title='bbox 524 2411 540 2458; x_wconf 88' lang='lat'>8</span> <span class='ocrx_word' id='word_1_170' title='bbox 564 2404 733 2475; x_wconf 87' lang='lat' dir='ltr'><strong>nominibus]</strong></span> <span class='ocrx_word' id='word_1_171' title='bbox 758 2419 858 2459; x_wconf 91' lang='lat' dir='ltr'><strong>nomen</strong></span> <span class='ocrx_word' id='word_1_172' title='bbox 939 2407 971 2458; x_wconf 80' lang='lat' dir='ltr'><strong>ue</strong></span> <span class='ocrx_word' id='word_1_173' title='bbox 997 2409 1081 2460; x_wconf 82' lang='lat' dir='ltr'><strong>xunbo</strong></span> <span class='ocrx_word' id='word_1_174' title='bbox 1167 2413 1197 2459; x_wconf 83' lang='lat'><strong>13</strong></span> <span class='ocrx_word' id='word_1_175' title='bbox 1226 2407 1377 2461; x_wconf 84' lang='lat' dir='ltr'><strong>scaelestus</strong></span> <span class='ocrx_word' id='word_1_176' title='bbox 1403 2412 1473 2463; x_wconf 78' lang='lat' dir='ltr'><strong>nota</strong></span> 
     </span>
     <span class='ocr_line' id='line_1_21' title="bbox 166 2479 941 2554; baseline -0.006 -15"><span class='ocrx_word' id='word_1_177' title='bbox 166 2487 283 2554; x_wconf 72' lang='lat' dir='ltr'><strong>prenoffi</strong></span> <span class='ocrx_word' id='word_1_178' title='bbox 301 2503 350 2537; x_wconf 81' lang='grc' dir='ltr'><strong>και</strong></span> <span class='ocrx_word' id='word_1_179' title='bbox 369 2487 423 2553; x_wconf 73' lang='lat' dir='ltr'><strong>opp</strong></span> <span class='ocrx_word' id='word_1_180' title='bbox 442 2500 505 2537; x_wconf 90' lang='lat' dir='ltr'><strong>cum</strong></span> <span class='ocrx_word' id='word_1_181' title='bbox 524 2486 636 2537; x_wconf 81' lang='lat' dir='ltr'><strong>centum</strong></span> <span class='ocrx_word' id='word_1_182' title='bbox 656 2502 739 2538; x_wconf 88' lang='grc' dir='ltr'><em>οποτε</em></span> <span class='ocrx_word' id='word_1_183' title='bbox 759 2503 775 2552; x_wconf 79' lang='lat' dir='ltr'><strong>p</strong></span> <span class='ocrx_word' id='word_1_184' title='bbox 793 2481 885 2552; x_wconf 76' lang='lat' dir='ltr'><strong>signif.</strong></span> <span class='ocrx_word' id='word_1_185' title='bbox 940 2479 941 2484; x_wconf 71' lang='grc'>’</span> 
     </span>
    </p>
   </div>
   <div class='ocr_carea' id='block_1_4' title="bbox 167 2596 380 2606">
    <p class='ocr_par' dir='ltr' id='par_1_5' title="bbox 167 2596 380 2606">
     <span class='ocr_line' id='line_1_22' title="bbox 167 2596 380 2606; baseline -0.009 -1"><span class='ocrx_word' id='word_1_186' title='bbox 167 2596 380 2606; x_wconf 83' lang='lat'>...--—-—</span> 
     </span>
    </p>
   </div>
   <div class='ocr_carea' id='block_1_5' title="bbox 168 2640 1471 2797">
    <p class='ocr_par' dir='ltr' id='par_1_6' title="bbox 168 2640 1471 2797">
     <span class='ocr_line' id='line_1_23' title="bbox 240 2640 1471 2716; baseline 0.006 -18"><span class='ocrx_word' id='word_1_187' title='bbox 240 2651 273 2699; x_wconf 86' lang='lat'><strong>13</strong></span> <span class='ocrx_word' id='word_1_188' title='bbox 293 2643 313 2699; x_wconf 84' lang='lat' dir='ltr'>C</span> <span class='ocrx_word' id='word_1_189' title='bbox 333 2646 399 2699; x_wconf 82' lang='lat' dir='ltr'><strong>nota</strong></span> <span class='ocrx_word' id='word_1_190' title='bbox 418 2643 619 2715; x_wconf 74' lang='lat' dir='ltr'><strong>praenominis,</strong></span> <span class='ocrx_word' id='word_1_191' title='bbox 644 2661 706 2698; x_wconf 90' lang='lat' dir='ltr'><strong>cum</strong></span> <span class='ocrx_word' id='word_1_192' title='bbox 725 2643 786 2698; x_wconf 80' lang='lat' dir='ltr'><strong>sole</strong></span> <span class='ocrx_word' id='word_1_193' title='bbox 804 2640 905 2697; x_wconf 76' lang='lat' dir='ltr'><strong>Gaium</strong></span> <span class='ocrx_word' id='word_1_194' title='bbox 924 2646 1015 2715; x_wconf 78' lang='lat' dir='ltr'><strong>notet,</strong></span> <span class='ocrx_word' id='word_1_195' title='bbox 1038 2647 1106 2701; x_wconf 80' lang='lat' dir='ltr'><strong>ilem</strong></span> <span class='ocrx_word' id='word_1_196' title='bbox 1129 2648 1251 2716; x_wconf 84' lang='lat' dir='ltr'><strong>numeri,</strong></span> <span class='ocrx_word' id='word_1_197' title='bbox 1276 2666 1338 2702; x_wconf 87' lang='lat' dir='ltr'><strong>eum</strong></span> <span class='ocrx_word' id='word_1_198' title='bbox 1358 2653 1471 2706; x_wconf 85' lang='lat' dir='ltr'><strong>centum</strong></span> 
     </span>
     <span class='ocr_line' id='line_1_24' title="bbox 168 2725 620 2797; baseline -0.002 -16"><span class='ocrx_word' id='word_1_199' title='bbox 168 2725 310 2797; x_wconf 77' lang='lat' dir='ltr'><strong>significet</strong></span> <span class='ocrx_word' id='word_1_200' title='bbox 327 2725 471 2781; x_wconf 77' lang='lat' dir='ltr'><strong>Diomedes</strong></span> <span class='ocrx_word' id='word_1_201' title='bbox 484 2743 515 2795; x_wconf 82' lang='grc' dir='ltr'><strong>μ.</strong></span> <span class='ocrx_word' id='word_1_202' title='bbox 535 2729 620 2794; x_wconf 77' lang='grc'><em>424,8</em></span> 
     </span>
    </p>
   </div>
   <div class='ocr_carea' id='block_1_6' title="bbox 168 2953 1517 4544">
    <p class='ocr_par' dir='ltr' id='par_1_7' title="bbox 168 2953 1515 3798">
     <span class='ocr_line' id='line_1_25' title="bbox 168 2953 1472 3050; baseline 0.002 -22"><span class='ocrx_word' id='word_1_203' title='bbox 168 2958 334 3047; x_wconf 78' lang='grc' dir='ltr'><em>ἀκούομεν</em></span> <span class='ocrx_word' id='word_1_204' title='bbox 358 2964 500 3044; x_wconf 78' lang='grc' dir='ltr'><strong><em>Γναῖον,</em></strong></span> <span class='ocrx_word' id='word_1_205' title='bbox 527 2959 582 3025; x_wconf 83' lang='grc' dir='ltr'><strong>καὶ</strong></span> <span class='ocrx_word' id='word_1_206' title='bbox 606 2955 665 3025; x_wconf 79' lang='grc' dir='ltr'><strong><em>ἐὰν</em></strong></span> <span class='ocrx_word' id='word_1_207' title='bbox 689 2953 855 3046; x_wconf 86' lang='grc' dir='ltr'><em>ὀνόματος</em></span> <span class='ocrx_word' id='word_1_208' title='bbox 878 2961 974 3027; x_wconf 78' lang='grc' dir='ltr'><em>ἕνεκα</em></span> <span class='ocrx_word' id='word_1_209' title='bbox 1001 2964 1145 3046; x_wconf 67' lang='grc' dir='ltr'><em>τίθεμεν.</em></span> <span class='ocrx_word' id='word_1_210' title='bbox 1192 2989 1210 3029; x_wconf 84' lang='lat' dir='ltr'><strong>r</strong></span> <span class='ocrx_word' id='word_1_211' title='bbox 1232 2961 1366 3049; x_wconf 81' lang='grc' dir='ltr'><em>γράμμα</em></span> <span class='ocrx_word' id='word_1_212' title='bbox 1383 2966 1472 3050; x_wconf 81' lang='grc' dir='ltr'><strong><em>σύμ·</em></strong></span> 
     </span>
     <span class='ocr_line' id='line_1_26' title="bbox 168 3061 1472 3154; baseline 0.004 -19"><span class='ocrx_word' id='word_1_213' title='bbox 168 3094 285 3154; x_wconf 90' lang='grc' dir='ltr'><strong><em>φωνον</em></strong></span> <span class='ocrx_word' id='word_1_214' title='bbox 300 3064 478 3154; x_wconf 82' lang='grc' dir='ltr'><strong><em>ἡμίφωνον</em></strong></span> <span class='ocrx_word' id='word_1_215' title='bbox 492 3061 600 3151; x_wconf 79' lang='grc' dir='ltr'><strong><em>ὑγρὸν</em></strong></span> <span class='ocrx_word' id='word_1_216' title='bbox 614 3066 669 3133; x_wconf 81' lang='grc' dir='ltr'><strong>καί</strong></span> <span class='ocrx_word' id='word_1_217' title='bbox 683 3067 901 3154; x_wconf 81' lang='grc' dir='ltr'><em>προτάσσεται</em></span> <span class='ocrx_word' id='word_1_218' title='bbox 916 3067 1120 3153; x_wconf 82' lang='grc' dir='ltr'><strong><em>φωνηέντων</em></strong></span> <span class='ocrx_word' id='word_1_219' title='bbox 1138 3069 1193 3135; x_wconf 82' lang='grc' dir='ltr'><strong>καὶ</strong></span> <span class='ocrx_word' id='word_1_220' title='bbox 1211 3065 1432 3137; x_wconf 81' lang='grc' dir='ltr'><em>ὑποτάσσεται</em></span> <span class='ocrx_word' id='word_1_221' title='bbox 1465 3127 1472 3140; x_wconf 95' lang='grc'><strong><em>.</em></strong></span> 
     </span>
     <span class='ocr_line' id='line_1_27' title="bbox 169 3167 1472 3265; baseline 0.002 -22"><span class='ocrx_word' id='word_1_222' title='bbox 169 3172 292 3262; x_wconf 90' lang='grc' dir='ltr'><strong>ὁμοίως</strong></span> <span class='ocrx_word' id='word_1_223' title='bbox 320 3170 516 3260; x_wconf 81' lang='grc' dir='ltr'><strong><em>σνμφιόνοις</em></strong></span> <span class='ocrx_word' id='word_1_224' title='bbox 543 3167 778 3257; x_wconf 79' lang='grc' dir='ltr'><em>ὑποτάσσεται,</em></span> <span class='ocrx_word' id='word_1_225' title='bbox 806 3169 851 3253; x_wconf 77' lang='grc' dir='ltr'><strong>ὥς</strong></span> <span class='ocrx_word' id='word_1_226' title='bbox 878 3174 915 3240; x_wconf 80' lang='grc' dir='ltr'><strong><em>ἐν</em></strong></span> <span class='ocrx_word' id='word_1_227' title='bbox 941 3176 987 3265; x_wconf 75' lang='grc' dir='ltr'><em>τῷ</em></span> <span class='ocrx_word' id='word_1_228' title='bbox 1055 3226 1062 3241; x_wconf 94' lang='grc'><strong>.</strong></span> <span class='ocrx_word' id='word_1_229' title='bbox 1085 3199 1100 3240; x_wconf 87' lang='lat' dir='ltr'><strong>s</strong></span> <span class='ocrx_word' id='word_1_230' title='bbox 1123 3174 1257 3263; x_wconf 76' lang='grc' dir='ltr'><em>γράμμα</em></span> <span class='ocrx_word' id='word_1_231' title='bbox 1284 3176 1472 3264; x_wconf 85' lang='grc' dir='ltr'><strong>σύμφωνον</strong></span> 
     </span>
     <span class='ocr_line' id='line_1_28' title="bbox 171 3278 1471 3377; baseline 0.003 -29"><span class='ocrx_word' id='word_1_232' title='bbox 171 3279 346 3369; x_wconf 81' lang='grc' dir='ltr'><strong><em>ἡμίφωνον</em></strong></span> <span class='ocrx_word' id='word_1_233' title='bbox 360 3281 415 3347; x_wconf 80' lang='grc' dir='ltr'><strong>καὶ</strong></span> <span class='ocrx_word' id='word_1_234' title='bbox 429 3279 648 3366; x_wconf 83' lang='grc' dir='ltr'><em>προτάσσεται</em></span> <span class='ocrx_word' id='word_1_235' title='bbox 657 3279 867 3364; x_wconf 74' lang='grc' dir='ltr'><strong><em>,φωνηέντων</em></strong></span> <span class='ocrx_word' id='word_1_236' title='bbox 881 3280 937 3347; x_wconf 79' lang='grc' dir='ltr'><strong>καὶ</strong></span> <span class='ocrx_word' id='word_1_237' title='bbox 952 3278 1145 3366; x_wconf 78' lang='grc' dir='ltr'><strong><em>συμφώνων</em></strong></span> <span class='ocrx_word' id='word_1_238' title='bbox 1158 3283 1213 3349; x_wconf 83' lang='grc' dir='ltr'><strong>καὶ</strong></span> <span class='ocrx_word' id='word_1_239' title='bbox 1228 3279 1449 3352; x_wconf 78' lang='grc' dir='ltr'><em>ὑποτάσσεται</em></span> <span class='ocrx_word' id='word_1_240' title='bbox 1467 3288 1471 3377; x_wconf 75' lang='lat' dir='ltr'><strong>l</strong></span> 
     </span>
     <span class='ocr_line' id='line_1_29' title="bbox 169 3383 1515 3481; baseline 0 -25"><span class='ocrx_word' id='word_1_241' title='bbox 169 3387 319 3476; x_wconf 86' lang='grc' dir='ltr'><strong><em>φωνήεσι</em></strong></span> <span class='ocrx_word' id='word_1_242' title='bbox 388 3412 440 3454; x_wconf 78' lang='lat' dir='ltr'><strong>,oc</strong></span> <span class='ocrx_word' id='word_1_243' title='bbox 463 3383 598 3472; x_wconf 81' lang='grc' dir='ltr'><em>γράμμα</em></span> <span class='ocrx_word' id='word_1_244' title='bbox 621 3383 807 3471; x_wconf 82' lang='grc' dir='ltr'><strong><em>σύμφωνον</em></strong></span> <span class='ocrx_word' id='word_1_245' title='bbox 830 3383 1008 3473; x_wconf 84' lang='grc' dir='ltr'><strong><em>ἡμίφωνον</em></strong></span> <span class='ocrx_word' id='word_1_246' title='bbox 1033 3391 1176 3456; x_wconf 78' lang='grc' dir='ltr'><strong>διπλοῦν</strong></span> <span class='ocrx_word' id='word_1_247' title='bbox 1200 3391 1236 3456; x_wconf 85' lang='grc' dir='ltr'><strong><em>ἐν</em></strong></span> <span class='ocrx_word' id='word_1_248' title='bbox 1255 3391 1343 3481; x_wconf 82' lang='grc' dir='ltr'><em>με’σφ</em></span> <span class='ocrx_word' id='word_1_249' title='bbox 1361 3391 1472 3478; x_wconf 92' lang='grc' dir='ltr'><strong><em>μόνον</em></strong></span> <span class='ocrx_word' id='word_1_250' title='bbox 1501 3419 1515 3456; x_wconf 84' lang='lat'><strong>5</strong></span> 
     </span>
     <span class='ocr_line' id='line_1_30' title="bbox 169 3489 1474 3584; baseline 0.002 -19"><span class='ocrx_word' id='word_1_251' title='bbox 169 3497 259 3584; x_wconf 79' lang='grc' dir='ltr'><em>μέρει</em></span> <span class='ocrx_word' id='word_1_252' title='bbox 282 3493 387 3582; x_wconf 76' lang='grc' dir='ltr'><em>λόγον</em></span> <span class='ocrx_word' id='word_1_253' title='bbox 410 3489 489 3579; x_wconf 75' lang='grc' dir='ltr'><em>παρ’</em></span> <span class='ocrx_word' id='word_1_254' title='bbox 514 3492 594 3579; x_wconf 85' lang='grc' dir='ltr'><strong><em>ἡμῖν</em></strong></span> <span class='ocrx_word' id='word_1_255' title='bbox 617 3493 822 3578; x_wconf 79' lang='grc' dir='ltr'><strong><em>φωνηέντων</em></strong></span> <span class='ocrx_word' id='word_1_256' title='bbox 849 3493 1124 3582; x_wconf 83' lang='grc' dir='ltr'><em>ποοτασσόμενον</em></span> <span class='ocrx_word' id='word_1_257' title='bbox 1191 3494 1322 3581; x_wconf 84' lang='grc' dir='ltr'><em>,ὁπότε</em></span> <span class='ocrx_word' id='word_1_258' title='bbox 1352 3498 1389 3566; x_wconf 72' lang='grc' dir='ltr'><strong>δὲ</strong></span> <span class='ocrx_word' id='word_1_259' title='bbox 1416 3502 1474 3569; x_wconf 81' lang='grc' dir='ltr'><strong>καί</strong></span> 
     </span>
     <span class='ocr_line' id='line_1_31' title="bbox 170 3597 1472 3693; baseline 0.004 -25"><span class='ocrx_word' id='word_1_260' title='bbox 170 3603 221 3669; x_wconf 78' lang='grc' dir='ltr'><em>ἐπὶ</em></span> <span class='ocrx_word' id='word_1_261' title='bbox 244 3604 374 3683; x_wconf 81' lang='grc' dir='ltr'><em>τέλους,</em></span> <span class='ocrx_word' id='word_1_262' title='bbox 399 3597 444 3679; x_wconf 78' lang='grc' dir='ltr'><strong>ὥς</strong></span> <span class='ocrx_word' id='word_1_263' title='bbox 465 3598 504 3667; x_wconf 93' lang='grc' dir='ltr'><em>τό</em></span> <span class='ocrx_word' id='word_1_264' title='bbox 572 3652 579 3666; x_wconf 93' lang='grc'><strong>.</strong></span> <span class='ocrx_word' id='word_1_265' title='bbox 603 3600 639 3667; x_wconf 75' lang='grc' dir='ltr'><strong><em>ἐν</em></strong></span> <span class='ocrx_word' id='word_1_266' title='bbox 662 3613 732 3679; x_wconf 84' lang='grc' dir='ltr'><em>τοῖς</em></span> <span class='ocrx_word' id='word_1_267' title='bbox 756 3601 862 3681; x_wconf 82' lang='grc' dir='ltr'><strong><em>ξένοις</em></strong></span> <span class='ocrx_word' id='word_1_268' title='bbox 885 3599 992 3687; x_wconf 93' lang='grc' dir='ltr'><strong><em>μόνον</em></strong></span> <span class='ocrx_word' id='word_1_269' title='bbox 1016 3599 1159 3688; x_wconf 85' lang='grc' dir='ltr'><em>ὀνόμασι</em></span> <span class='ocrx_word' id='word_1_270' title='bbox 1178 3608 1311 3687; x_wconf 78' lang='grc' dir='ltr'><em>πρῶτον</em></span> <span class='ocrx_word' id='word_1_271' title='bbox 1330 3611 1472 3693; x_wconf 77' lang='grc' dir='ltr'><em>τίθεται,</em></span> 
     </span>
     <span class='ocr_line' id='line_1_32' title="bbox 171 3703 1245 3798; baseline 0.001 -22"><span class='ocrx_word' id='word_1_272' title='bbox 171 3705 215 3789; x_wconf 77' lang='grc' dir='ltr'><strong>ὣς</strong></span> <span class='ocrx_word' id='word_1_273' title='bbox 238 3710 343 3798; x_wconf 77' lang='grc' dir='ltr'><strong><em>ἐντῷ</em></strong></span> <span class='ocrx_word' id='word_1_274' title='bbox 412 3759 418 3773; x_wconf 93' lang='grc'><strong>.</strong></span> <span class='ocrx_word' id='word_1_275' title='bbox 444 3719 583 3792; x_wconf 79' lang='grc' dir='ltr'><strong><em>σημεῖον</em></strong></span> <span class='ocrx_word' id='word_1_276' title='bbox 608 3705 645 3773; x_wconf 80' lang='lat' dir='ltr'><strong>tt</strong></span> <span class='ocrx_word' id='word_1_277' title='bbox 668 3703 833 3794; x_wconf 81' lang='grc' dir='ltr'><em>ἀριθμοῦ,</em></span> <span class='ocrx_word' id='word_1_278' title='bbox 857 3704 956 3775; x_wconf 84' lang='grc' dir='ltr'><em>ὁπότε</em></span> <span class='ocrx_word' id='word_1_279' title='bbox 980 3710 1058 3776; x_wconf 79' lang='grc' dir='ltr'><em>δέκα</em></span> <span class='ocrx_word' id='word_1_280' title='bbox 1083 3717 1245 3795; x_wconf 87' lang='grc' dir='ltr'><strong><em>σημαίνει.</em></strong></span> 
     </span>
    </p>

    <p class='ocr_par' dir='ltr' id='par_1_8' title="bbox 169 3811 1517 4544">
     <span class='ocr_line' id='line_1_33' title="bbox 233 3811 1473 3902; baseline 0.005 -22"><span class='ocrx_word' id='word_1_281' title='bbox 233 3824 239 3837; x_wconf 72' lang='grc'><strong>“</strong></span> <span class='ocrx_word' id='word_1_282' title='bbox 260 3813 431 3900; x_wconf 82' lang='grc' dir='ltr'><em>Βγράμμα</em></span> <span class='ocrx_word' id='word_1_283' title='bbox 446 3811 632 3899; x_wconf 82' lang='grc' dir='ltr'><strong><em>σύμφωνον</em></strong></span> <span class='ocrx_word' id='word_1_284' title='bbox 647 3811 786 3900; x_wconf 88' lang='grc' dir='ltr'><strong><em>άφωνον</em></strong></span> <span class='ocrx_word' id='word_1_285' title='bbox 799 3814 855 3881; x_wconf 79' lang='grc' dir='ltr'><strong>καί</strong></span> <span class='ocrx_word' id='word_1_286' title='bbox 870 3812 1088 3900; x_wconf 81' lang='grc' dir='ltr'><em>προτάσσετοιι</em></span> <span class='ocrx_word' id='word_1_287' title='bbox 1104 3819 1308 3902; x_wconf 83' lang='grc' dir='ltr'><strong><em>φωνηέντων</em></strong></span> <span class='ocrx_word' id='word_1_288' title='bbox 1323 3820 1377 3885; x_wconf 80' lang='grc' dir='ltr'><strong>καὶ</strong></span> <span class='ocrx_word' id='word_1_289' title='bbox 1391 3815 1473 3887; x_wconf 91' lang='grc' dir='ltr'><em>ὑπο-</em></span> 
     </span>
     <span class='ocr_line' id='line_1_34' title="bbox 169 3917 1517 4012; baseline 0.003 -24"><span class='ocrx_word' id='word_1_290' title='bbox 169 3920 336 3990; x_wconf 86' lang='grc' dir='ltr'><em>τάσσεται·</em></span> <span class='ocrx_word' id='word_1_291' title='bbox 355 3918 573 4007; x_wconf 80' lang='grc' dir='ltr'><em>πμοτάσσεται</em></span> <span class='ocrx_word' id='word_1_292' title='bbox 588 3918 626 3986; x_wconf 71' lang='grc' dir='ltr'><strong>δὲ</strong></span> <span class='ocrx_word' id='word_1_293' title='bbox 643 3921 698 3987; x_wconf 81' lang='grc' dir='ltr'><em>κοιλ</em></span> <span class='ocrx_word' id='word_1_294' title='bbox 717 3917 904 4007; x_wconf 78' lang='grc' dir='ltr'><strong><em>ἡμιφώνων</em></strong></span> <span class='ocrx_word' id='word_1_295' title='bbox 966 3925 1140 4007; x_wconf 78' lang='grc' dir='ltr'><strong><em>’ἔγγιστον</em></strong></span> <span class='ocrx_word' id='word_1_296' title='bbox 1158 3927 1219 3989; x_wconf 88' lang='grc' dir='ltr'><em>τοῦ</em></span> <span class='ocrx_word' id='word_1_297' title='bbox 1237 3949 1256 4009; x_wconf 92' lang='lat' dir='ltr'><strong>p</strong></span> <span class='ocrx_word' id='word_1_298' title='bbox 1271 3924 1474 4012; x_wconf 79' lang='grc' dir='ltr'><em>γράμματος,</em></span> <span class='ocrx_word' id='word_1_299' title='bbox 1490 3954 1517 3992; x_wconf 82' lang='grc' dir='ltr'><strong>ιο</strong></span> 
     </span>
     <span class='ocr_line' id='line_1_35' title="bbox 170 4023 1475 4117; baseline 0.003 -21"><span class='ocrx_word' id='word_1_300' title='bbox 170 4024 249 4096; x_wconf 77' lang='grc' dir='ltr'><em>καθ’</em></span> <span class='ocrx_word' id='word_1_301' title='bbox 285 4023 303 4095; x_wconf 82' lang='grc' dir='ltr'><em>ὁ</em></span> <span class='ocrx_word' id='word_1_302' title='bbox 336 4025 495 4106; x_wconf 80' lang='grc' dir='ltr'><em>πολλάκις</em></span> <span class='ocrx_word' id='word_1_303' title='bbox 526 4024 725 4094; x_wconf 82' lang='grc' dir='ltr'><em>ἀλλάσσεται</em></span> <span class='ocrx_word' id='word_1_304' title='bbox 797 4080 804 4094; x_wconf 90' lang='grc'><strong>.</strong></span> <span class='ocrx_word' id='word_1_305' title='bbox 828 4052 846 4095; x_wconf 94' lang='lat' dir='ltr'><strong>c</strong></span> <span class='ocrx_word' id='word_1_306' title='bbox 868 4025 1002 4114; x_wconf 78' lang='grc' dir='ltr'><em>γράμμα</em></span> <span class='ocrx_word' id='word_1_307' title='bbox 1031 4027 1217 4115; x_wconf 89' lang='grc' dir='ltr'><strong><em>σύμφωνον</em></strong></span> <span class='ocrx_word' id='word_1_308' title='bbox 1246 4028 1385 4117; x_wconf 87' lang='grc' dir='ltr'><strong><em>άφωνον</em></strong></span> <span class='ocrx_word' id='word_1_309' title='bbox 1418 4033 1475 4100; x_wconf 83' lang='grc' dir='ltr'><strong>καί</strong></span> 
     </span>
     <span class='ocr_line' id='line_1_36' title="bbox 170 4131 1475 4222; baseline 0.001 -19"><span class='ocrx_word' id='word_1_310' title='bbox 170 4133 390 4222; x_wconf 82' lang='grc' dir='ltr'><em>προτάσσεται</em></span> <span class='ocrx_word' id='word_1_311' title='bbox 423 4135 630 4221; x_wconf 76' lang='grc' dir='ltr'><strong><em>φωνηέντων</em></strong></span> <span class='ocrx_word' id='word_1_312' title='bbox 667 4135 721 4202; x_wconf 79' lang='grc' dir='ltr'><strong>καί</strong></span> <span class='ocrx_word' id='word_1_313' title='bbox 758 4132 952 4221; x_wconf 76' lang='grc' dir='ltr'><strong><em>συμφώνων</em></strong></span> <span class='ocrx_word' id='word_1_314' title='bbox 989 4134 1044 4202; x_wconf 81' lang='grc' dir='ltr'><strong>καὶ</strong></span> <span class='ocrx_word' id='word_1_315' title='bbox 1081 4131 1301 4204; x_wconf 80' lang='grc' dir='ltr'><em>ὑποτάσσεται</em></span> <span class='ocrx_word' id='word_1_316' title='bbox 1378 4157 1386 4172; x_wconf 89' lang='grc'><em>·</em></span> <span class='ocrx_word' id='word_1_317' title='bbox 1417 4139 1475 4205; x_wconf 80' lang='grc' dir='ltr'><strong>καὶ</strong></span> 
     </span>
     <span class='ocr_line' id='line_1_37' title="bbox 172 4239 1475 4331; baseline 0.001 -21"><span class='ocrx_word' id='word_1_318' title='bbox 172 4255 311 4329; x_wconf 76' lang='grc' dir='ltr'><strong><em>σημεῖον</em></strong></span> <span class='ocrx_word' id='word_1_319' title='bbox 335 4246 626 4329; x_wconf 81' lang='grc' dir='ltr'><em>χρηματισμοῦ,</em></span> <span class='ocrx_word' id='word_1_320' title='bbox 655 4239 770 4310; x_wconf 85' lang='grc' dir='ltr'><em>ὁπότε</em></span> <span class='ocrx_word' id='word_1_321' title='bbox 799 4240 923 4329; x_wconf 92' lang='grc' dir='ltr'><strong><em>μόνον</em></strong></span> <span class='ocrx_word' id='word_1_322' title='bbox 947 4246 979 4308; x_wconf 92' lang='grc' dir='ltr'><strong><em>Γ</em></strong></span> <span class='ocrx_word' id='word_1_323' title='bbox 982 4240 1073 4310; x_wconf 73' lang='lat' dir='ltr'><strong>citor</strong></span> <span class='ocrx_word' id='word_1_324' title='bbox 1101 4250 1299 4331; x_wconf 75' lang='grc' dir='ltr'><strong><em>σημαίνεν</em></strong></span> <span class='ocrx_word' id='word_1_325' title='bbox 1328 4241 1475 4330; x_wconf 88' lang='grc' dir='ltr'><strong>ὁμοίως</strong></span> 
     </span>
     <span class='ocr_line' id='line_1_38' title="bbox 171 4346 1474 4438; baseline 0.002 -22"><span class='ocrx_word' id='word_1_326' title='bbox 171 4346 363 4435; x_wconf 77' lang='grc' dir='ltr'><em>ἀριθμοῦ,</em></span> <span class='ocrx_word' id='word_1_327' title='bbox 387 4346 484 4417; x_wconf 88' lang='grc' dir='ltr'><em>ὁπότε</em></span> <span class='ocrx_word' id='word_1_328' title='bbox 509 4347 626 4417; x_wconf 84' lang='grc' dir='ltr'><em>ἑκατὸν</em></span> <span class='ocrx_word' id='word_1_329' title='bbox 650 4355 813 4436; x_wconf 89' lang='grc' dir='ltr'><strong><em>σημαίνει.</em></strong></span> <span class='ocrx_word' id='word_1_330' title='bbox 859 4358 881 4416; x_wconf 79' lang='grc' dir='ltr'><strong>(ί</strong></span> <span class='ocrx_word' id='word_1_331' title='bbox 901 4347 1035 4436; x_wconf 77' lang='grc' dir='ltr'><em>γράμμα</em></span> <span class='ocrx_word' id='word_1_332' title='bbox 1054 4349 1240 4438; x_wconf 89' lang='grc' dir='ltr'><strong><em>σύμφωνον</em></strong></span> <span class='ocrx_word' id='word_1_333' title='bbox 1259 4349 1399 4438; x_wconf 82' lang='grc' dir='ltr'><strong><em>ἄφωνον</em></strong></span> <span class='ocrx_word' id='word_1_334' title='bbox 1418 4354 1474 4421; x_wconf 83' lang='grc' dir='ltr'><strong>καὶ</strong></span> 
     </span>
     <span class='ocr_line' id='line_1_39' title="bbox 171 4452 1516 4544; baseline 0 -20"><span class='ocrx_word' id='word_1_335' title='bbox 171 4455 391 4544; x_wconf 81' lang='grc' dir='ltr'><em>προτάσσεται</em></span> <span class='ocrx_word' id='word_1_336' title='bbox 428 4460 495 4525; x_wconf 79' lang='grc' dir='ltr'><strong><em>τῶν</em></strong></span> <span class='ocrx_word' id='word_1_337' title='bbox 532 4458 737 4544; x_wconf 82' lang='grc' dir='ltr'><strong><em>φωνηέντων</em></strong></span> <span class='ocrx_word' id='word_1_338' title='bbox 774 4457 829 4523; x_wconf 79' lang='grc' dir='ltr'><strong>καί</strong></span> <span class='ocrx_word' id='word_1_339' title='bbox 866 4452 1086 4526; x_wconf 86' lang='grc' dir='ltr'><em>ὑποτάσσεται</em></span> <span class='ocrx_word' id='word_1_340' title='bbox 1176 4511 1183 4525; x_wconf 95' lang='grc'><strong>.</strong></span> <span class='ocrx_word' id='word_1_341' title='bbox 1217 4463 1369 4544; x_wconf 80' lang='grc' dir='ltr'><strong><em>ἔγγιστον</em></strong></span> <span class='ocrx_word' id='word_1_342' title='bbox 1406 4465 1473 4528; x_wconf 80' lang='grc' dir='ltr'><strong><em>τῶν</em></strong></span> <span class='ocrx_word' id='word_1_343' title='bbox 1490 4487 1516 4525; x_wconf 85' lang='lat'><strong>15</strong></span> 
     </span>
    </p>
   </div>
   <div class='ocr_carea' id='block_1_7' title="bbox 175 4675 1476 4903">
    <p class='ocr_par' dir='ltr' id='par_1_9' title="bbox 175 4675 1476 4903">
     <span class='ocr_line' id='line_1_40' title="bbox 264 4675 1473 4742; baseline 0.003 -18"><span class='ocrx_word' id='word_1_344' title='bbox 264 4675 435 4740; x_wconf 81' lang='grc' dir='ltr'><em>1τιθεμενοι</em></span> <span class='ocrx_word' id='word_1_345' title='bbox 449 4691 563 4742; x_wconf 78' lang='grc' dir='ltr'><em>γραμμοι</em></span> <span class='ocrx_word' id='word_1_346' title='bbox 631 4678 848 4726; x_wconf 84' lang='grc' dir='ltr'><em>3νποτασσεται</em></span> <span class='ocrx_word' id='word_1_347' title='bbox 864 4690 901 4732; x_wconf 86' lang='grc' dir='ltr'><strong>ως</strong></span> <span class='ocrx_word' id='word_1_348' title='bbox 914 4690 945 4724; x_wconf 88' lang='grc' dir='ltr'><em>το</em></span> <span class='ocrx_word' id='word_1_349' title='bbox 960 4690 991 4726; x_wconf 87' lang='grc' dir='ltr'><strong>εν</strong></span> <span class='ocrx_word' id='word_1_350' title='bbox 1005 4692 1036 4726; x_wconf 92' lang='grc' dir='ltr'><em>το</em></span> <span class='ocrx_word' id='word_1_351' title='bbox 1108 4689 1183 4727; x_wconf 83' lang='lat' dir='ltr'><strong>anan.</strong></span> <span class='ocrx_word' id='word_1_352' title='bbox 1258 4679 1473 4738; x_wconf 83' lang='grc' dir='ltr'><em>4προτασσεται</em></span> 
     </span>
     <span class='ocr_line' id='line_1_41' title="bbox 175 4752 1476 4823; baseline 0.005 -19"><span class='ocrx_word' id='word_1_353' title='bbox 175 4769 301 4820; x_wconf 87' lang='grc' dir='ltr'><strong><em>φωνησσι</em></strong></span> <span class='ocrx_word' id='word_1_354' title='bbox 325 4772 372 4804; x_wconf 83' lang='grc' dir='ltr'><strong>και</strong></span> <span class='ocrx_word' id='word_1_355' title='bbox 391 4769 468 4823; x_wconf 89' lang='grc' dir='ltr'><strong><em>σνμφ</em></strong></span> <span class='ocrx_word' id='word_1_356' title='bbox 488 4772 571 4808; x_wconf 76' lang='lat' dir='ltr'><strong>onore</strong></span> <span class='ocrx_word' id='word_1_357' title='bbox 590 4770 778 4806; x_wconf 85' lang='grc' dir='ltr'><em>νποτασσεται</em></span> <span class='ocrx_word' id='word_1_358' title='bbox 800 4770 845 4819; x_wconf 86' lang='grc' dir='ltr'><strong>φοι</strong></span> <span class='ocrx_word' id='word_1_359' title='bbox 927 4758 943 4806; x_wconf 79' lang='lat'><strong>5</strong></span> <span class='ocrx_word' id='word_1_360' title='bbox 962 4771 979 4807; x_wconf 87' lang='lat' dir='ltr'>x</span> <span class='ocrx_word' id='word_1_361' title='bbox 998 4769 1047 4810; x_wconf 86' lang='lat' dir='ltr'><strong>om.</strong></span> <span class='ocrx_word' id='word_1_362' title='bbox 1129 4759 1145 4807; x_wconf 82' lang='lat'>9</span> <span class='ocrx_word' id='word_1_363' title='bbox 1164 4752 1186 4805; x_wconf 89' lang='grc' dir='ltr'>Β</span> <span class='ocrx_word' id='word_1_364' title='bbox 1205 4768 1255 4806; x_wconf 79' lang='lat' dir='ltr'><strong>ont.</strong></span> <span class='ocrx_word' id='word_1_365' title='bbox 1337 4760 1368 4806; x_wconf 94' lang='lat'><strong>11</strong></span> <span class='ocrx_word' id='word_1_366' title='bbox 1390 4771 1476 4811; x_wconf 88' lang='lat' dir='ltr'><strong>com.</strong></span> 
     </span>
     <span class='ocr_line' id='line_1_42' title="bbox 211 4827 935 4903; baseline -0.001 -16"><span class='ocrx_word' id='word_1_367' title='bbox 211 4840 244 4888; x_wconf 82' lang='lat'><strong>13</strong></span> <span class='ocrx_word' id='word_1_368' title='bbox 263 4833 454 4903; x_wconf 76' lang='grc' dir='ltr'><em>χρηματισμοῦ</em></span> <span class='ocrx_word' id='word_1_369' title='bbox 474 4864 507 4873; x_wconf 99' lang='grc'>-</span> <span class='ocrx_word' id='word_1_370' title='bbox 529 4840 561 4888; x_wconf 79' lang='grc'><strong>14</strong></span> <span class='ocrx_word' id='word_1_371' title='bbox 579 4827 705 4903; x_wconf 57' lang='lat' dir='ltr'><strong>&amp;pollueri</strong></span> <span class='ocrx_word' id='word_1_372' title='bbox 724 4849 773 4888; x_wconf 87' lang='lat' dir='ltr'><strong>om.</strong></span> <span class='ocrx_word' id='word_1_373' title='bbox 846 4829 935 4886; x_wconf 77' lang='lat' dir='ltr'><strong>dom·</strong></span> 
     </span>
    </p>
   </div>
   <div class='ocr_carea' id='block_1_8' title="bbox 0 0 1671 5474">
    <p class='ocr_par' dir='ltr' id='par_1_10' title="bbox 0 0 1671 5474">
     <span class='ocr_line' id='line_1_43' title="bbox 0 0 1671 5474; baseline 0 0"><span class='ocrx_word' id='word_1_374' title='bbox 0 0 1671 5474; x_wconf 95' lang='lat' dir='ltr'><strong> </strong></span> 
     </span>
    </p>
   </div>
  </div>
 </body>
</html>
