3316 5474
226 347 292 412 352
797 345 956 402 AVDAOIS

226 449 379 498 umam

227 533 333 595 verbis.
376 534 560 612 Praepositio
591 541 663 610 quot
696 550 785 592 sonos
822 529 931 592 babet?
980 531 1110 592 Numero
1148 532 1359 610 quinquaginta
1397 531 1528 609 quinque

227 649 350 702 tantum.
404 640 621 719 Praepositioni
658 648 729 718 quot
765 634 926 699 accidunt?
979 638 1051 699 Tria
1083 685 1091 698 .
1129 640 1232 711 Quae?
1284 637 1391 720 Casus,
1428 639 1529 719 ligura,

227 755 376 808 accentus.

315 856 489 916 Accusativo
509 855 590 914 casui
610 861 683 932 quot
702 845 707 933 Ι
727 854 963 933 praepositiones
981 848 1142 913 accidunt?
1177 852 1307 913 Numero
1327 853 1448 930 triginta
1466 850 1529 924 bae,

226 962 262 1023 ad
282 965 423 1043 amicum,
446 961 524 1040 apud
542 960 689 1042 hospites,
713 969 780 1021 ante
800 978 917 1041 arcum,
939 960 1081 1021 adversus
1100 958 1215 1040 hostes,
1239 961 1281 1021 eis
1300 959 1435 1039 flurium,
1454 960 1529 1019 citra
1556 974 1570 1015 s

227 1071 451 1150 conscientiam,
486 1069 599 1128 circum
632 1085 764 1149 murum,
801 1069 881 1127 circa
914 1067 1105 1147 domesticos,
1144 1074 1246 1127 contra
1278 1068 1427 1140 inimicos,
1459 1082 1530 1144 erga

227 1175 333 1258 lilium,
364 1183 446 1236 extra
476 1176 615 1256 patriam,
644 1177 723 1234 iuter
752 1173 929 1256 prudentes,
965 1175 1042 1234 intra
1074 1173 1228 1255 palatium,
1263 1174 1341 1233 inira
1377 1171 1529 1252 templum,

226 1284 307 1343 iuxta
330 1281 462 1363 balneas,
486 1279 523 1341 ob
547 1282 702 1361 meritum,
730 1280 941 1360 pentallium,
968 1298 1023 1360 per
1045 1282 1135 1360 uam,
1161 1298 1254 1359 prope
1286 1297 1379 1361 mare,
1405 1286 1530 1359 propter

226 1408 363 1471 uxorem,
387 1399 505 1470 practer
529 1405 688 1469 summam,
716 1396 784 1467 post
806 1406 914 1468 annos,
941 1405 1019 1467 poue
1038 1386 1151 1467 locum,
1173 1386 1337 1448 secuudum
1361 1388 1422 1466 ius,
1446 1394 1529 1446 trans

227 1498 352 1579 llumen,
375 1497 452 1557 ultra
477 1499 568 1578 vires,
591 1513 686 1574 usque
711 1495 849 1574 Romam,
872 1513 960 1556 secus
982 1514 1048 1576 vos,
1076 1513 1166 1574 supra
1190 1492 1379 1573 Capitolium,
1409 1493 1530 1551 circitor
1544 1510 1571 1549 ro

228 1622 329 1664 anuos.
375 1603 506 1664 lblativo
534 1605 617 1663 casui
645 1610 718 1681 quot
745 1601 883 1663 accidunt
909 1597 1166 1682 praepositiones?
1202 1600 1331 1661 Numero
1361 1597 1530 1679 quindecim

228 1710 298 1789 bae,
316 1728 331 1769 a
351 1689 481 1790 civitate,
505 1709 540 1769 ab
560 1712 667 1789 amico,
690 1708 806 1790 abste,
829 1707 941 1786 absquo
960 1709 1067 1787 servis,
1091 1726 1158 1768 cum
1178 1708 1283 1788 lratre,
1307 1726 1405 1768 coram
1424 1725 1529 1785 paren-

227 1816 318 1898 tibus,
350 1816 424 1877 clam
454 1816 585 1897 domin03
617 1817 653 1877 de
685 1817 765 1896 luga,
798 1835 814 1876 e
844 1815 955 1897 medio,
986 1834 1021 1876 ex
1052 1834 1122 1895 usu,
1152 1833 1222 1894 prae
1254 1823 1348 1896 metu,
1378 1832 1432 1893 pro
1465 1812 1531 1894 fide,

227 1922 322 2002 palam
346 1921 498 2002 omnibus,
522 1924 585 1983 sine
608 1924 682 2005 fine,
712 1931 800 1984 tenus
823 1923 910 2002 pube.
956 1922 1079 2001 Vtrique
1107 1923 1203 2002 casui,
1231 1920 1260 1981 id
1289 1930 1335 1981 est
1363 1922 1530 2009 accusativo

228 2037 258 2089 et
280 2028 421 2111 ablativo,
444 2037 517 2109 quot
539 2032 774 2109 praepositiones
797 2025 957 2091 accidunt?
994 2029 1153 2109 Quattuor,
1177 2031 1207 2088 in
1231 2026 1286 2087 snb
1307 2046 1397 2106 super
1416 2026 1528 2087 subter.
1546 2045 1571 2084 15

227 2135 313 2195 Nunc
342 2154 429 2214 quem
454 2135 489 2196 ad
518 2135 638 2196 modum
666 2135 721 2197 bae
749 2155 838 2216 supra
867 2137 961 2197 dictae
990 2137 1225 2215 praepositiones
1252 2137 1419 2195 accusativo
1448 2136 1530 2194 casui

227 2249 256 2303 et
279 2261 366 2318 quem
390 2247 434 2304 od
459 2246 578 2304 modum
601 2245 732 2303 ablativo
756 2246 845 2303 casui
872 2238 1073 2322 respondent?
1112 2240 1234 2312 Quando
1258 2244 1302 2301 ire
1330 2243 1389 2300 isse
1418 2243 1530 2300 iturum

228 2366 294 2408 osse
332 2350 545 2432 significamus,
586 2350 821 2428 praepositiones
857 2367 916 2427 quo
954 2356 984 2409 ct
1020 2349 1187 2408 accusativo
1225 2350 1306 2408 casui
1348 2346 1529 2427 respondere

228 2464 388 2537 coguntur,
413 2464 446 2516 ut
469 2463 539 2535 puta
563 2451 634 2534 ‘quo
653 2451 701 2515 is?
724 2457 753 2514 in
778 2451 896 2536 villam',
920 2451 990 2534 ‘quo
1010 2452 1127 2516 iveras?
1150 2457 1180 2514 in
1200 2450 1317 2535 rillam',
1342 2450 1412 2533 ‘quo
1431 2458 1530 2516 iturus

227 2559 281 2624 es?
311 2565 341 2623 in
371 2557 478 2623 villam’
509 2610 515 2622 .
544 2570 573 2622 at
602 2580 672 2622 vero
701 2561 818 2641 quando
847 2580 913 2622 esse
942 2562 1033 2622 luisse
1062 2563 1197 2621 luturum
1224 2580 1290 2622 esse
1321 2564 1571 2643 significamus,2o

227 2672 461 2750 praepositiones
476 2669 527 2730 ubi
542 2676 571 2730 et
585 2667 708 2729 ablativo
724 2669 805 2728 casui
825 2667 1005 2747 respondere
1024 2670 1229 2749 inveniuntur,
1253 2677 1286 2730 ut
1304 2678 1375 2748 puta
1394 2664 1458 2729 ‘ubi
1476 2665 1530 2729 os?

227 2780 258 2838 in
281 2772 368 2859 villa',
393 2772 455 2837 ‘ubi
480 2772 584 2837 luisti?
606 2778 637 2836 in
662 2770 748 2856 villa’,
772 2770 834 2836 ‘ubi
858 2776 977 2836 iuturus
1001 2770 1055 2835 es?
1080 2777 1109 2835 iu
1133 2771 1232 2836 villa'.
1253 2779 1296 2836 sic
1315 2785 1345 2836 et
1364 2776 1419 2836 sub
1440 2795 1530 2855 super

228 2884 330 2945 subter
346 2933 353 2945 .
367 2886 438 2945 item
457 2882 535 2944 aliud
554 2891 759 2963 praeceptum,
779 2900 837 2961 quo
857 2881 1049 2942 dinoscantur
1068 2881 1266 2961 supradictae
1285 2886 1530 2965 praepositiones,

229 2990 346 3071 quando
370 2992 536 3052 accusativo
560 2997 588 3051 et
611 2992 734 3066 quartdo
757 2992 889 3051 ablativo
913 2992 995 3050 casui
1023 2988 1204 3068 respondere
1232 2989 1358 3051 debeant
1382 3039 1388 3051 .
1412 2991 1529 3070 quando

228 3100 307 3158 cnim
339 3116 393 3157 nos
424 3117 458 3157 er
491 3097 588 3177 aliquo
619 3096 683 3157 loco
713 3098 744 3156 in
775 3096 863 3158 alium
891 3095 988 3158 locum
1016 3098 1171 3176 pervenire
1196 3098 1409 3179 significamus,
1439 3118 1529 3178 supra
1544 3116 1570 3155 as

228 3205 323 3265 dictae
342 3205 577 3284 praepositiones
596 3204 763 3263 accusativo
782 3205 864 3264 casui
882 3203 1063 3283 respondere
1084 3215 1245 3287 coguntur,
1268 3214 1302 3266 ut
1320 3214 1391 3286 puta
1410 3201 1531 3267 ‘cecidit

227 3315 258 3372 in
282 3306 400 3384 lorum',
425 3305 497 3371 ‘ruit
519 3311 617 3389 paries
641 3312 671 3370 in
696 3305 816 3391 lorum’,
844 3305 1009 3371 ‘deambula
1039 3314 1069 3372 in
1097 3306 1206 3372 iorum'
1231 3361 1237 3373 .
1261 3320 1290 3372 at
1318 3331 1388 3373 vero
1412 3313 1529 3392 quando

227 3422 261 3490 in
277 3419 381 3480 eodem
401 3417 465 3477 loco
485 3417 549 3476 fieri
568 3416 677 3495 aliquid
698 3418 909 3500 significamus,
928 3437 1018 3498 supra
1037 3419 1132 3480 dictae
1151 3421 1385 3500 praepositiones
1404 3419 1529 3482 ablativo

228 3530 311 3588 casui
335 3524 515 3605 respondere
539 3523 690 3606 videntur,
714 3534 746 3585 ut
769 3534 840 3603 puta
864 3519 970 3586 ‘cecidi
993 3528 1023 3587 in
1048 3521 1133 3606 ioro',
1157 3521 1230 3587 ‘ruit
1253 3529 1350 3606 paries
1373 3529 1404 3586 in
1426 3523 1529 3589 loro'.

228 3637 270 3695 sic
298 3642 329 3694 et
356 3630 412 3692 sub
440 3630 543 3692 subter
570 3649 660 3710 super
694 3679 699 3691 .
728 3633 798 3691 item
828 3630 864 3691 de
893 3635 923 3692 in
951 3635 1169 3713 praepositione
1204 3633 1259 3694 boc
1287 3652 1455 3714 monemus,
1487 3644 1529 3709 ut,
1543 3651 1570 3689 so

228 3739 345 3820 quando
364 3757 418 3818 pro
438 3737 536 3816 aliquo
556 3738 600 3798 vel
619 3747 722 3799 contra
742 3738 869 3816 aliquem
888 3738 997 3818 aliquid
1017 3741 1216 3820 significamus
1235 3751 1265 3802 ct
1284 3746 1528 3823 suprascriptam

226 3847 476 3928 praepositionem
500 3843 691 3924 obponimus,
722 3847 888 3905 accusativo
917 3848 998 3906 casui
1021 3847 1268 3930 respondeamus,
1291 3861 1324 3911 ut
1347 3859 1417 3930 puta
1442 3847 1528 3911 ‘lacio

228 3952 329 4015 laudes
353 3954 384 4012 in
408 3946 539 4032 amicos',
562 3946 640 4012 ‘dico
663 3954 908 4031 vituperationem
932 3954 963 4013 in
986 3950 1144 4036 inimicos’,
1173 3951 1258 4016 ‘nihil
1286 3956 1351 4017 dico
1380 3960 1409 4018 in
1434 3954 1495 4018 vos'
1520 4007 1527 4019 .

316 4185 332 4232 2
360 4177 413 4232 Int.
438 4177 648 4247 Praepositione
673 4179 749 4248 quod
781 4178 913 4234 accidunt
943 4179 975 4233 R.
1007 4177 1093 4234 Casus
1120 4180 1296 4236 accusatiuus
1328 4186 1357 4238 eb
1388 4183 1529 4239 ablaiiuus

226 4259 371 4328 utriusque
390 4258 533 4327 utriusque
552 4259 662 4328 loquele
681 4260 770 4328 figura
789 4263 919 4315 accentus
937 4258 965 4311 Β
985 4299 992 4311 .
1012 4278 1045 4316 ex
1068 4261 1112 4318 hia
1134 4261 1258 4317 tributae
1281 4265 1346 4316 sunt
1369 4264 1529 4320 accusativo

226 4339 302 4394 casui
315 4355 430 4393 numero
445 4338 575 4408 triginta,
589 4339 711 4394 ablativo
727 4340 900 4408 quindecim,
919 4339 1057 4410 utrisque,
1076 4342 1162 4396 idest
1177 4341 1337 4397 accusativo
1352 4346 1381 4396 et
1395 4343 1529 4413 ablativo,

182 4485 186 4495 ι
225 4438 339 4475 numero
360 4420 499 4489 quattuor,
518 4419 648 4487 loquellis
667 4436 782 4474 numero
802 4437 849 4474 sex
871 4419 1124 4490 Pr0busp.147,5
1196 4422 1315 4493 spone]
1335 4439 1423 4490 poene
1442 4423 1470 4476 Β

227 4507 259 4554 14
286 4503 402 4568 utroque
426 4500 502 4554 casui
524 4500 552 4553 Β
631 4508 663 4555 16
686 4517 742 4554 non
766 4501 999 4570 quemadmodum
1022 4503 1076 4558 hae
1099 4520 1183 4572 supra
1208 4503 1283 4557 dicte
1306 4502 1527 4571 praepositiones

225 4581 384 4636 mensatim
404 4581 481 4635 casui
499 4581 669 4651 respondent
688 4582 739 4636 sub
758 4580 798 4635 ibi
816 4581 928 4649 quando
948 4579 987 4634 ire
1005 4582 1032 4634 Β
1106 4588 1139 4636 19
1158 4586 1294 4653 cogantur
1312 4583 1339 4635 Β
1412 4599 1466 4651 quo
1491 4584 1527 4654 is]

225 4677 293 4729 quoa
312 4660 356 4715 his
374 4662 402 4714 Β
474 4679 529 4730 quo
548 4663 651 4733 iveras]
676 4661 751 4730 quod
770 4678 849 4715 ueras
867 4662 894 4714 B
968 4678 1023 4730 quo
1049 4662 1138 4717 iturus
1161 4663 1202 4733 es]
1231 4679 1262 4718 oo
1286 4663 1375 4716 iturus
1394 4664 1421 4717 B
1493 4671 1527 4718 23

224 4756 280 4809 quo
299 4741 487 4811 dinoscantur]
517 4745 586 4810 quot
613 4743 743 4795 occantur
761 4741 789 4794 Β
861 4748 896 4796 24
915 4743 943 4795 et
969 4741 1080 4810 quando
1109 4742 1234 4797 ablatiuo
1263 4758 1312 4797 ont.
1336 4743 1363 4795 B
1440 4749 1474 4797 25
1494 4761 1528 4798 ex

225 4820 334 4892 aliquo]
354 4836 387 4874 ex
406 4820 463 4875 alio
481 4822 509 4874 Β
581 4827 615 4875 30
634 4820 663 4874 in
681 4835 731 4874 cru.
751 4821 778 4873 Β
850 4827 884 4874 33
904 4820 1075 4890 uituperatio
1094 4821 1222 4876 inimicos
1241 4822 1269 4876 Β
