3316 5474
139 329 158 359 l

656 389 704 444 DE
722 389 819 445 ARTE
838 388 1003 445 METRch
1412 389 1477 452 249

171 491 348 540 omme

172 578 411 638 coniunctionem
431 573 580 655 videlicet,
603 592 661 653 qua
679 574 755 634 duae
774 574 811 634 de
836 574 946 654 tribus,
969 572 1161 652 solutionem,
1183 590 1241 651 qna
1260 572 1335 633 duae
1359 572 1395 633 de
1420 591 1478 634 ona

172 683 298 763 syllabae
322 683 502 743 elliciuntor.
538 682 625 740 cuius
648 681 815 760 exemplum
839 681 1057 741 coniunctionis

318 806 530 870 „aedificant
553 811 726 883 sectaque
749 806 917 865 intexunt
939 802 1053 865 abiete
1077 811 1198 865 costas

146 919 205 1059 eet
332 1000 503 1062 custodes
526 1001 686 1061 sullerre
710 999 843 1081 valent,
866 999 961 1062 labat
983 1003 1101 1061 ariete
1124 1000 1252 1062 crebro

333 1109 440 1168 ianua

137 1296 143 1305 .
174 1220 205 1274 et

94 1302 104 1316 ⁶
333 1304 455 1364 tonilla
479 1322 544 1365 nec
566 1303 666 1366 lanae
688 1324 753 1385 per
775 1305 912 1367 caelum
936 1305 1070 1367 vellera
1099 1306 1199 1366 lerrl.

162 1427 270 1515 ‘abiete
298 1431 377 1489 onim
401 1437 541 1508 quattuor
564 1426 689 1508 syllabas
712 1428 801 1491 babet
826 1430 945 1492 breves:
973 1433 1086 1509 stringe
1109 1416 1195 1511 illud,
1225 1439 1255 1491 et
1284 1431 1317 1490 ot
1340 1429 1376 1490 ab
1400 1433 1477 1510 posi·

134 1537 254 1596 rollone
278 1535 378 1617 longa,
400 1538 468 1614 quia
489 1555 505 1595 a
524 1534 632 1596 vocalis
654 1535 765 1597 desinit
787 1537 818 1596 in
841 1535 860 1596 b
884 1545 914 1596 et
937 1538 1083 1616 excipitur
1106 1536 1142 1596 ab
1165 1539 1175 1596 i
1199 1537 1264 1596 loco
1288 1537 1478 1596 consonantis

173 1644 277 1721 posita.
314 1644 416 1715 sicset
443 1644 548 1703 ariete:
576 1644 750 1704 naturaliter
777 1644 875 1705 brevis
904 1652 951 1705 est
980 1662 1010 1724 a,
1038 1645 1128 1722 iunge
1151 1662 1166 1703 r
1190 1642 1224 1703 ad
1253 1644 1361 1723 ipsam,
1390 1645 1478 1722 iunge

173 1751 183 1809 i
207 1756 237 1809 et
259 1767 276 1809 e
299 1748 431 1831 sibimet,
454 1757 485 1809 et
508 1749 540 1810 lit
563 1767 597 1808 ar
619 1748 729 1828 syllaba
746 1753 894 1830 positione
918 1751 1018 1831 longa,
1042 1752 1111 1828 quoia
1131 1751 1268 1828 sequitur
1291 1751 1301 1808 i
1324 1747 1389 1810 loco
1409 1767 1478 1810 con·

175 1858 306 1919 sonantis
328 1857 433 1935 posita.
470 1858 542 1917 item
566 1859 680 1918 teutria:
709 1859 822 1936 stringe
847 1866 896 1918 ten
920 1865 951 1917 et
973 1858 1019 1917 lac
1039 1876 1056 1914 r
1075 1862 1304 1936 consonantem,
1326 1863 1357 1916 et
1376 1857 1419 1915 sic
1441 1855 1478 1916 de

175 1960 363 2041 tetrasyllabo
385 1962 634 2042 proceleumatico
654 1965 725 2025 lacis
744 1963 892 2043 dactylum
911 1962 1103 2043 trisyllabum.
1142 1962 1198 2021 tole
1217 1969 1264 2022 est
1282 1969 1313 2022 et
1330 1955 1477 2022 ‘fluvio-

135 2086 160 2126 ιι
175 2086 250 2157 rom
273 2087 335 2130 rex
354 2066 564 2132 Eridanus':
593 2071 682 2131 liuvio
701 2079 878 2151 anapaestus
901 2077 959 2149 est,
983 2068 1034 2130 sed
1059 2070 1084 2127 sl
1108 2068 1179 2128 lacis
1198 2066 1370 2146 stringendo
1390 2085 1478 2128 unam

82 2244 84 2253 Ι
173 2174 312 2256 syllabam
335 2175 404 2256 ssav,
427 2175 549 2246 alteram
572 2179 614 2258 io,
637 2178 732 2238 elllcis
754 2177 791 2238 de
818 2183 977 2257 anapaesto
1000 2174 1173 2254 spondeum.
1211 2173 1284 2234 baec
1307 2177 1478 2235 coniunctio

173 2283 234 2342 sive
258 2281 366 2343 solutio
392 2284 511 2362 saepius
538 2285 569 2344 in
591 2286 602 2344 i
625 2283 670 2345 vel
698 2286 729 2345 in
757 2283 907 2345 alitteris
935 2283 982 2363 flt,
1011 2299 1135 2361 quarum
1159 2288 1190 2342 et
1217 2282 1247 2340 iu
1276 2274 1477 2362 nostratibus!

173 2371 270 2469 poetis
292 2388 385 2450 multa
407 2387 498 2449 habes
522 2390 668 2472 exempla,
691 2398 725 2452 ul
747 2389 887 2451 Paulinus

325 2516 399 2575 'sim
421 2516 597 2595 prologus
620 2515 740 2577 mundi
763 2522 941 2595 tamquam
964 2513 1180 2576 benedictus
1202 2513 1324 2596 lacob,

133 2620 356 2682 aoFortunatus
1024 2700 1028 2709 Ι

334 2729 461 2814 dirigit
483 2738 513 2790 et
536 2728 684 2807 lacobos
707 2713 805 2792 terra
828 2729 931 2792 beata
954 2748 1092 2791 sacros:

174 2835 222 2900 ltic
245 2839 255 2896 i
279 2845 309 2896 et
331 2855 347 2897 a
371 2836 524 2918 discindit,
548 2836 595 2897 ille
619 2837 810 2917 conglutinat.
847 2841 918 2899 item
941 2836 1083 2898 Paulinus

333 2943 537 3024 parietibus
560 2946 701 3005 novitas
724 2943 814 3006 latet
836 2947 936 3018 iulos
959 2952 1085 3025 operta
1110 2951 1287 3005 vetustas:

163 3050 280 3128 parieti
302 3030 449 3129 dactylum
474 3051 545 3112 lecit
563 3050 599 3111 dc
618 3042 866 3130 proceleumatico
883 3052 1093 3132 conglutinatis
1112 3059 1214 3111 contra
1234 3059 1368 3112 naturam
1388 3060 1478 3111 aetr

134 3156 205 3220 toln
228 3174 317 3217 unam
341 3157 493 3238 syllabam,
516 3160 526 3218 i
549 3165 580 3219 et
603 3177 619 3218 e
642 3160 672 3218 io
696 3158 826 3219 alteram.
863 3161 935 3219 item
959 3157 1097 3219 Sednlios
1120 3157 1278 3218 disiunctis
1302 3177 1320 3218 u
1345 3165 1375 3218 et
1398 3176 1414 3216 a

322 3266 438 3333 ,cuius
462 3284 551 3326 onus
574 3264 651 3326 leve
675 3273 743 3347 est,
767 3266 869 3326 cuius
892 3267 973 3345 iuga
996 3266 1097 3326 lerre
1121 3284 1230 3327 suave
1254 3273 1323 3346 est,

175 3368 304 3449 Prosper
327 3374 494 3433 coniirnctis
778 3450 780 3454 Α

334 3497 399 3539 nec
423 3478 559 3541 Christi
582 3500 598 3541 e
622 3480 754 3561 templo
778 3483 922 3542 suavior
945 3481 1021 3541 exit
1042 3479 1143 3541 odor:

174 3586 246 3644 item
270 3583 411 3646 Paulinus
434 3586 536 3648 divisis
559 3608 578 3649 u
603 3597 633 3650 et
656 3591 665 3650 i
688 3591 770 3651 iuxta
794 3596 928 3650 naturam

135 3706 161 3746 ao
334 3696 478 3754 conscia
503 3697 648 3757 servitii
668 3683 751 3775 quid
774 3697 935 3776 gesseris
958 3702 992 3756 et
1015 3697 1073 3756 oui
1096 3693 1251 3769 tandem,

155 3797 355 3881 ‚Fortunatus
378 3803 499 3861 conexis
523 3804 604 3863 iuxta
628 3802 777 3864 licentiam
800 3806 947 3883 poeticam

335 3909 391 3966 cui
415 3916 531 3968 tamen
555 3909 619 3970 hoc
643 3928 732 3990 opus
756 3919 811 3972 est
833 3929 912 3971 cum
935 3911 1159 3990 virginitatis
1181 3909 1317 3970 honore

387 4023 425 4075 ut
447 4014 588 4094 placeat
610 4036 744 4097 sponso
768 4036 865 4078 mens
888 4017 1070 4078 moderata
1093 4035 1172 4078 suo:

136 4132 162 4173 ss
176 4119 245 4179 item
268 4119 426 4196 disiunctis
449 4122 560 4183 eisdem
584 4126 614 4184 in
637 4124 694 4183 alio
717 4125 892 4202 pronomine
916 4122 1056 4184 Paulinus

263 4283 268 4290 .
335 4245 412 4287 oum
435 4227 554 4289 subito
578 4236 637 4288 aut
660 4227 734 4288 illis
758 4227 863 4288 corda
887 4226 1053 4289 hostibus
1074 4219 1136 4288 aut
1160 4227 1243 4288 buic
1266 4245 1340 4306 ora,

264 4468 280 4517 2
300 4463 425 4534 syllabae
445 4464 475 4517 n
490 4427 600 4533 sylon
619 4462 701 4521 aaa
759 4458 987 4517 coniunctionum
1006 4460 1033 4512 c
1096 4459 1291 4532 amicosne]
1312 4462 1390 4531 ray.
1410 4462 1478 4516 Aa..

176 4540 219 4593 ΙΙ
235 4546 272 4596 16
327 4548 458 4614 sectaque
473 4544 522 4611 Ly‘
535 4545 667 4610 sectoque
683 4540 744 4594 FP
794 4540 970 4612 boustodes]
991 4542 1069 4611 Vero.
1084 4541 1153 4595 Aen.
1169 4540 1280 4597 11492
1335 4542 1478 4614 dunois]

183 4619 260 4690 Verp.
278 4639 366 4692 peorp.
387 4624 408 4676 I
425 4628 480 4679 397
569 4620 675 4676 uellere
698 4621 769 4676 ferre
788 4637 857 4677 corr.
876 4622 983 4678 uellere
1006 4621 1073 4677 ferri
1092 4621 1337 4691 atellensem,
1355 4624 1480 4679 sederro

176 4701 208 4753 ia
226 4701 313 4755 lituro
332 4702 363 4755 F
424 4709 457 4758 lo
476 4705 505 4758 et
523 4699 662 4770 excipitur
681 4700 724 4757 Pl
740 4702 877 4772 excipitur
896 4703 923 4756 L
941 4705 971 4758 et
990 4702 1093 4772 cipitur
1111 4701 1142 4757 F
1200 4702 1339 4758 tosseim
1356 4702 1480 4772 trisylla-

176 4779 243 4834 bum
261 4779 404 4849 dactylum
423 4782 450 4835 L
511 4780 1001 4853 fluviorum]Ver9.9eor9.1482
1076 4788 1107 4836 lb
1127 4781 1151 4836 si
1168 4799 1218 4838 om.
1238 4783 1271 4849 P,
1289 4783 1353 4837 odd.
1374 4781 1433 4836 FL

178 4865 210 4913 19
225 4859 289 4930 sim]
305 4859 348 4914 sin
363 4861 390 4912 L
444 4867 478 4915 24
492 4860 701 4932 conglutinatos
716 4860 747 4915 F
797 4867 832 4917 26
846 4859 925 4932 iuga]
939 4859 1008 4933 giga
1022 4862 1053 4916 F
1103 4867 1138 4916 28
1152 4878 1167 4917 e
1181 4863 1299 4934 templ&
1313 4861 1480 4934 exemploL
