3316 5474
164 328 230 393 542
592 330 821 387 FRAGMENTA
848 331 1043 389 Bontuusut

165 443 186 479 p.
201 430 309 471 soe-soe
324 430 351 470 v.

165 516 290 595 dicitur,
313 514 364 576 sed
384 514 490 577 melius
509 518 732 596 patronymicon
755 526 790 578 ut
813 518 859 578 sit
904 516 1003 599 legit,
1027 527 1149 580 secutus
1172 528 1228 581 est
1246 520 1370 597 (Vera.
1390 522 1426 583 A.
1443 522 1485 583 11

165 604 254 677 393).
308 603 363 665 iiic
393 612 426 676 ‚et
457 604 530 665 baec
564 608 749 684 cognominis
778 606 867 668 huius
894 609 1078 686 cognominis
1105 609 1223 685 (Vere.
1253 612 1295 672 Α.
1335 611 1383 673 VI
1405 610 1483 687 383).
1529 626 1534 633 ·

165 693 307 773 Piabunt,
338 691 496 773 placabunt
529 695 582 766 (ib.
610 695 701 768 379).
752 694 820 755 Dira
852 695 931 757 dicta
963 699 1048 776 quasi
1074 697 1203 759 deorum
1234 700 1282 759 ira
1314 702 1375 773 (ib.
1402 700 1483 765 373).

166 782 246 843 llaec
268 785 343 843 tiara
367 783 478 842 dicitur
501 801 610 861 genere
635 784 777 845 feminino
801 785 909 861 (Vera.
933 787 967 845 Α.
999 786 1171 861 171247).

256 872 335 951 Aput
361 873 499 950 antiquos
527 890 586 932 uon
614 872 722 934 licebat
749 874 909 935 sacritlearl
941 875 1006 936 sine
1034 874 1104 936 lano
1131 882 1163 937 et
1191 874 1288 939 Vesta
1320 878 1408 950 (Iun.
1432 888 1502 940 sats

169 961 290 1038 6,386).
336 960 396 1021 Ceo
424 960 618 1022 derivativum
646 971 705 1042 est,
738 971 871 1025 ceterum
898 962 1060 1044 principale
1083 972 1130 1026 est
1152 962 1214 1027 Cos
1246 966 1349 1039 (Hor.
1372 976 1431 1029 sat.
1453 968 1487 1029 ll
1553 1006 1555 1019 ·

168 1051 267 1133 429).
304 1048 453 1130 Cyllenes,
471 1049 561 1111 buius
580 1050 728 1130 Cyllenes,
751 1054 906 1132 genetivus
924 1053 1082 1133 singularis
1101 1055 1213 1130 (Vera.
1232 1058 1270 1117 A.
1302 1056 1392 1119 VIII
1402 1056 1483 1131 139).

168 1142 201 1219 lp
225 1139 372 1220 Teucros,
394 1157 449 1219 pro
468 1138 606 1219 Teucris,
629 1149 660 1201 et
682 1142 712 1200 in
735 1140 792 1202 boe
815 1141 880 1203 loeo
900 1142 995 1204 solum
1013 1145 1045 1204 in
1063 1161 1123 1204 non
1141 1161 1198 1223 pro
1219 1152 1336 1207 contra
1355 1146 1483 1226 positura

168 1238 229 1312 est,
256 1229 308 1291 sed
337 1247 392 1308 pro
420 1246 476 1308 pro
504 1228 549 1288 rel
577 1231 656 1290 circa
684 1230 793 1306 (Vere.
822 1233 856 1291 Α.
887 1234 906 1292 I
929 1232 1023 1304 394).
1072 1231 1136 1293 lloe
1163 1231 1267 1295 locum
1299 1233 1420 1296 lectum
1441 1242 1483 1297 est

169 1330 241 1399 aput
267 1318 410 1397 Ennium,
442 1316 494 1378 sed
527 1335 614 1377 nemo
647 1317 719 1379 dicit
749 1319 836 1381 bodie
869 1322 922 1393 (ib.
954 1321 1047 1394 399).
1067 1312 1073 1403 Ι
1092 1320 1275 1383 Miscellania
1307 1323 1423 1403 patella
1447 1322 1511 1385 deo

142 1406 260 1469 ·rebus
284 1408 372 1466 variis
394 1405 504 1467 dicitur
527 1407 606 1478 (Iun
629 1415 685 1467 sat.
710 1409 824 1484 1129).

259 1496 374 1557 Nomen
406 1514 461 1575 pre
493 1494 647 1575 adverbio,
678 1505 832 1558 aeternum
864 1517 918 1578 pro
950 1500 1070 1559 aetern‘e
1102 1499 1212 1575 (Vere.
1242 1502 1277 1561 A
1319 1501 1368 1563 VI
1394 1502 1480 1575 491).

171 1588 266 1667 Caput
293 1586 401 1664 aperit,
428 1583 520 1645 nudat
547 1587 600 1657 (ib.
629 1586 723 1659 496).
769 1585 891 1648 lniormi
918 1586 1001 1662 limo,
1028 1606 1133 1668 magno
1159 1588 1279 1650 infinito
1311 1592 1370 1663 (ib.
1394 1591 1480 1667 419).

170 1679 328 1755 Personat,
352 1683 403 1735 aut
426 1692 586 1752 personare
611 1675 681 1736 lacit
702 1684 753 1736 aut
776 1694 829 1754 per
853 1693 943 1755 regna
966 1685 1063 1757 sonat,
1086 1676 1122 1737 de
1141 1676 1284 1739 Cerbero.
1329 1678 1480 1742 Cerbenrs

136 1834 139 1839 ,
171 1769 269 1828 dictus
293 1765 376 1843 quasi
399 1754 580 1844 κρεοβόρος
603 1764 656 1835 (r'b.
680 1764 765 1837 418).
811 1763 849 1824 Et
871 1765 925 1824 hos
948 1764 1087 1826 colubros
1110 1773 1140 1825 et
1161 1765 1215 1826 bas
1239 1756 1386 1830 colubras
1410 1768 1509 1849 legi-a

172 1874 237 1917 mus
257 1855 310 1926 (to.
329 1853 416 1925 419).
458 1851 599 1932 Sepultus
619 1852 791 1934 immobilis,
814 1856 898 1933 quasi
921 1856 984 1914 sine
1008 1852 1092 1932 pultu
1114 1855 1168 1926 (ib.
1187 1856 1280 1930 424).
1324 1856 1478 1937 Exsortes,

172 1947 306 2025 ignaros,
329 1960 388 2002 una
410 1961 479 2021 pars
498 1944 653 2021 orationis,
676 1944 753 2002 sicut
771 1960 877 2021 exspes
897 1945 949 2013 (ib.
969 1943 1056 2016 428).
1097 1942 1136 2004 Ει
1153 1944 1281 2005 fortuitu
1302 1955 1336 2009 ct
1354 1947 1477 2007 fortuito

173 2033 291 2094 dicitur.
335 2032 465 2093 Perosus
489 2049 554 2090 sum
578 2030 656 2091 illam
680 2049 743 2091 rem
767 2033 820 2101 (ab.
844 2033 932 2105 435).
978 2031 1033 2095 Fas
1061 2032 1203 2093 naturalis
1230 2033 1278 2093 lex
1308 2036 1366 2105 (io.
1390 2036 1477 2107 438).

174 2121 354 2201 Inamabilis,
376 2121 504 2199 pessima
528 2121 596 2191 (ib.)
642 2121 737 2180 Suave
760 2128 791 2180 et
814 2121 918 2181 suadet
940 2120 1079 2200 disyllaba
1098 2130 1181 2202 sunt,
1204 2141 1279 2204 non,
1303 2134 1340 2185 ut
1357 2124 1476 2204 quidam

173 2211 305 2291 imperiti
327 2217 444 2289 putant,
468 2207 616 2286 trisyllaba
639 2210 747 2283 (ἢν).
771 2211 805 2269 Α.
832 2211 960 2283 1357).
1006 2209 1150 2291 Securus,
1178 2221 1380 2274 contemnens
1407 2212 1510 2275 Ver-sa

174 2300 262 2380 gilius
290 2299 338 2370 (A.
370 2300 388 2357 I
411 2298 503 2368 350).
549 2291 691 2358 ‘Dilectus
720 2298 790 2358 mibi
818 2294 875 2358 est'
902 2300 1060 2379 figuratum
1088 2307 1145 2378 est,
1174 2299 1263 2361 bodie
1291 2295 1434 2363 ‘dilectus
1460 2320 1475 2362 a

174 2408 222 2450 me
246 2382 303 2448 cst'
327 2386 452 2447 dicimus
476 2388 529 2455 (ib.
552 2385 643 2457 344).
690 2386 820 2466 Retexit,
842 2388 981 2449 indicarit
1003 2391 1056 2460 (ib.
1079 2389 1169 2461 356).

264 2477 357 2556 Opes,
379 2472 588 2554 possibilitates
608 2477 684 2546 (Sol.
707 2478 791 2537 Cutil.
814 2477 883 2551 1,3).
925 2468 1007 2557 Opus
1031 2486 1077 2538 est
1099 2477 1249 2559 consulto,
1272 2498 1352 2559 opus
1374 2488 1423 2541 est
1443 2489 1475 2541 ut

175 2566 325 2644 consulas,
354 2575 384 2624 et
408 2572 478 2624 stunt
501 2565 598 2623 omnia
620 2564 746 2643 gerundi
769 2565 848 2625 modi
877 2569 963 2637 (Sall.
990 2567 1174 2640 999916).
1221 2567 1359 2650 Veniam,
1386 2568 1474 2631 bene·

175 2658 275 2718 licium
298 2656 386 2728 (Hor.
410 2673 438 2714 a.
459 2673 489 2730 p.
514 2654 574 2727 11).
621 2653 827 2735 Geminentur,
850 2655 1027 2735 copulentur
1049 2659 1103 2729 (ib.
1125 2657 1190 2730 13).
1230 2656 1339 2741 Exlex,
1362 2676 1511 2740 exspesa

175 2764 278 2807 exsors
301 2747 355 2819 (ib.
378 2745 447 2814 29).
493 2744 553 2822 Age
577 2742 747 2804 adverbium
771 2753 829 2825 est,
851 2744 1027 2824 plerumque
1051 2745 1182 2807 verbum.

265 2834 399 2894 Struices
431 2834 660 2912 compositiones
692 2834 832 2894 dicuntur
864 2836 1044 2915 patinarum,
1076 2834 1155 2895 unde
1188 2837 1277 2896 etiam
1309 2843 1478 2898 structores

175 2924 317 2985 dicuntur
340 2924 418 2995 (lue.
442 2928 498 2982 snt.
522 2921 656 2994 II,136).
702 2921 865 3005 Pygargus,
896 2942 1075 3002 coporeum
1099 2923 1231 2985 candidis
1259 2924 1400 2987 clunibus
1425 2928 1477 2999 (ab.

168 3014 266 3088 “138).·
288 3010 464 3091 birquitalli,
482 3002 672 3089 βούπαιὸες.
714 3009 868 3093 Gaditana,
886 3011 988 3092 Tyria,
1007 3013 1085 3092 quod
1105 3012 1201 3073 Gades
1219 3012 1297 3074 solas
1315 3011 1477 3095 Hispaniae

176 3103 258 3182 Tyrii
285 3108 446 3162 tenuerunt
476 3101 529 3171 (ib.
558 3100 647 3171 199).
697 3099 802 3160 Omnia
831 3103 949 3161 nomina
982 3103 1028 3162 nis
1059 3101 1166 3181 syllaba
1199 3104 1359 3164 terminata
1387 3103 1512 3169 latinas

177 3191 320 3271 simplicia
343 3191 461 3267 generis
484 3187 639 3248 masculini
663 3197 733 3249 sunt
755 3199 878 3269 excepto
902 3189 1017 3268 nullo!
1229 3264 1230 3269 ἵ

264 3279 393 3339 Pharum
425 3296 534 3357 genere
568 3278 709 3338 feminino
742 3279 868 3339 dicimus
900 3280 989 3351 (buc.
1017 3281 1125 3340 Pbars.
1162 3278 1243 3340 VIII
1266 3281 1356 3354 514).
1405 3282 1478 3362 Apis

178 3378 280 3431 taurus
303 3369 412 3428 dieitur
435 3366 511 3446 apud
536 3367 707 3446 Aegyptios,
737 3369 799 3446 qui·
815 3369 845 3427 in
873 3378 993 3447 pectore
1018 3368 1117 3429 lunam
1144 3367 1238 3429 albam
1266 3369 1371 3452 babet,
1401 3390 1477 3450 quae

177 3458 318 3520 adversus
340 3455 440 3516 lunam
464 3464 493 3515 et
516 3458 625 3516 crescit
643 3464 673 3516 et
691 3456 838 3517 decrescit
856 3459 909 3529 (ib.
929 3458 1019 3531 479).
1056 3457 1253 3537 Imperatores
1272 3460 1325 3538 qui
1343 3460 1478 3521 vicerant

177 3548 299 3608 honoris
318 3547 410 3626 gratia
429 3554 460 3605 et
478 3547 602 3624 praemii
619 3544 771 3605 tibicinem
786 3545 982 3628 accipiebant,
1001 3545 1152 3607 candelam
1166 3555 1196 3608 et
1210 3546 1311 3609 sellam
1325 3548 1479 3630 curulem3
1490 3572 1514 3615 aa

177 3635 286 3697 milites
304 3633 340 3695 ad
360 3633 489 3694 colonias
507 3633 692 3695 ducebantur
711 3642 741 3694 et
760 3635 908 3694 territoria
928 3635 1118 3716 accipiebant
1155 3635 1314 3697 dictatores
1332 3635 1479 3699 domuum

177 3726 331 3804 dicuntur,
354 3741 508 3783 mensores
532 3723 673 3782 frumenti
696 3732 726 3783 et
745 3724 872 3802 frugum.
914 3722 993 3785 llaec
1012 3742 1158 3804 conpages
1177 3723 1300 3800 dicitnr,
1323 3743 1385 3787 non
1404 3726 1479 3789 haec

177 3831 233 3873 eon
255 3831 271 3871 a
292 3831 318 3872 o.

234 3831 386 3978 Ριξηιίῳιί
410 3898 595 3960 declinabant
619 3899 692 3960 vello
716 3900 804 3983 vulsi,
827 3901 914 3960 modo
938 3920 1025 3962 nemo
1049 3902 1121 3963 dicit
1143 3904 1251 3979 (Verp.
1274 3906 1310 3963 Α.
1341 3904 1369 3963 V
1384 3904 1478 3980 279).

178 3990 352 4051 Semineces
370 3987 535 4049 declinatur
554 3996 584 4049 et
602 3987 638 4048 ab
661 3989 718 4049 hoc
741 3993 890 4051 seminece
917 3990 964 4051 bis
983 3994 1139 4052 seminecis
1158 3995 1211 4064 (ib.
1229 3993 1321 4065 275).
1363 3992 1517 4059 Seususae

177 4097 299 4160 nomen,
323 4096 409 4139 sensa
432 4077 668 4159 participialiter,
691 4081 768 4140 sieut
791 4079 895 4140 sibilus
919 4089 949 4141 et
971 4079 1056 4142 sibila
1085 4083 1137 4152 (lb.
1160 4082 1253 4156 277).
1299 4081 1480 4165 Deductum,

177 4179 267 4231 tenue
291 4177 362 4248 aput
385 4166 544 4246 Vergilium
567 4169 680 4239 (bucol.
706 4170 779 4242 d‚5).
825 4167 950 4245 Vindex,
973 4172 1016 4229 sic
1039 4172 1158 4231 nomine
1182 4171 1238 4232 luit
1256 4171 1307 4250 qui
1326 4169 1479 4233 Neronem

178 4258 286 4319 occidit
309 4259 388 4330 (lato.
412 4265 467 4317 sat.
490 4257 606 4330 8222).
654 4257 753 4338 llapti,
776 4258 886 4317 cursim
911 4258 987 4320 lacti.
1034 4258 1182 4342 Delendo,
1206 4260 1315 4320 munio.

266 4347 375 4426 Dapem
404 4345 593 4425 singulariter
622 4366 681 4407 non
709 4347 847 4426 dicimus,
875 4346 926 4406 sod
955 4346 1110 4427 pluraliter
1137 4357 1250 4409 tantum
1278 4349 1368 4420 (Hor.
1393 4369 1421 4411 c.
1445 4352 1482 4412 11

182 4438 277 4512 7,17).
323 4436 469 4507 Quiritem
498 4454 555 4495 non
585 4436 724 4518 dicimus,
757 4437 807 4497 sed
837 4454 962 4496 numero
994 4435 1100 4516 plurali
1128 4444 1256 4518 mutum,
1287 4445 1426 4501 ceterum
1453 4442 1520 4507 sin

268 4645 453 4715 relegimus]
474 4644 528 4714 leg.
546 4643 573 4697 Β
593 4641 729 4712 legitote
800 4649 834 4697 tt
854 4644 992 4715 consules]
1012 4646 1139 4701 consules
1156 4646 1183 4699 B
1255 4649 1289 4697 26
1312 4614 1482 4704 adacroium

178 4729 221 4780 eet
243 4727 286 4779 esi
309 4725 473 4795 plerumque
497 4724 661 4793 plerumque
685 4724 800 4779 uerbum
818 4724 845 4777 B
927 4730 960 4781 27
980 4727 1150 4799 patinarum]
1171 4724 1336 4796 pebinantur
1358 4727 1387 4780 Β
1407 4729 1482 4800 peti-

179 4804 307 4860 nariaee
379 4812 412 4858 36
433 4805 608 4874 accipiebant
626 4822 641 4859 e
661 4805 750 4876 accipi
767 4807 794 4860 B
813 4811 926 4877 utroque
944 4807 1002 4863 loco
1073 4813 1106 4862 41
1127 4806 1236 4879 sibilus]
1256 4805 1334 4863 sibus
1352 4807 1382 4865 B
