3316 5474
749 359 943 414 uxcunPTn
1428 360 1492 424 323

189 478 209 513 p.
225 464 244 504 5.
258 465 271 502 5
284 464 315 501 rr.

189 548 378 628 anctoritate,
399 546 613 607 consuetudine
634 548 783 607 ,Ratione
804 541 972 626 quatenns?
995 545 1167 606 Secundum
1186 547 1295 606 artium
1310 547 1491 608 traditores.

189 654 265 726 Quid
290 650 488 714 auctoritate?
511 653 651 714 Veterum
676 654 789 715 scilicet
813 653 982 714 lectionum.
1021 652 1098 723 Quid
1118 651 1358 714 cousuetudine?
1381 654 1492 715 Eorum

190 780 264 841 quam
289 781 305 821 e
330 761 425 821 medio
449 760 590 840 loquendi
613 780 669 821 usu
693 761 799 840 placita
822 760 1036 840 adsumptaque
1060 769 1138 820 sunt.

738 1023 797 1088 DE
828 1023 944 1089 VOCE

162 1222 174 1261 5
279 1206 337 1266 l'or
362 1207 432 1286 quid
457 1204 524 1267 est?
561 1210 618 1266 hir
642 1210 719 1268 ictus
743 1207 845 1268 auditu
869 1206 1044 1267 sensibilis.
1065 1206 1150 1266 Vocis
1175 1209 1290 1286 specics
1309 1215 1381 1286 quot
1401 1203 1492 1267 snut?
1516 1219 1573 1269 1858

190 1313 268 1373 Duae
293 1360 299 1374 .
329 1316 412 1386 Onne
435 1310 526 1374 sunt?
563 1314 724 1375 Articulata
744 1322 774 1374 et
793 1314 915 1375 contusa
941 1313 1127 1375 .drticulata
1147 1332 1221 1393 quae
1242 1310 1308 1374 cst?
1333 1313 1493 1374 Hominum

190 1428 303 1480 tautum
327 1421 423 1483 modo.
459 1420 540 1481 Vnde
564 1419 717 1481 articulata
741 1421 818 1480 dicta
848 1424 911 1481 est?
953 1420 1037 1491 Quod
1069 1420 1194 1481 articulo
1225 1420 1383 1482 scribentis
1414 1439 1492 1482 com·

188 1527 331 1607 prehendi
364 1530 458 1608 possit
489 1577 495 1588 .
525 1527 606 1598 Quae
635 1535 680 1588 est
709 1523 853 1588 contusa?
891 1526 971 1597 Quae
1001 1527 1092 1588 scribi
1121 1546 1180 1588 non
1208 1536 1322 1609 potest,
1356 1536 1389 1588 ut
1421 1536 1491 1607 puta

152 1647 159 1656 ·
189 1634 265 1695 velut
295 1637 394 1696 ovium
422 1634 550 1716 balatus,
578 1636 647 1714 equi
676 1633 822 1715 hinnitus,
850 1637 980 1714 mugitus
1004 1634 1087 1695 bovis
1107 1630 1112 1714 Ι
1134 1684 1140 1695 .
1164 1635 1287 1696 Praeter
1311 1634 1363 1695 has
1395 1633 1492 1696 nullae

150 1740 261 1801 waliae
286 1760 373 1802 voces
397 1732 499 1802 sunti¹
518 1741 614 1802 Sonos
641 1760 760 1821 quoque
789 1760 893 1803 omnes
920 1761 1008 1802 voces
1036 1742 1176 1823 dicimus,
1209 1750 1242 1804 ut
1271 1738 1493 1821 ‘tractasque

189 1848 228 1908 ad
265 1848 373 1910 litora
411 1844 541 1909 voces’.
597 1847 658 1907 Vox
696 1848 858 1929 corporalis
890 1857 949 1930 est,
986 1868 1022 1910 an
1060 1846 1276 1930 incorporalis?
1323 1848 1493 1910 Secundum

190 1958 299 2017 stoicos
324 1956 500 2037 corporalis,
525 1959 575 2035 qui
596 1974 660 2016 eam
679 1958 722 2016 sic
741 1955 899 2035 deliniunt,
923 1964 957 2016 ut
975 1974 1031 2016 uos
1049 1958 1079 2016 in
1098 1959 1245 2037 principio
1264 1957 1494 2036 respondimus.

189 2062 273 2124 Plato
297 2071 475 2124 autemnon
500 2082 565 2123 esse
590 2081 693 2123 rocem
713 2079 822 2142 corpus
846 2071 961 2141 putat:
985 2056 1056 2121 ‘non
1080 2064 1160 2123 euim
1183 2055 1366 2142 percussns',
1390 2064 1494 2142 iuquit,

190 2165 266 2250 hir,
294 2168 345 2229 sed
375 2168 457 2248 plaga
486 2172 549 2250 ipsa
579 2177 667 2248 atqne
695 2171 864 2251 percussio,
896 2166 926 2228 id
955 2175 1001 2229 cst
1029 2164 1104 2230 rox'.
1148 2169 1335 2230 Democritus
1363 2187 1432 2228 rero
1461 2187 1494 2228 ac

151 2290 175 2330 1⁵
190 2275 296 2336 deiude
311 2275 458 2355 Epicurus
473 2296 508 2337 er
528 2274 662 2337 indivisis
676 2274 853 2355 corporibus
866 2293 969 2335 vocem
983 2284 1120 2336 constare
1136 2276 1252 2357 dicunt,
1271 2294 1381 2356 corpus
1395 2284 1494 2337 autem

190 2402 254 2443 esse
279 2392 330 2444 aut
353 2384 486 2444 elhcieus
509 2392 560 2445 aut
582 2385 706 2464 patiens.

261 2687 276 2735 2
296 2683 424 2737 ueterum
444 2682 552 2738 scilicet
570 2682 723 2737 lectionum
743 2681 769 2734 V
785 2683 912 2736 ueterum
931 2683 1065 2749 (ceterum
1081 2681 1128 2749 M)
1147 2682 1255 2737 scilicet
1268 2682 1411 2738 actionum
1427 2682 1495 2736 ΜΒ

226 2779 355 2831 eornmq,
379 2762 408 2816 in
432 2762 523 2817 medio
541 2761 612 2815 BM
628 2778 722 2816 eorum
746 2761 894 2816 verborum
920 2777 991 2829 quae
1011 2762 1137 2816 emedio
1162 2762 1210 2814 V.
1231 2780 1297 2817 nam
1316 2781 1349 2818 ea
1368 2781 1382 2818 c
1402 2764 1494 2818 medio

189 2842 323 2913 loquendi
341 2861 391 2897 usu
411 2842 517 2912 placita
535 2843 682 2897 adsumere
706 2840 852 2896 cousuevit
873 2841 1030 2908 Diomedes,
1055 2842 1104 2896 nbi
1127 2860 1196 2910 mooe
1214 2860 1228 2896 s
1246 2845 1335 2898 codice
1359 2844 1496 2922 Victorini

190 2924 377 2992 adscripsisse
396 2924 521 2979 Andusia
545 2924 616 2978 libro
633 2923 770 2977 Bcrnensi
790 2923 878 2992 petito
901 2927 980 2976 nant
1052 2929 1067 2976 5
1088 2922 1160 2993 Vox]
1185 2925 1218 2991 cs.
1238 2924 1330 2980 Diom.
1351 2941 1381 2993 p.
1400 2930 1494 2991 420,9

196 3003 352 3057 Wilnranns
374 3004 407 3058 dc
435 3003 515 3058 Vorr.
540 3004 602 3058 libr.
625 3021 738 3073 promm.
757 3021 788 3072 p.
811 3008 856 3058 81.
893 3002 1019 3056 Audacia
1042 3010 1168 3072 excerpta
1191 3022 1225 3059 cx
1249 3005 1383 3059 Vaticano
1406 3005 1495 3058 codice

189 3084 383 3138 ediditMoins
397 3086 473 3140 class.
485 3092 588 3141 numo.
605 3084 652 3137 VI
654 3103 685 3154 p.
696 3090 760 3152 589,
778 3081 900 3137 Audacia
910 3082 944 3136 dc
956 3081 1052 3138 Scauri
1071 3085 1227 3153 (deuscausi
1245 3088 1314 3154 cod.)
1333 3088 1363 3139 et
1382 3084 1493 3139 Palladi

189 3165 269 3219 libris
284 3168 414 3235 excerpta
428 3165 574 3235 (inscripta
588 3166 665 3233 cod).
699 3164 759 3219 Vox
777 3166 819 3219 est
836 3181 884 3218 aer
902 3163 975 3217 ictus
993 3164 1091 3219 auditu
1110 3165 1229 3233 (auditui
1244 3167 1312 3233 cod.)
1331 3164 1492 3222 sensibilis.

190 3246 266 3301 vocis
290 3249 384 3301 autem
407 3247 479 3300 duae
502 3249 567 3301 snut
589 3248 695 3316 partes,
720 3245 870 3300 articulata
892 3246 922 3298 et
947 3243 1063 3299 confusa
1082 3287 1087 3298 .
1107 3245 1259 3299 articulata
1281 3248 1326 3301 est
1350 3245 1494 3301 homiuum

189 3328 312 3393 tantum,
339 3343 411 3395 quae
434 3325 519 3379 scribi
542 3328 648 3396 potest,
672 3326 700 3380 id
720 3326 762 3380 est
781 3326 888 3380 ‘orator
906 3324 984 3378 veuit
1002 3326 1031 3378 et
1049 3324 1166 3393 docuit’,
1191 3329 1220 3380 et
1241 3325 1317 3380 dicta
1335 3325 1494 3393 articulata

190 3406 267 3475 quod
287 3405 409 3461 articulo
430 3405 493 3477 [sic]
518 3405 664 3461 scribentis
688 3404 876 3476 conprehendi
898 3403 988 3473 possit
1006 3447 1012 3459 .
1032 3401 1149 3458 confusa
1172 3407 1214 3459 est
1236 3422 1308 3474 quae
1331 3405 1417 3460 scribi
1439 3421 1495 3459 uon

190 3487 295 3556 potest,
315 3487 347 3539 ut
364 3488 433 3556 puta
453 3486 530 3541 velut
544 3485 639 3542 ovium
653 3486 777 3552 balatus,
797 3484 862 3554 equi
875 3483 1013 3550 hinnitus,
1032 3482 1156 3552 mugitus
1171 3484 1263 3554 bovis,
1282 3484 1402 3539 latratus
1417 3483 1495 3539 cauis

190 3566 220 3619 et
238 3569 338 3622 cetera.
376 3567 425 3621 sed
443 3566 594 3623 articulata
612 3585 680 3636 vor,
708 3581 879 3636 quamquam
903 3564 940 3618 sit
962 3563 1073 3632 prolixa
1091 3579 1107 3616 s
1127 3564 1217 3619 oratio
1241 3565 1360 3620 solvitur
1379 3564 1496 3619 etfacit

191 3662 345 3701 sermonem
366 3691 372 3703 .
392 3647 493 3702 iterum
513 3664 668 3703 sermonem
686 3647 779 3703 solvis‘
791 3647 820 3700 et
842 3643 911 3698 lacit
929 3642 1088 3712 syllabam.
1105 3642 1129 3697 si
1148 3661 1214 3700 vero
1234 3646 1372 3716 syllabam
1391 3644 1493 3713 solvas,

190 3729 315 3781 remanet
332 3727 439 3795 littera,
464 3731 493 3782 et
510 3728 567 3782 inm
586 3744 642 3783 non
658 3725 787 3799 procedit
804 3726 880 3780 ultra
903 3721 988 3792 (ultro
1007 3723 1076 3791 cod.)
1101 3724 1233 3780 resolutio
1254 3769 1259 3781 .
1280 3743 1363 3781 sonos
1382 3743 1493 3795 quoque

191 3825 286 3863 omnes
305 3824 387 3862 voces
407 3807 538 3874 dicimus,
557 3808 782 3876 ut·‘fractasque
800 3821 818 3859 a
836 3805 920 3860 litore
937 3803 1044 3858 voces’.
1081 3804 1233 3858 secuudum
1251 3805 1381 3876 physicos
1400 3807 1494 3860 antem

190 3903 244 3941 vor
270 3889 423 3958 corporalis
447 3891 502 3957 est,
525 3889 574 3958 qui
598 3905 660 3943 eam
684 3888 724 3942 sic
747 3885 896 3952 definiunt,
924 3887 957 3939 ut
984 3900 1034 3939 uos
1059 3885 1088 3938 in
1111 3884 1250 3955 principio
1275 3887 1494 3956 respondimus.

190 3966 271 4020 Plato
290 3969 384 4021 sutem
404 3985 459 4022 nou
477 3985 538 4022 esse
556 3984 654 4023 rocem
673 3983 771 4038 corpus
794 3969 888 4037 putat:
914 3967 981 4021 ‘uon
1004 3964 1079 4019 enim
1104 3968 1272 4035 percussus',
1297 3966 1401 4035 inquit,
1427 3966 1495 4034 ‘aer,

191 4046 239 4099 sed
256 4046 343 4115 plaga
366 4046 427 4116 ipsa
451 4050 536 4117 atqm
559 4046 714 4118 percussio,
738 4047 768 4102 id
791 4051 835 4102 est
856 4047 922 4102 vox'
943 4063 960 4100 s
979 4065 1012 4102 ex
1035 4046 1187 4102 individuis
1213 4048 1375 4116 corporibus
1397 4063 1494 4102 rocem

191 4129 318 4181 constare
337 4127 446 4196 dicunt,
466 4144 564 4197 corpus
584 4128 679 4182 sutem
698 4143 757 4182 esse
776 4129 826 4182 aut
839 4126 962 4180 efficiens
976 4127 1026 4180 aut
1044 4125 1153 4195 paticus
1225 4127 1304 4181 aditu
1324 4128 1362 4180 M
1431 4129 1496 4180 sunt

188 4214 252 4278 post
271 4212 340 4278 quot
358 4226 408 4263 om.
424 4210 460 4275 B,
479 4211 543 4263 odd.
564 4209 601 4262 M
662 4207 796 4263 ttDuae.
813 4208 970 4270 Quaerunt
988 4208 1274 4262 VDuaesuutBM
1331 4207 1495 4261 articulatas

191 4289 221 4342 et
241 4289 376 4343 confusas.
401 4291 452 4344 lut.
477 4288 603 4344 articula
629 4304 701 4358 quae
729 4289 774 4341 est
796 4286 834 4339 M
903 4293 918 4341 't
942 4288 985 4342 est
1010 4292 1072 4356 post
1100 4287 1176 4340 dicta
1200 4303 1250 4340 om.
1269 4287 1348 4351 ΒΜ,
1376 4286 1440 4340 odd.
1472 4286 1497 4338 V

208 4369 341 4424 articulos
357 4369 503 4424 scribentis
512 4371 540 4422 Β
576 4374 592 4422 e
608 4368 731 4438 mugitus
745 4366 826 4422 bouis
839 4369 951 4437 praeter
964 4367 1015 4421 has
1030 4366 1124 4420 nullae
1143 4366 1216 4421 aliae
1236 4383 1319 4421 uoces
1333 4367 1398 4420 sont
1411 4382 1494 4422 sonos

191 4450 285 4513 (sonus
309 4450 358 4517 M)
380 4467 490 4518 quoque
513 4451 571 4503 sine
594 4448 807 4518 interropctione
833 4453 859 4502 ct
885 4446 1058 4515 responsione
1080 4445 1152 4499 ΒΜ
1221 4451 1254 4499 10
1278 4446 1439 4516 fractusque
1467 4448 1495 4500 B

191 4528 349 4597 tractesque
374 4531 410 4583 M
428 4551 436 4581 :
461 4529 538 4598 Verp.
562 4529 632 4583 Am,
652 4529 716 4581 III
732 4534 787 4584 556
862 4536 892 4582 lt
914 4527 974 4581 Vox
998 4526 1152 4595 corporalis
1173 4557 1204 4565 —
1226 4532 1259 4581 16
1278 4527 1403 4595 patiens,
1426 4544 1496 4598 piros

191 4611 290 4663 omisso
307 4614 372 4663 sunt
391 4611 468 4677 opud
488 4610 672 4674 Victorinum,
690 4609 818 4677 tenantur
836 4610 913 4677 apud
927 4608 1046 4663 Gelliam
1059 4613 1129 4662 noct.
1145 4612 1193 4662 ott.
1215 4607 1240 4659 V
1251 4613 1287 4662 15
1343 4607 1495 4662 secundnm

191 4687 304 4742 istoicos
327 4690 355 4742 Β
429 4694 460 4742 13
484 4705 540 4743 uon
568 4688 638 4760 esse]
669 4704 724 4742 nou
748 4692 792 4743 est
815 4689 851 4742 Μ
922 4693 953 4742 15
978 4706 1012 4743 ex
1034 4687 1188 4742 individuis
1212 4687 1374 4756 corporibus
1397 4702 1494 4743 vocem

191 4770 318 4821 constare
346 4766 443 4822 dicunt
470 4768 575 4822 Gallina
646 4767 779 4824 indeuisis
805 4768 843 4822 M
913 4769 1051 4840 comtare]
1081 4785 1233 4825 consonare
1256 4768 1327 4822 ΒΜ
1400 4772 1495 4824 autem

179 4856 251 4906 ,esse
270 4839 298 4891 B
317 4839 411 4892 autem
432 4841 474 4893 est
494 4840 528 4893 M
547 4846 572 4894 et
591 4840 696 4895 Gallina
