3316 5474
547 351 719 407 EXEMPLA
738 350 1002 407 buocvutouvu
1361 351 1427 413 495

144 455 304 497 ,1111191

128 544 246 602 nescius
274 541 329 600 hoc
358 541 434 620 lieri,
465 538 543 600 idem
572 539 643 598 den.
673 537 724 597 llll
752 534 849 616 (527)
879 533 935 613 [et]
969 537 1090 596 nescia
1120 537 1214 596 vinci
1246 545 1426 616 pectora.

128 649 245 708 nescius
269 647 357 708 huius
381 648 438 727 rei,
462 644 689 725 bergitani(
714 645 806 717 (501)

309 755 428 813 nescia
454 771 550 813 mens
573 752 753 813 bominum
778 752 842 811 lati
866 751 1050 828 sortisque
1075 751 1217 810 suturae
1243 799 1249 812 .

215 861 308 921 Nixus
331 861 386 921 hac
410 880 455 935 re,
479 860 563 939 Verg.
588 860 658 920 den.
682 857 708 917 11
732 857 830 932 (730)
858 860 976 937 posito
1003 858 1091 937 pede
1121 860 1225 919 nixrts
1252 867 1287 918 et
1315 857 1427 918 basta.

100 970 272 1030 intrusio
301 967 355 1028 bac
383 986 431 1049 re,
459 966 518 1028 Cic.
547 985 601 1047 pro
630 966 767 1026 Deiotaro
796 965 876 1040 (25)
910 964 988 1024 dico
1017 972 1117 1025 extra
1146 973 1361 1024 conventum
1395 973 1429 1025 et

127 1094 199 1135 eam
224 1076 480 1155 frequentiam,
504 1077 539 1134 in
563 1091 631 1152 qua
654 1079 839 1131 oratorum
862 1069 982 1130 studia
1006 1072 1072 1131 niti
1096 1070 1241 1131 solent.
1262 1065 1266 1152 Ι
1288 1074 1374 1132 nixus
1397 1074 1427 1132 in

126 1184 202 1244 hanc
225 1202 303 1262 rem,
331 1181 416 1260 Verg.
440 1182 510 1242 den.
534 1179 588 1240 1111
611 1178 704 1251 (308)
733 1179 914 1255 ingentem
941 1179 1047 1238 nixus
1076 1178 1110 1237 in
1139 1176 1274 1239 hastam
1299 1226 1305 1239 .
1330 1181 1428 1239 nitens

125 1291 188 1370 hic,
212 1290 296 1369 Verg.
320 1290 389 1348 Aen.
414 1287 439 1347 11
463 1287 559 1360 (380)
588 1287 723 1366 pressit
752 1284 848 1345 humi
876 1286 1027 1344 nitens.
1052 1286 1149 1345 nitens
1177 1284 1252 1345 banc
1280 1303 1344 1345 rem
1373 1285 1427 1346 bac

126 1416 172 1477 re,
195 1396 272 1456 idem
296 1396 367 1455 den.
391 1393 562 1468 1111311)

87 1516 112 1554 1⁰
347 1500 507 1562 alternos
530 1500 633 1579 longa
657 1502 832 1560 nitentem
856 1497 1009 1577 cuspide
1033 1517 1214 1576 gressus.

213 1609 342 1669 Nuntius
361 1608 450 1668 buius
470 1609 527 1688 rei,
551 1606 636 1686 Verg.
651 1607 721 1667 den.
738 1607 811 1668 IIII
823 1605 912 1680 (188)
936 1609 1066 1666 nrtntio
1089 1607 1180 1686 veri,
1203 1604 1312 1667 ibidem
1332 1606 1427 1680 (237)

124 1717 181 1778 bic
206 1718 323 1776 nostri
346 1717 497 1775 nuntius
521 1723 607 1774 esto.
1294 1773 1300 1791 ι

214 1821 342 1883 Nibilum
376 1831 505 1895 vetuste,
539 1821 567 1881 id
600 1830 646 1880 est
673 1818 718 1879 vel
747 1819 909 1880 modicum:
941 1818 1066 1879 nihilum
1094 1820 1172 1879 enim
1201 1821 1315 1897 antiqui
1343 1838 1425 1879 voca·

126 1941 233 1990 verunt
250 1931 345 2009 ipsius
369 1928 507 2007 quiddam
531 1928 700 2005 exiguitatis
723 1929 891 2006 minimum,
915 1926 1061 1987 Salustius
1086 1926 1147 2004 lug.
1168 1925 1427 1999 (75,10)111111ο

85 2048 110 2088 1⁵
125 2038 301 2115 segnius.

213 2141 328 2200 Nimius
355 2140 409 2201 hac
438 2160 484 2221 re,
517 2140 573 2201 Sal.
601 2140 669 2202 bist.
697 2139 724 2200 11
752 2148 834 2220 post
866 2138 926 2199 ubi
958 2138 1095 2199 fiducia
1129 2140 1293 2200 nimius.
1318 2140 1427 2199 nimius

124 2248 215 2325 illius,
239 2247 317 2308 idem
340 2247 407 2308 bist.
430 2247 484 2307 1111
508 2250 690 2329 impotens
713 2256 748 2308 et
771 2248 903 2307 nimius
926 2247 1037 2306 animi
1061 2255 1117 2306 est
1140 2293 1145 2305 .

213 2354 305 2414 Natus
329 2363 373 2415 tot
395 2373 501 2435 annos,
525 2354 592 2415 Ter.
616 2353 707 2414 lleau.
731 2354 872 2431 (11,10)
895 2371 1008 2413 annos
1032 2351 1085 2411 tx
1114 2361 1219 2413 natus
1248 2372 1284 2413 es
1308 2401 1315 2414 .
1339 2364 1426 2416 iratus

124 2479 216 2521 annos
241 2469 284 2521 tot
307 2463 413 2542 maior,
436 2462 465 2521 id
489 2470 535 2522 est
558 2479 647 2541 supra
671 2469 715 2522 tot
738 2478 844 2542 annos,
868 2459 926 2520 Cic.
951 2478 1004 2540 pro
1026 2459 1133 2520 lloscio
1153 2462 1195 2536 (p.
1215 2461 1304 2522 Rosc.
1325 2465 1424 2523 timer.
1452 2447 1454 2450 ’

83 2569 232 2642 111130)
256 2586 368 2628 annos
392 2577 495 2629 natus
519 2570 630 2629 maior
653 2566 707 2627 LX
731 2614 737 2628 .

211 2673 302 2735 Nubit
325 2672 381 2754 illi,
408 2673 467 2734 Cic.
490 2691 545 2752 pro
569 2673 705 2735 Cluentio
728 2674 829 2749 (qu)
858 2672 960 2734 nobit
986 2691 1121 2753 genero
1150 2692 1278 2741 socrus
1303 2723 1308 2735 .
1334 2686 1425 2755 nttpta

123 2790 168 2841 est
191 2799 259 2842 cum
283 2780 346 2861 illo,
369 2780 436 2840 Ter.
460 2780 548 2860 lleoy.
573 2779 741 2855 (111110)
765 2788 865 2841 esset
888 2799 965 2841 cum
988 2779 1051 2840 illo
1075 2790 1211 2860 nupta.

211 2885 314 2947 Nudus
347 2886 452 2947 barum
484 2905 598 2966 rerum,
636 2885 692 2946 Sal.
725 2885 786 2966 lug.
821 2886 928 2961 (79,o)
960 2886 1037 2946 loca
1070 2888 1233 2966 aequalia
1266 2897 1300 2949 et
1333 2889 1424 2950 nuda

122 2995 345 3073 gignentium
371 3042 376 3053 .

82 3117 109 3156 ea
212 3098 377 3159 Obliviscor
409 3100 483 3160 hanc
516 3118 593 3180 rem,
627 3099 710 3179 Verg.
742 3101 813 3162 Aen.
846 3099 871 3159 11
904 3101 996 3174 (118)
1033 3099 1252 3162 obliviscere
1285 3102 1425 3182 Graios,

123 3207 226 3266 Cicero
245 3224 299 3284 pro
320 3205 417 3266 Caelio
438 3202 568 3290 (2050)
592 3206 790 3267 obliviscor
813 3209 968 3267 iniurias
992 3215 1084 3287 tuae,
1107 3206 1229 3267 Clodia
1245 3255 1251 3266 .
1267 3207 1425 3269 obliviscor

122 3313 210 3374 btrius
230 3315 286 3393 rei,
306 3312 366 3373 Cic.
385 3315 415 3373 in
435 3313 516 3374 Catil.
531 3313 542 3372 1
558 3315 640 3389 (30)
659 3313 878 3375 obliviscere
899 3314 1020 3374 caedis
1038 3322 1145 3392 atque
1164 3315 1423 3376 incendiorum.

122 3418 230 3479 oblitus
259 3419 347 3480 buius
375 3422 432 3501 rei,
465 3419 548 3498 Verg.
578 3437 677 3499 georg.
705 3418 746 3479 111
773 3419 868 3493 (215)
897 3419 1098 3481 catulorum
1127 3419 1239 3481 oblita
1268 3420 1423 3484 leaena.

122 3524 232 3585 oblitus
256 3525 334 3585 illam
358 3544 435 3604 rem,
459 3526 536 3586 idem
560 3544 640 3605 geor.
663 3525 690 3586 11
713 3526 785 3599 (59)

81 3650 107 3688 so
334 3651 505 3712 pomaque
529 3632 750 3713 degenerant
773 3652 879 3695 sucos
902 3634 1014 3695 oblita
1037 3636 1180 3715 priores
1204 3682 1211 3695 .

121 3739 244 3800 oblitum
268 3739 354 3819 mibi,
377 3741 456 3819 quod
480 3759 516 3801 ex
540 3742 681 3801 memoria
705 3720 950 3820 recessitJVerg.
974 3741 1040 3803 buc.
1065 3742 1167 3816 (953)
1191 3760 1283 3804 1111
1312 3742 1424 3804 oblita

121 3846 206 3906 mihi
231 3856 283 3906 tot
306 3850 462 3908 carmina
486 3897 492 3909 .

211 4107 302 4160 (lorice
321 4108 467 4162 Parrhasii
504 4109 592 4179 ahie]
608 4108 672 4162 huic
746 4114 778 4162 10
792 4125 902 4178 grecum
917 4109 988 4176 veri,
1002 4111 1049 4164 aed
1062 4110 1146 4164 deleto
1160 4109 1219 4164 veri
1292 4117 1323 4164 11
1340 4110 1422 4180 Verg.

122 4187 191 4240 Aen.
211 4187 269 4240 veri
289 4186 327 4240 ibi
347 4188 392 4242 bic
463 4194 497 4242 22
518 4207 580 4243 com
600 4189 661 4258 illo]
680 4189 798 4243 Camillo
816 4195 930 4258 utroque
948 4191 1005 4244 loco
1077 4194 1110 4243 28
1130 4190 1211 4244 leena

210 4426 225 4472 1
247 4419 346 4474 urent
364 4404 442 4483 otte,
461 4419 536 4473 nem
554 4419 884 4488 neumnensium
903 4420 996 4476 nitent
1011 4421 1046 4474 11
1120 4425 1152 4473 11
1170 4421 1423 4486 foramentorum

120 4501 228 4554 vetuste
248 4499 276 4553 id
296 4503 412 4554 estnon
431 4500 519 4554 hilum
538 4500 584 4554 vel
606 4498 760 4554 modicum:
784 4501 872 4555 hilum
895 4502 968 4556 enim
1060 4506 1093 4554 16
1111 4501 1177 4568 post
1199 4500 1247 4554 ubi
1270 4502 1300 4556 in
1321 4502 1423 4558 fiducia

120 4579 222 4633 nimius
240 4581 304 4633 olim
322 4581 354 4633 in
373 4579 502 4634 Sallustii
518 4580 681 4647 fragmentis
698 4581 800 4635 eddom
817 4585 855 4635 eri
936 4587 971 4635 10
989 4596 1076 4635 annos
1094 4581 1175 4634 natue
1194 4580 1284 4635 maior
1302 4582 1421 4651 quadre-

120 4659 200 4728 ginia
224 4659 317 4713 Cicero
403 4667 437 4714 16
461 4676 510 4729 pro
535 4658 642 4730 Coelio]
666 4677 717 4728 pro
741 4660 869 4715 Cornelio
894 4661 1104 4714 Lindemonnue
1188 4660 1338 4717 obliviscor
1364 4663 1421 4719 iam

119 4741 234 4796 iniuriae
244 4739 343 4795 Clodio
356 4743 458 4796 codices
469 4741 618 4795 Ciceronis:
633 4741 668 4807 cf.
683 4739 757 4795 Serv.
772 4742 804 4794 in
823 4740 900 4811 Verg.
915 4742 984 4795 Am.
995 4741 1016 4793 I
1018 4741 1037 4793 I
1049 4745 1104 4796 148
1118 4741 1234 4796 amissos
1248 4741 1421 4811 obliviscere,

121 4823 153 4874 ut
173 4819 334 4875 ‘obliviscor
352 4818 467 4874 iniurias
485 4824 562 4885 tuae,
581 4819 690 4875 Clodia'
711 4842 718 4874 :
738 4820 933 4876 diciturenim
952 4822 982 4877 ei
999 4821 1163 4876 emissorum
1182 4820 1346 4879 obliviscere
