3316 5474
216 343 282 409 234
809 346 931 402 BEDAE

216 457 238 495 p.
252 448 312 487 aeas.
326 448 351 488 aa
366 447 391 486 u.

216 549 371 592 remanere
404 533 550 611 permittit
583 549 679 610 neque
708 531 795 592 ullam
824 531 1007 611 producendi
1039 532 1127 594 habet
1160 540 1336 613 potestatem
1367 534 1514 614 Prospero

217 647 306 721 teste,
329 641 380 719 qni
403 640 444 699 ait

377 763 442 806 nee
465 752 582 807 tamen
605 744 669 806 hos
693 754 767 806 toto
790 745 941 827 depellit
964 747 1111 808 loedere
1134 766 1279 826 gnaros,

378 859 541 912 naturam
566 859 747 912 errantum
771 850 933 912 dividere
957 855 1082 914 avitus.

218 959 295 1021 unde
315 968 345 1021 et
368 961 446 1020 inter
469 958 596 1039 liquidas
615 958 839 1040 adnumeratur,
863 961 980 1020 tametsi
998 979 1057 1022 non
1080 962 1120 1021 ita
1144 971 1177 1022 ut
1199 962 1208 1022 l
1233 972 1263 1024 et
1285 982 1413 1044 r„quae
1437 983 1544 1023 com-s

219 1085 323 1129 munes
347 1066 472 1147 syllabas
496 1067 592 1127 iacere
617 1066 720 1127 solent.

637 1222 697 1287 DE
721 1221 869 1288 PRIMIS
893 1222 1101 1289 SYLLABIS

308 1351 385 1411 llaec
409 1351 445 1411 de
469 1350 634 1411 differentia
654 1350 830 1431 syllabarum
853 1355 955 1432 paucis
974 1351 1051 1413 dicta
1070 1363 1153 1434 sunt,
1177 1373 1250 1433 quas
1271 1357 1359 1416 etiam
1379 1355 1520 1434 exemplis

218 1461 281 1538 ipse
310 1457 470 1536 plurimum
499 1456 669 1518 discernere
697 1467 808 1540 potest,
836 1462 886 1537 qui
915 1463 1100 1521 scansionem
1130 1481 1232 1523 versus
1259 1462 1371 1523 heroici
1404 1462 1520 1523 discere

149 1624 152 1628 .
202 1568 340 1626 curavit.
377 1565 428 1626 sed
453 1566 503 1644 qui
528 1564 653 1625 necdum
674 1565 709 1626 ad
732 1566 789 1627 hoc
812 1569 961 1650 pervenit,
983 1569 1064 1629 hunc
1082 1569 1377 1667 interimhortamm·
1396 1569 1520 1649 syllabas
1536 1597 1561 1634 ro

219 1675 351 1733 omnium
384 1676 510 1752 partium
539 1673 680 1733 orationis
708 1692 743 1733 ex
776 1675 921 1753 principio
953 1694 1092 1736 versuum
1126 1674 1314 1736 heroicorum
1351 1675 1521 1754 diligentins

219 1788 379 1843 scrutetur.
416 1781 512 1839 ominis
534 1781 612 1839 enim
632 1798 736 1840 versus
760 1779 943 1861 hexameter,
967 1784 1016 1860 qni
1037 1800 1088 1842 sex
1112 1782 1251 1863 pedihuS,
1275 1791 1306 1843 ot
1327 1792 1521 1862 pentameter,

220 1888 270 1964 qui
299 1889 430 1965 quinque
458 1885 584 1965 pedibus
608 1894 735 1967 constat,
759 1888 883 1966 primam
910 1887 998 1948 habet
1021 1886 1160 1967 syllabam
1188 1887 1317 1969 longam,
1346 1891 1413 1968 quia
1438 1888 1481 1948 vel
1506 1907 1520 1947 a

219 1992 350 2073 spondeo
379 1993 423 2052 vel
451 2012 466 2052 a
495 1993 609 2073 dactylo
642 1996 759 2076 incipit,
790 2012 919 2074 qnorum
947 1997 1029 2074 prior
1055 2014 1109 2074 pes
1136 1994 1252 2056 dnahus
1280 1995 1375 2076 longis
1403 1995 1521 2075 syllabis

219 2101 368 2180 consistit,
397 2109 429 2160 ut
451 2088 567 2181 dicens,
595 2101 744 2162 secundus
772 2100 857 2181 longa
880 2110 910 2162 et
937 2100 1051 2162 duabus
1080 2100 1233 2184 brevibus,
1257 2110 1291 2163 nt
1320 2102 1454 2163 dicimus.
1492 2110 1562 2166 ctis

220 2206 285 2266 ideo
305 2224 372 2267 cum
392 2207 525 2267 codicem
544 2207 708 2268 hexametri
727 2207 771 2267 vel
790 2206 911 2287 elegiaci
930 2209 1069 2268 carminis
1084 2208 1214 2269 adsumis
1233 2210 1263 2268 in
1284 2226 1400 2291 manns,
1420 2228 1521 2288 quarn·

219 2330 346 2391 cumque
370 2316 504 2393 paginam
523 2315 659 2393 aperiens
679 2315 857 2396 inspexeris,
877 2331 1093 2393 quemcumque
1113 2334 1231 2375 vorsum
1250 2318 1386 2395 aperiens
1405 2316 1521 2397 legeris,

220 2420 331 2499 absque
359 2420 416 2481 nlla
445 2420 594 2481 dubietate
622 2422 747 2501 primam
775 2419 914 2500 syllabam
942 2429 993 2481 aut
1021 2430 1125 2482 natura
1153 2431 1204 2483 ant
1230 2424 1376 2502 positione
1405 2423 1521 2503 lmrgarn

220 2531 366 2612 invenies,
390 2531 458 2607 quia
482 2530 622 2590 nimirum
646 2531 706 2589 sive
731 2526 855 2608 spondei
878 2546 931 2588 seu
955 2526 1061 2607 dactyli
1085 2537 1200 2590 corastat
1219 2548 1284 2590 esse
1308 2532 1496 2610 principium.

259 2636 262 2640 ’
309 2636 382 2697 ltem
409 2639 504 2717 prima
532 2655 619 2716 saepe
648 2634 756 2716 syllaba
779 2653 816 2696 ιι
839 2636 1051 2715 compositione
1080 2637 1191 2715 figurae
1215 2636 1461 2718 deprehenditur,
1491 2649 1563 2700 utne

220 2747 244 2805 si
275 2746 389 2804 nescias
418 2743 511 2824 qualis
540 2746 578 2804 sit
604 2746 685 2825 pins,
715 2762 750 2803 ιιι
779 2743 1005 2822 compositione,
1033 2760 1108 2820 quae
1137 2751 1183 2803 est
1210 2745 1335 2826 impius,
1363 2744 1457 2823 qualis
1485 2747 1524 2805 sit

218 2853 287 2931 pius
310 2853 512 2933 cognoscitur,
535 2850 605 2912 licet
628 2853 657 2911 in
682 2850 838 2930 aliquantis
861 2850 918 2910 hoc
942 2848 1028 2910 iallat.
1067 2868 1133 2911 nam
1159 2868 1227 2910 cnnr
1250 2849 1376 2911 dicimus
1400 2850 1522 2929 nubem,

221 2975 261 3020 nu
290 2958 376 3038 longa
405 2966 468 3041 est3
497 2961 567 3019 itenr
597 2977 665 3019 curn
693 2958 819 3019 dicimus
850 2955 961 3019 innuba
989 2965 1039 3018 aut
1066 2956 1213 3038 pronuba,
1241 2959 1273 3018 nt
1301 2956 1399 3018 brevis
1425 2976 1464 3017 nn
1493 2959 1522 3017 in

221 3068 450 3146 compositione:
473 3068 543 3126 itenr
568 3065 617 3126 lux
641 3065 716 3125 lueis
739 3065 769 3125 lu
793 3064 878 3144 longa
905 3072 964 3145 est,
988 3063 1109 3124 lucerna
1132 3062 1230 3123 brevis
1256 3072 1317 3123 est:
1340 3066 1411 3123 item
1435 3062 1522 3123 horno

221 3172 320 3257 brevis
339 3180 384 3233 est
410 3172 533 3254 ubique,
557 3173 703 3233 humanus
723 3171 823 3250 longa:
847 3167 939 3232 ‘itur
963 3173 996 3231 in
1017 3172 1199 3250 antiquam
1219 3165 1369 3251 silvam',
1391 3172 1401 3230 i
1424 3170 1523 3250 longa3
1538 3195 1563 3232 aa

214 3277 481 3362 y‘snperumquc
505 3279 545 3339 ad
569 3279 686 3340 lumen
710 3273 851 3360 ituras',
880 3280 889 3338 i
912 3278 1020 3340 brevis.
1058 3278 1109 3338 sed
1134 3277 1191 3338 hoc
1214 3279 1340 3338 irrveniri
1365 3296 1431 3338 raro
1455 3298 1523 3338 con·

223 3390 316 3469 lingit
341 3405 442 3448 verum
467 3390 492 3447 si
516 3385 664 3466 quaelibet
687 3404 756 3466 pars
780 3387 922 3446 orationis
945 3383 1214 3465 praepositionibus
1238 3392 1442 3465 componatur,
1466 3387 1524 3463 pri-

221 3513 283 3556 mas
303 3494 426 3574 syllabas
445 3514 481 3555 ιι
504 3494 550 3554 his
572 3495 793 3573 cognoscimus:
816 3511 883 3553 nam
910 3492 975 3553 talis
991 3486 994 3574 l
1013 3491 1142 3555 manebit
1167 3493 1228 3551 lere
1248 3494 1345 3552 omrris
1364 3495 1525 3570 composita

223 3600 344 3683 syllaba,
368 3602 462 3681 qualis
486 3612 515 3664 et
543 3604 605 3681 ipsa
628 3601 807 3681 praepositio
835 3599 938 3677 luerit,
966 3605 999 3659 nt
1026 3597 1170 3677 deceptus
1193 3595 1359 3677 abundans,
1387 3598 1423 3658 de
1449 3600 1524 3658 vide·

223 3709 293 3770 licet
316 3708 402 3789 longa
425 3718 455 3770 et
478 3707 513 3768 ah
537 3708 643 3769 brevis.
681 3709 751 3767 item
774 3725 810 3766 ιιι
834 3707 907 3785 ipsis
929 3702 1197 3784 praepositionibus
1216 3703 1250 3776 ad
1276 3715 1305 3764 et
1328 3703 1366 3763 ob
1390 3713 1418 3764 et
1442 3707 1470 3764 in
1496 3714 1525 3763 et
1539 3725 1565 3762 a·

187 3834 192 3843 ⁸
224 3817 512 3901 ”efflamus
532 3846 582 3898 hos
596 3846 657 3899 toto
672 3839 790 3910 depellit
806 3839 919 3895 foedere
938 3855 1039 3912 gnaros
1052 3840 1104 3897 ςΡ
1119 3855 1172 3893 nee
1186 3839 1244 3892 t'm’
1259 3822 1389 3893 hostete
1408 3839 1528 3907 depellit

232 3905 246 3932 0

223 3945 316 3999 federe
335 3961 438 4013 gnarus
457 3943 488 3997 F
504 3943 640 3998 nectimus
660 3942 711 3995 hos
729 3942 791 3993 toto
809 3937 927 4007 depellit
944 3954 1059 4007 corpore
1077 3951 1180 4007 gnaram
1199 3937 1225 3989 L
1279 3937 1456 3990 terrentem
1476 3936 1501 3988 L
1503 3956 1525 4005 p

224 4023 376 4078 errantium
396 4024 423 4076 P
441 4022 591 4077 orrannum
615 4026 683 4075 coir.
704 4021 776 4074 -ιιιιιι
800 4019 830 4073 F
918 4017 1013 4072 eniens
1036 4018 1063 4070 L
1153 4022 1169 4070 5
1195 4017 1394 4071 annumeratur
1412 4016 1526 4070 tametsi

225 4105 417 4173 (superscripto
441 4101 569 4173 quemuis
593 4103 613 4167 l)
638 4102 664 4154 L
692 4100 872 4154 enumeratur
894 4097 977 4152 temsi
996 4096 1026 4149 F
1052 4096 1270 4150 adnumerantur
1293 4097 1373 4164 (corr.
1399 4097 1474 4149 atur
1495 4098 1526 4163 p)

223 4183 391 4239 tamenetsi
411 4183 438 4235 P
508 4183 610 4235 ssent
627 4180 693 4246 LP,
711 4196 761 4234 orn.
782 4177 818 4244 F,
837 4177 929 4243 sinis
994 4193 1064 4244 quas
1083 4175 1139 4230 suis
1158 4173 1244 4230 etism
1264 4175 1291 4228 L
1364 4182 1398 4229 10
1418 4178 1527 4230 curauit

226 4263 285 4317 FL
304 4263 414 4318 curabit
431 4278 500 4317 corr.
520 4259 661 4315 cureuerib
679 4259 707 4312 P
721 4257 865 4316 curabile
920 4256 969 4311 sed
987 4255 1082 4326 etqui
1100 4257 1151 4315 ςΡ
1205 4263 1237 4310 13
1257 4255 1394 4325 syllabam
1413 4255 1526 4324 longam

224 4345 310 4399 habeb
329 4344 355 4396 L
427 4341 494 4411 quia
512 4341 557 4395 uel
577 4340 626 4406 Ls
640 4340 688 4409 qui
706 4339 750 4394 uel
771 4339 801 4393 F
818 4355 889 4409 quae
908 4339 954 4393 uel
973 4339 1025 4396 ςΡ
1096 4341 1129 4391 15
1148 4335 1276 4392 consistit
1294 4335 1356 4389 FP
1371 4338 1482 4390 constat
1501 4336 1526 4387 L

279 4431 312 4479 16
331 4437 535 4493 quamcumque
554 4421 686 4490 peginam
700 4419 829 4490 aperiens
847 4419 965 4489 insperis
979 4434 1050 4489 quae
1069 4418 1149 4486 (corr.
1165 4415 1317 4486 inspexeris
1332 4422 1385 4485 qne
1404 4418 1431 4483 sy
1451 4432 1527 4468 cnm-

225 4521 278 4574 que
298 4522 394 4558 uersus
413 4502 543 4572 aperiens
561 4501 663 4571 legeris
683 4501 713 4554 F
765 4507 797 4555 17
818 4516 928 4554 nemum
947 4499 1083 4568 arripiens
1101 4497 1151 4557 ςΡ
1202 4502 1235 4550 19
1255 4495 1322 4565 qnia
1341 4495 1422 4561 LPs
1436 4494 1485 4562 qui
1501 4494 1531 4546 F

278 4583 338 4638 siue
357 4583 454 4638 dactili
473 4600 521 4637 eeu
540 4581 657 4652 spondei
675 4582 702 4634 L
756 4587 788 4634 21
810 4580 900 4648 qualis
919 4579 957 4635 sit
974 4578 1036 4650 pius
1053 4579 1201 4648 posteriore
1218 4578 1275 4631 loeo
1294 4592 1344 4630 om.
1364 4576 1390 4628 L
1445 4581 1478 4628 24
1499 4576 1527 4628 lu

224 4662 369 4732 longeest
385 4662 612 4732 Plongaestlu
626 4662 666 4714 L:
685 4661 714 4714 lu
727 4676 777 4715 om.
794 4657 824 4712 F
889 4664 923 4713 25
941 4658 1010 4729 itur]
1036 4657 1113 4726 Vero.
1132 4658 1200 4712 Aen.
1222 4656 1268 4710 VI
1284 4661 1338 4709 179
1394 4661 1427 4708 ‘26
1447 4672 1526 4724 supe-

225 4741 355 4811 rumque]
381 4741 457 4810 Verq.
477 4743 546 4797 Aen.
572 4741 618 4794 VI
635 4746 692 4795 680
774 4738 863 4792 iturus
881 4738 907 4791 L
986 4733 1112 4790 inuenire
1131 4733 1162 4787 F
1231 4741 1265 4789 27
1285 4734 1414 4803 quelibet
1434 4734 1492 4805 F

226 4821 362 4876 adobin
383 4821 474 4874 FLP
