3316 5474
204 363 271 428 284
794 363 915 419 BEDAE

203 475 225 512 p.
240 464 299 505 eres.
313 465 340 504 ee
353 464 378 504 Ρ.

292 548 411 609 Pendeo
435 548 548 628 pendes
570 548 707 628 pependi.
744 550 909 609 sinautem
933 547 1070 610 habuerit
1092 551 1357 630 praepositionem,
1380 568 1441 612 non
1464 553 1511 612 sic

205 655 380 738 declinatur,
403 655 454 717 sed
479 654 629 735 suspendo
652 654 810 735 suspendis
833 654 983 741 suspendi.
1188 645 1190 647 ’

292 762 406 825 Passim
430 761 540 842 ubique
564 763 722 842 signifieat:
750 781 786 823 ex
810 781 869 823 uno
893 765 972 823 enim
999 781 1105 842 graeco
1133 763 1329 846 declinantur,
1359 765 1438 845 quod
1461 776 1511 827 est

205 869 384 952 πανταχοῦ.
421 870 545 950 perinde
568 868 731 949 aequaliter
753 869 889 931 similiter
912 889 948 931 ex
972 888 1031 930 uno
1054 888 1161 949 graeco
1185 861 1317 951 ὁμοίως.

292 978 374 1039 Pello
397 975 466 1058 pelli
490 986 520 1039 et
542 976 655 1058 pepuli,
678 975 795 1056 depello
818 977 926 1056 depuli.
962 986 1032 1057 peto
1056 979 1146 1056 petivi
1169 986 1200 1039 et
1220 981 1302 1058 petii.
1538 992 1553 1032 ὁ

292 1086 482 1164 Prospiciens
505 1084 644 1163 periculi:
668 1086 730 1145 vice
750 1086 879 1145 nominis
897 1085 1019 1163 ponitur
1042 1085 1246 1163 participium:
1269 1093 1300 1146 et
1322 1088 1510 1165 prospiciens

204 1192 379 1272 perieulum.

293 1299 438 1360 Perendie
457 1298 575 1374 dieitur,
594 1301 672 1359 sicut
689 1297 777 1359 hodie
796 1297 841 1358 vel
860 1316 944 1360 cras:
962 1297 1144 1376 perendinus
1163 1291 1328 1379 dies,'sicut
1346 1298 1511 1362 hodiernus

96 1393 106 1406 ’
205 1407 364 1469 hesternus
387 1408 543 1469 crastinus.

294 1513 434 1575 Potamos
453 1531 521 1574 eum
541 1514 589 1573 eui
607 1520 711 1591 potum
724 1513 909 1594 porrigimus
928 1520 958 1573 et
976 1519 1112 1590 potamus
1131 1513 1246 1592 tinum,
1269 1512 1348 1590 quod
1369 1511 1509 1573 bibimus.
1525 1526 1553 1566 ιο

294 1619 392 1681 Probo
415 1620 539 1681 verbum
567 1616 714 1697 duplicem
743 1619 986 1696 significationem
1014 1617 1118 1679 habet:
1147 1617 1308 1697 probamus
1331 1621 1410 1679 enim
1433 1637 1509 1698 quae

205 1728 356 1809 eligimus,
383 1728 413 1788 id
441 1735 487 1788 est
513 1723 725 1805 approbamus,
753 1715 913 1809 probamus
942 1743 1017 1803 quae
1045 1725 1140 1804 qrralia
1170 1727 1229 1786 sint
1257 1734 1448 1807 temptamus,
1477 1736 1511 1787 ut

206 1829 329 1917 (psalm.
352 1836 422 1909 138,
445 1829 501 1915 23)
525 1828 650 1913 ‘proba
675 1849 738 1913 me,
761 1831 863 1913 deus,
886 1839 920 1892 et
943 1833 1036 1894 seito
1061 1849 1121 1892 eor
1145 1827 1282 1894 meum'.

295 1940 386 2002 Pecto
414 1950 517 2022 caput,
546 1958 606 2000 non
634 1941 766 2018 pectino,
792 1957 915 2019 pexum,
943 1956 1002 1998 non
1030 1941 1227 2019 pectinatum,
1256 1942 1324 2019 peri
1347 1949 1456 2002 memet
1479 1950 1511 2001 et

206 2056 323 2127 pectam
348 2066 422 2108 eras
1524 2061 1551 2102 15

295 2156 453 2234 Praesagio
476 2155 625 2234 praesagis
649 2154 848 2232 praesagiunt.

294 2259 458 2339 Pauperies
481 2260 620 2321 damnum
644 2267 705 2339 est,
728 2266 887 2338 paupertas
910 2260 973 2338 ipsa
992 2259 1135 2321 condicio.

295 2368 428 2428 Patrium
451 2365 526 2426 dieis
548 2385 564 2425 a
587 2367 695 2445 patria,
717 2373 874 2445 paternum
898 2383 914 2424 a
937 2374 1029 2444 patre.

295 2474 405 2534 Pinnas
428 2491 596 2553 murorum,
618 2492 730 2553 pennas
754 2475 850 2533 avium
874 2470 1009 2534 dicimus.

294 2581 392 2642 Pecus
414 2598 501 2640 omne
525 2580 631 2640 animal
655 2589 778 2660 excepto
801 2580 921 2640 homine
945 2581 1103 2641 vocitatum
1128 2589 1182 2643 est.
1523 2595 1551 2635 ²⁰

295 2688 431 2768 Polenta,
462 2705 527 2748 non
564 2687 683 2766 puleota
716 2686 874 2748 dicendum
907 2695 966 2767 est,
998 2705 1033 2747 eo
1066 2687 1146 2766 quod
1183 2688 1218 2748 ad
1251 2707 1324 2749 usus
1356 2688 1510 2750 hominum
1593 2712 1601 2721 ·

207 2796 342 2876 poliatur.

294 2902 463 2963 Praemium
486 2920 554 2962 cum
578 2900 774 2983 diphthongo,
805 2903 936 2980 pretium
959 2920 1061 2980 premo
1085 2919 1192 2980 precor
1215 2920 1269 2982 per
1292 2902 1456 2982 simplicem
1479 2922 1510 2984 e;

205 3009 358 3089 prehendo
388 3027 506 3088 quoque
531 3018 561 3071 et
588 3013 778 3089 interpretor.
819 3010 936 3087 precari
964 3017 1010 3069 est
1038 3026 1157 3089 rogare,
1185 3008 1339 3087 deprecari
1368 3028 1510 3071 excusare

207 3115 253 3176 vel
280 3134 420 3196 purgare:
449 3115 594 3196 Vergilius
616 3110 704 3199 (Aen.
728 3118 797 3177 XII
819 3109 896 3197 931)
926 3109 1104 3194 ‘equidem
1133 3117 1261 3195 merui,
1289 3133 1353 3177 nec
1381 3116 1551 3196 depre·ss

207 3242 268 3283 cor
290 3218 436 3302 inquit’.
872 3306 876 3309 Β

294 3329 393 3392 Pluris
421 3331 548 3392 dicimus
575 3331 654 3411 quod
682 3333 793 3391 maiore
814 3330 953 3408 {summa
977 3338 1103 3409 taxatur,
1133 3329 1235 3409 plures
1257 3347 1328 3390 vero
1351 3330 1387 3391 de
1412 3329 1509 3391 multi·

207 3435 319 3499 tudine.
355 3437 458 3517 plures
481 3439 671 3518 comparativi
693 3437 802 3517 gradus
827 3445 886 3516 est,
909 3439 995 3498 cuius
1018 3437 1162 3516 positivus
1185 3435 1279 3496 multi.

297 3545 440 3606 Poeulum
464 3563 514 3605 vas
538 3556 596 3625 est,
619 3547 700 3623 potio
724 3542 804 3623 quod
827 3542 972 3604 hauritur.

295 3649 421 3729 Pignera
445 3668 559 3730 rerum,
582 3652 704 3729 pignora
727 3649 856 3710 liliorum
880 3657 911 3709 et
932 3649 1130 3710 affectionum.

297 3875 449 3946 lpendes]
467 3874 567 3944 perulis
587 3875 615 3930 P
666 3874 788 3944 pependi
806 3890 856 3929 om.
873 3873 901 3928 P
957 3875 1131 3944 2suspendo
1146 3875 1292 3946 suspendis
1311 3873 1442 3944 suspendi
1462 3872 1511 3930 ςΙ,

140 3988 142 3991 -
208 3955 346 4023 suspendo
360 3958 511 4026 suspendes
525 3953 670 4026 suspendit
683 3971 738 4009 non
751 3954 883 4023 suspendi
894 3955 931 4008 M
943 3956 1111 4025 suspendeos
1121 3957 1253 4026 suspendi
1266 3974 1322 4012 non
1337 3952 1469 4023 suspendi
1485 3952 1513 4007 P

256 4039 274 4086 4
291 4033 411 4092 Perinde
429 4037 585 4106 aequaliter
603 4052 636 4090 ex
655 4035 704 4094 eL
723 4034 839 4089 Perinde
857 4033 1023 4106 simpliciter
1040 4053 1074 4091 ex
1094 4037 1132 4091 M
1183 4035 1294 4107 spello
1313 4033 1396 4105 pellis
1414 4034 1511 4102 pepuli

209 4113 353 4170 mortuus
367 4133 397 4185 p.
416 4121 519 4182 245,3
573 4117 680 4188 pepuli]
700 4114 791 4185 repuli
811 4114 839 4167 P
891 4115 990 4187 petivi]
1010 4117 1069 4185 peti
1087 4117 1123 4170 M
1174 4114 1265 4172 duici
1285 4116 1321 4169 M
1379 4112 1511 4167 herasti·

207 4211 260 4248 nus
278 4210 327 4250 oen.
348 4195 376 4249 P
446 4205 478 4254 10
496 4198 626 4253 bibimus.
655 4195 799 4251 Primitiae
822 4197 935 4251 tentum
956 4196 1103 4266 pluraliter
1121 4197 1214 4253 Probo
1233 4197 1300 4251 ML
1372 4200 1404 4248 11
1423 4194 1511 4264 probo

207 4276 324 4332 uerbum
343 4277 496 4334 erastinum
514 4278 655 4350 duplicem
676 4276 704 4330 P
791 4275 941 4345 probemus
964 4293 1035 4344 quae
1059 4277 1196 4348 elegimus
1216 4277 1245 4331 P
1265 4277 1414 4346 probamus
1436 4275 1512 4331 enim
1584 4286 1592 4293 ·

208 4357 283 4426 quod
302 4357 434 4429 eligimus
452 4360 479 4413 L
553 4367 585 4414 12
604 4359 754 4429 probemus
772 4352 866 4411 sutem
885 4371 958 4424 ques
972 4358 1122 4424 posteriore
1141 4359 1197 4412 loco
1215 4356 1242 4409 L
1313 4363 1347 4410 14
1365 4356 1395 4410 et
1412 4371 1464 4410 om.
1485 4353 1514 4407 P

264 4444 296 4492 18
313 4437 437 4507 petrium
456 4438 575 4495 dicimus
595 4440 621 4493 L
704 4443 736 4492 19
756 4436 866 4490 Pennas
884 4451 1026 4490 murorum
1044 4437 1144 4505 pinnas
1163 4437 1257 4490 eninm
1276 4437 1304 4489 P
1382 4441 1416 4489 20
1435 4435 1512 4490 uoci-

207 4516 324 4571 tandum
344 4519 387 4572 est
404 4519 452 4576 §L
530 4525 564 4574 21
584 4518 660 4588 quod
677 4517 714 4570 od
732 4534 797 4569 usus
816 4514 961 4569 hominum
979 4517 1103 4586 poliatur
1121 4518 1170 4575 eL
1189 4516 1264 4587 quod
1282 4533 1347 4570 usus
1366 4515 1512 4570 hominum

208 4597 327 4667 policiat
349 4599 377 4651 P
397 4598 471 4666 quod
495 4616 560 4654 usus
581 4601 661 4667 (corr.
686 4600 748 4666 usu)
772 4595 896 4652 omnium
919 4595 1043 4665 poliatur
1066 4597 1104 4651 M
1192 4603 1225 4650 23
1248 4595 1419 4666 Preemium]
1444 4595 1511 4651 Pro-

209 4677 330 4732 oemium
349 4678 397 4735 §L
460 4684 495 4733 24
513 4678 765 4749 precari].precare
785 4676 813 4728 P
871 4679 904 4728 27
925 4675 1042 4747 maiore]
1061 4676 1169 4731 maiore
1186 4675 1255 4731 PM
1314 4678 1426 4730 texetur
1445 4675 1473 4727 P

209 4757 420 4826 sepontinum
441 4758 540 4811 PML
611 4763 645 4811 29
669 4757 745 4826 quod
767 4755 822 4809 PL
844 4771 916 4824 quse
935 4755 973 4809 M
1041 4761 1075 4809 30
1098 4772 1189 4810 rernm
1213 4771 1262 4809 om.
1283 4754 1309 4807 L
1379 4755 1510 4825 pignore]

209 4835 326 4906 pignera
344 4835 371 4888 P
