3316 5474
585 372 655 428 ARS
673 372 722 427 DE
743 369 1034 428 ORTHOGRAPHIA
1396 368 1460 434 123

155 488 178 526 p.
192 477 251 516 aava.
266 476 292 517 va
306 476 331 514 a.

245 560 402 622 Laetamur
425 559 461 619 da
485 561 596 619 nostris
619 558 720 638 bonis,
743 557 925 636 gratulamur
948 557 984 617 de
1008 557 1111 617 alicnis
1136 554 1310 633 [amicorum
1334 556 1390 616 boc
1414 565 1460 617 est

156 667 325 746 gratificans
345 665 481 743 laetitia]:
514 665 618 726 Cicero
639 663 737 742 [dicit]
763 660 896 742 ‘neque
920 672 988 723 tam
1012 665 1121 723 istius
1144 663 1300 724 bominis
1322 662 1460 743 perditi

157 774 277 835 subita
301 773 440 835 laetitia
463 790 565 852 quam
588 771 744 831 bominis
766 770 980 851 amplissimi
1003 788 1090 830 nova
1113 770 1312 848 gratulatio
1336 768 1460 847 [divitiis

157 880 240 960 evim]
264 873 533 941 commovebat’.

128 1001 143 1042 a
179 984 183 993 '
246 985 410 1047 Herbidum
441 985 539 1046 locum
571 985 697 1046 dicimus
727 985 732 1062 1
761 988 791 1045 in
821 1003 879 1064 quo
907 985 1000 1046 berba
1029 993 1088 1066 est,
1118 986 1233 1045 etiamsi
1263 985 1363 1045 aridus
1393 1003 1459 1045 esse

157 1096 355 1174 consueverit,
377 1091 538 1153 herbosum
562 1096 614 1172 qui
633 1090 754 1153 berbam
775 1092 859 1153 lacile
879 1103 1010 1173 generat,
1033 1094 1149 1154 etiamsi
1168 1091 1203 1152 ad
1223 1099 1340 1171 tempus
1360 1092 1460 1152 aridus

158 1204 204 1263 sit
240 1203 286 1261 sic
310 1208 340 1260 ct
363 1202 528 1278 aquaticam
551 1201 701 1278 potionem
725 1208 806 1260 recte
825 1198 962 1280 dicimus,
985 1217 1060 1279 quae
1080 1217 1185 1278 aquam
1204 1199 1321 1260 aliunde
1341 1200 1460 1280 recipit,

157 1327 301 1388 aquosum
325 1315 423 1367 autem
447 1306 554 1387 locum,
577 1309 628 1386 qui
652 1326 687 1367 ex
707 1326 739 1367 se
758 1325 864 1387 aquam
883 1307 988 1368 lundit.
1027 1309 1067 1367 ita
1086 1316 1116 1368 et
1135 1325 1281 1368 meracam
1300 1308 1461 1388 potionem,
1542 1328 1551 1343 ·

156 1432 307 1475 merosum
331 1420 429 1473 autem
452 1416 553 1474 vinum
576 1411 795 1493 appellabimus.

118 1539 143 1576 ro
246 1519 359 1581 Attollit
382 1529 501 1599 aggerat
524 1519 714 1581 scribendum
738 1529 792 1581 est.
829 1523 859 1582 in
889 1524 1102 1602 compositione
1126 1524 1206 1582 enim
1229 1539 1401 1582 sermonum
1424 1521 1460 1581 ad

157 1628 336 1708 praepositio
369 1629 527 1688 accusativi
564 1648 652 1690 casus
685 1631 900 1710 corrumpitur,
937 1648 1004 1690 cum
1042 1631 1154 1690 servire
1191 1627 1317 1708 loquelis
1347 1630 1461 1710 incipit,

157 1735 274 1815 quando
298 1752 362 1794 eam
386 1741 466 1794 muta
490 1737 638 1817 sequitur3
667 1739 780 1816 integra
809 1747 907 1797 autem
931 1745 1098 1817 permanet,
1128 1736 1244 1815 quando
1269 1734 1460 1814 semivocalis,

157 1853 191 1904 ut
214 1850 260 1902 est
283 1839 382 1901 adlicit
404 1840 521 1922 adripit.
563 1841 652 1904 baricis
674 1845 719 1903 rei
741 1845 817 1903 ratio
841 1843 991 1903 reddenda
1015 1853 1067 1903 est.
1110 1842 1225 1903 vocales
1253 1860 1356 1903 omnes
1379 1844 1459 1921 prin-

157 1952 239 2030 cipes
271 1951 351 2009 vocis
383 1957 454 2009 sunt
486 1956 517 2008 et
538 1946 683 2008 -dominae
716 1949 898 2029 litterarum,
931 1967 1020 2029 quae,
1058 1950 1135 2010 sicut
1167 1951 1305 2010 universa
1338 1950 1459 2009 fortiora

118 2073 143 2111 15
158 2056 332 2117 naturaliter
355 2057 480 2137 iaciunt,
503 2053 643 2115 subiecta
661 2065 691 2115 et
714 2055 850 2116 adiuncta
874 2054 931 2115 sibi
953 2063 1128 2137 protegunt,
1151 2056 1284 2135 aequalia
1307 2064 1406 2117 autem
1430 2065 1461 2117 et

157 2165 325 2224 resistentia
356 2162 477 2223 elidunt
521 2180 588 2222 nam
619 2180 678 2241 quo
709 2162 797 2222 modo
830 2180 888 2222 non
921 2180 1081 2240 numquam
1112 2164 1191 2222 inter
1221 2180 1253 2222 se
1286 2165 1459 2224 commissae

158 2273 336 2350 tranguntur
360 2278 390 2330 et
413 2268 594 2349 synalipham
618 2267 739 2347 iaciunt,
763 2270 801 2328 ita
822 2276 1020 2327 consonantes
1043 2266 1099 2328 sibi
1122 2268 1251 2328 creditas
1275 2278 1460 2330 conservant.

157 2395 282 2456 quarum
310 2379 451 2437 virtutem
479 2393 602 2436 necesse
630 2381 677 2433 est
703 2381 737 2434 ut
764 2374 954 2435 semivocales
981 2377 1111 2436 imitatae
1140 2377 1251 2437 vicinas
1280 2375 1336 2436 sibi
1365 2384 1461 2437 mutas

157 2493 300 2547 tutentur,

115 2607 142 2646 ao
245 2591 405 2662 Quaeritur
432 2590 467 2650 ab
496 2589 666 2670 aliquantis,
694 2589 764 2668 quid
792 2588 883 2649 distet
912 2591 990 2649 inter
1019 2607 1110 2668 super
1137 2596 1167 2649 et
1191 2608 1281 2670 supra
1305 2598 1335 2650 ct
1358 2590 1461 2651 subter

157 2707 187 2760 et
210 2698 324 2759 subtus.
367 2715 457 2775 super
481 2703 527 2755 est
551 2696 629 2775 quod
654 2698 777 2770 eminet,
805 2714 894 2774 supra
919 2695 997 2774 quod
1022 2695 1205 2757 substratum
1229 2695 1338 2776 aliquid
1362 2696 1459 2757 babet.

156 2809 227 2866 item
251 2805 354 2865 subter
377 2813 423 2864 est
446 2793 533 2882 quod'
549 2822 581 2863 re
606 2803 702 2883 aliqua
725 2804 879 2883 superiore
902 2805 1050 2882 premitur
1073 2810 1104 2863 et
1127 2802 1329 2884 conculcatur,
1353 2804 1460 2865 subtus

156 2912 237 2993 quod
260 2912 421 2973 demissum
445 2910 532 2971 altius
556 2929 615 2970 non
639 2911 829 2988 contingitur.

246 3019 349 3080 Sinum
369 3018 495 3079 dicimus
514 3019 646 3078 exterius
665 3018 797 3077 sinuatae
813 3017 903 3076 vestis
923 3016 1153 3100 receptaculum,
1171 3019 1316 3097 gremium
1334 3021 1461 3079 interius

115 3141 142 3180 as
156 3128 304 3187 accinctae
330 3127 420 3185 vestis
443 3133 606 3185 secretum:
629 3122 769 3202 Virgilius

315 3232 601 3312 pandentemque
626 3233 729 3292 sinus
753 3239 788 3292 et
811 3239 884 3290 tota
908 3239 1006 3291 veste
1032 3239 1216 3291 vocantem

316 3339 522 3400 caeruleum
546 3341 581 3399 in
604 3341 786 3418 gremium.

156 3449 301 3526 gremium
325 3454 424 3507 autem
448 3445 506 3505 dici
526 3465 541 3504 e
562 3448 721 3527 contrario,
744 3445 780 3505 ab
799 3447 936 3524 ingressu
956 3445 1077 3520 difficili,
1101 3445 1206 3506 similia
1225 3444 1364 3524 produnt,
1385 3447 1463 3505 sicut

157 3554 267 3614 aditum
291 3563 321 3614 et
344 3571 454 3631 pcvrvrm
477 3561 506 3612 ct
530 3550 691 3633 penetrale,
713 3570 749 3611 eo
774 3552 851 3630 quod
876 3552 949 3612 adiri
974 3563 1004 3613 et
1026 3555 1177 3632 penetrari
1200 3571 1268 3612 raro
1292 3551 1394 3612 soleat.

117 3675 145 3715 so
248 3659 381 3738 Largitas
403 3659 595 3719 humanitatis
618 3666 673 3739 est,
696 3658 811 3737 largitio
835 3657 1013 3719 ambitionis.
1351 3656 1357 3665 '

244 3893 259 3939 1
279 3887 314 3942 do
333 3883 432 3940 alienis
447 3924 453 3936 .
466 3925 488 3936 ..
509 3883 662 3938 amicorum
681 3885 769 3938 ἀεοεηε
786 3886 843 3951 fere
861 3885 959 3938 litteris
974 3889 1038 3953 post
1057 3884 1156 3940 alienis
1174 3886 1268 3940 deletis
1286 3886 1329 3951 M,
1343 3885 1378 3939 de
1393 3883 1463 3938 ami·

155 3984 251 4022 corum
269 3967 297 4020 Β
369 3964 475 4020 adicit
493 3981 543 4018 om.
562 3965 603 4029 B,
621 3966 685 4019 add.
707 3965 764 4022 Με
836 3967 938 4037 neque]
960 3968 1016 4022 Cic.
1036 3970 1067 4022 in
1090 3968 1167 4023 Verr.
1187 3972 1240 4024 cet.
1256 3984 1302 4036 pr.
1323 3972 1351 4032 8,
1369 3970 1406 4020 21

155 4048 214 4099 tam
233 4062 322 4103 (επις
410 4044 524 4114 perditi]
550 4044 624 4114 pditi
644 4046 682 4098 Μ
769 4052 895 4116 3qnam
913 4047 1006 4115 (huius
1026 4049 1090 4102 odd.
1110 4051 1137 4114 ς)
1156 4047 1276 4101 hominis
1296 4043 1463 4114 amplissimi

154 4140 228 4179 noua
251 4125 405 4195 gratulatio
428 4123 536 4179 diuitiis
555 4140 619 4178 eum
638 4126 835 4181 commonebat
855 4127 891 4179 M
895 4142 912 4184 ς
932 4127 1060 4194 quamuis
1078 4127 1199 4182 bominis
1217 4142 1291 4181 noua
1309 4122 1462 4194 gratulatio

155 4205 349 4261 commonebat
367 4221 430 4260 eum
449 4206 476 4257 Β
549 4204 725 4259 oherbitum
744 4205 836 4260 locum
855 4207 882 4258 Β
951 4206 1162 4261 tconsueuerit
1180 4206 1207 4258 B
1226 4203 1372 4260 consueuit
1391 4202 1428 4255 Μ

154 4289 270 4354 generet
292 4284 403 4339 etiamsi
426 4287 556 4354 atempns
578 4284 687 4339 aridum
706 4285 744 4341 sit
770 4287 810 4340 sio
827 4285 995 4354 aquatitiam
1015 4288 1042 4339 Β
1133 4296 1148 4343 7
1168 4289 1301 4355 aquatam
1319 4281 1462 4351 potionem

155 4370 230 4422 recto
244 4365 363 4420 dicimus
381 4381 452 4434 quae
468 4383 570 4435 aquam
585 4366 697 4420 aliunde
712 4366 831 4436 recipiat
844 4367 924 4419 Beda
933 4381 963 4432 p.
979 4370 1064 4421 2773.
1088 4368 1204 4433 sortasse
1218 4365 1352 4434 aquatam
1370 4359 1461 4429 potio-

155 4463 266 4501 nem-
283 4446 390 4515 recepit
451 4445 572 4515 recipiat
589 4445 616 4499 Β
680 4448 851 4500 emersam
872 4444 909 4497 M
972 4452 1005 4498 10
1024 4446 1060 4499 ad
1079 4445 1171 4500 om.B
1237 4450 1268 4497 12
1289 4442 1363 4511 eam]
1384 4442 1461 4495 eaB

207 4527 365 4596 permanet]
386 4528 481 4580 manet
499 4526 526 4578 Β
586 4531 618 4579 13
638 4524 728 4580 aflicit
745 4523 844 4592 arripit
861 4523 888 4576 B
951 4524 1105 4594 reddenda]
1125 4523 1246 4578 tenenda
1264 4523 1291 4575 Β
1351 4521 1463 4576 uocales

155 4606 245 4661 omnis
264 4606 341 4661 uocis
359 4606 500 4675 principes
520 4607 586 4658 sunt
604 4621 620 4661 ς
676 4610 708 4658 18
727 4602 867 4672 imitatae]
888 4602 1004 4657 emitote
1023 4604 1051 4658 B
1115 4609 1149 4657 tu
1167 4605 1293 4658 tutentur
1312 4603 1349 4655 M
1366 4603 1464 4657 tuean-

36 4750 39 4754 A
153 4690 201 4742 tur
219 4687 266 4742 nal
284 4688 399 4741 tuentur
417 4686 444 4738 Β
494 4690 529 4739 20
548 4688 655 4753 etpost
673 4701 757 4755 supra
776 4701 825 4738 om.
845 4684 873 4736 B
923 4688 958 4736 21
977 4687 1022 4739 est
1035 4689 1099 4754 post
1117 4685 1214 4739 subter
1232 4702 1282 4739 om.
1297 4684 1324 4736 Β
1371 4688 1404 4736 22
1420 4685 1461 4754 re]

156 4783 185 4821 so
203 4767 231 4821 B
312 4773 345 4820 2³
365 4766 511 4820 dimissum
530 4766 557 4818 B
637 4780 693 4818 non
716 4764 844 4835 tangitur
861 4765 940 4819 Beda
954 4782 984 4833 p.
1004 4770 1079 4820 2801
1162 4771 1196 4818 26
1223 4763 1461 4834 pandentemque]

160 4845 238 4915 Verq.
258 4846 325 4900 Aeso.
352 4846 439 4899 Vm
457 4852 512 4901 712
590 4846 737 4900 uacantam
756 4845 784 4898 Β
860 4850 895 4898 28
914 4845 982 4916 dici]
1002 4844 1135 4899 damnum
1153 4845 1180 4898 Β
1260 4850 1294 4898 29
1314 4860 1346 4898 eo
1364 4860 1415 4899 om.
1434 4843 1462 4897 Β
