3316 5474
700 393 770 453 aas
789 392 1035 453 damnamus
1452 387 1517 463 389

213 496 371 555 pmmm

215 584 282 645 dico
306 586 388 645 lacio.
436 581 579 664 quaedam
602 585 748 645 dictiones
772 593 842 646 sunt
864 584 1028 665 simplices,
1055 593 1089 644 ut
1117 585 1206 666 lacio,
1233 583 1376 664 quaedam
1400 604 1517 666 compo·

216 695 303 773 sitae,
335 701 369 752 ut
397 693 530 753 conficio:
581 710 615 751 ex
646 693 818 772 compositis
846 691 1026 753 dictionibus
1054 692 1197 770 quaedam
1226 693 1302 753 liunt
1333 711 1369 752 ex
1402 692 1518 754 duobus

216 800 413 879 imperfectis,
446 807 479 859 ut
507 800 650 878 sinciput,
682 815 749 858 cum
781 797 971 877 intellegatur
999 807 1144 859 sematum
1177 808 1278 880 caput,
1310 799 1453 878 quaedam
1481 819 1516 860 en

216 906 392 986 imperfecto
407 916 437 967 et
451 908 581 985 integro,
604 915 637 966 ut
656 914 701 966 est
720 909 859 987 cismare,
883 925 942 986 quo
961 908 1145 986 significatur
1163 909 1236 968 citra
1256 926 1350 989 mare,
1373 908 1517 986 quaedam

176 1029 189 1068 a
216 1031 251 1073 ex
275 1015 392 1091 integro
415 1022 446 1073 et
468 1013 656 1094 imperfecto,
679 1023 712 1074 ut
736 1022 783 1074 est
800 1032 964 1097 cornucen,
988 1033 1056 1085 cum
1075 1014 1264 1095 intellegatur
1281 1031 1375 1075 cornu
1395 1033 1517 1096 canens,

216 1118 359 1198 quaedam
384 1138 419 1179 ex
443 1118 560 1180 duobrrs
583 1121 721 1200 integris,
744 1130 778 1181 ut
800 1130 847 1182 est
868 1119 1091 1203 omnipotens!
1568 1110 1573 1119 ⁸

710 1310 769 1377 DD
793 1311 1018 1381 ORATIONE

305 1458 406 1519 Oratio
434 1466 481 1518 est
507 1476 558 1517 ore
587 1444 694 1519 emissa
723 1468 753 1519 ct
780 1479 835 1539 per
862 1461 1007 1523 dictiones
1030 1462 1162 1523 ordinata
1191 1465 1406 1545 pronuntiatio,
1439 1463 1518 1524 velut

217 1566 278 1625 oris
297 1567 381 1626 ratio.
418 1566 561 1626 orationis
579 1573 680 1644 partes
698 1574 767 1626 sunt
786 1575 868 1649 octo,
891 1585 999 1628 nomen
1013 1586 1177 1648 pronomen
1192 1569 1315 1631 verbum
1329 1571 1516 1650 participium

177 1690 202 1729 ιο
216 1671 387 1733 adverbium
433 1673 612 1752 praepositio
658 1674 828 1734 coniunctio
879 1676 1060 1756 interiectio,
1106 1675 1281 1754 quibusdam
1327 1677 1442 1738 ridetur
1487 1686 1518 1737 et

216 1780 379 1860 appellatio.

736 1936 796 2003 DE
820 1936 995 2005 NOMINE

305 2082 418 2143 Nomen
446 2093 492 2144 est
520 2101 589 2163 pars
616 2086 758 2145 orationis
788 2103 857 2146 curn
890 2104 961 2146 casu
989 2088 1052 2147 siue
1081 2096 1215 2167 tempore
1243 2107 1306 2149 rem
1334 2087 1518 2169 corporalem

216 2197 270 2251 aut
302 2193 525 2268 incorporalem
557 2193 727 2272 significans
758 2196 878 2273 proprie
911 2197 1158 2272 communiterve:
1195 2197 1329 2276 proprie,
1361 2203 1395 2256 ut
1427 2195 1518 2256 Roma

307 2361 399 2416 Codex
417 2363 614 2434 Sangallensea.
665 2367 732 2420 σοι
754 2363 886 2435 εἰοοαροῖ
971 2365 1054 2420 nni}
1074 2366 1261 2423 ORATIONE
1280 2384 1331 2424 οιπ.
1419 2374 1451 2422 12
1470 2368 1518 2423 DE

217 2440 362 2497 NOMINE
382 2458 432 2496 om.
508 2449 540 2497 14
559 2447 609 2499 aut
626 2443 831 2516 incorporalem
848 2463 899 2502 om.
972 2447 1102 2517 propriae
1120 2448 1313 2504 communiter.
1337 2464 1371 2503 aa
1389 2447 1518 2519 propriae

252 2526 285 2578 nt
302 2528 366 2577 oute
383 2523 472 2578 Rom
491 2528 515 2577 et
534 2529 598 2578 onte
616 2523 716 2581 civitas
733 2542 784 2581 ονι.

305 2690 319 2738 7
341 2683 388 2737 DE
411 2682 611 2757 ORATIONE]
631 2702 686 2741 ecc.
707 2686 813 2741 θλιανίι.
828 2704 859 2756 p.
878 2692 959 2755 533‚1
980 2686 1086 2744 θλιοιίε.
1102 2705 1131 2758 p.
1147 2693 1249 2755 152‚10
1266 2688 1358 2743 Diona.
1373 2705 1404 2758 μ.
1418 2693 1518 2755 300,19

254 2770 285 2818 12
304 2764 353 2818 DE
372 2762 530 2836 NOMINE]
550 2783 606 2820 cxc.
626 2766 732 2822 maria.
747 2785 778 2836 p.
798 2772 882 2838 533,6
902 2768 1009 2825 Choria.
1024 2787 1055 2839 p.
1074 2774 1179 2836 152,16

214 2958 303 3037 τινες
334 2961 437 3040 λέξεις
469 2962 555 3030 είσλν
583 2960 700 3049 ἀπλαῖ,
729 2960 777 3044 ὥς
805 2962 844 3033 τό
925 3016 935 3050 ,
971 2965 1060 3046 τινὲς
1096 2964 1260 3035 σύνθετοι
1346 3021 1353 3034 .
1385 2968 1421 3035 ἐκ
1452 2970 1520 3034 τῶν

217 3065 392 3133 συνθέτων
422 3071 544 3150 λέξεων
571 3096 659 3150 τινες
686 3076 837 3157 γίνονται
865 3073 902 3140 ἐκ
929 3071 992 3140 δύο
1015 3070 1280 3159 ἀπολειπόντων,
1309 3071 1353 3153 ὡς
1381 3072 1419 3141 τὸ
1446 3071 1520 3160 ἡμι-

216 3173 375 3258 κὲφαλον,
403 3175 503 3247 ὁπότε
534 3191 660 3245 νοεῖται
687 3174 820 3264 ἡμίσεια
847 3178 991 3266 κεφαλή·
1023 3179 1111 3260 τινὲς
1140 3182 1174 3263 ἐξ
1201 3177 1441 3261 ἀπολείποντος
1463 3182 1519 3248 καὶ

215 3294 344 3356 τελείου
421 3338 430 3372 ,
463 3276 489 3378 ᾧ
522 3289 717 3372 σημαίνεται
748 3284 841 3366 ἐκτὸς
867 3285 1056 3372 θαλάσσης·
1092 3287 1198 3368 τινὲς
1233 3289 1269 3356 ἐκ
1305 3294 1434 3356 τελείου
1464 3288 1521 3356 καὶ

190 3392 471 3478 οάπολείποντος,
496 3390 539 3473 ὡς
562 3390 599 3460 τὸ
623 3389 842 3479 κεραταόλης,
866 3389 965 3461 ὁπότε
988 3408 1114 3463 νοεῖται
1133 3392 1151 3463 ὅ
1170 3397 1282 3483 ιιίρατι
1303 3394 1410 3486 ᾅδων·
1432 3393 1521 3476 τινὲς

216 3504 253 3571 ἐκ
276 3501 339 3570 δύο
363 3505 506 3569 τελείων.
527 3507 532 3580 Ι

723 3665 838 3728 ΠΕΡΙ
858 3665 1017 3729 ΛΟῙῸῩ

307 3794 416 3880 Λόγος
448 3795 539 3862 ἐστίν
567 3791 730 3880 στόματος
762 3790 929 3880 ἀφεθεῖσα
958 3795 1013 3862 καί
1042 3791 1098 3862 διὰ
1126 3797 1248 3877 λέξεων
1275 3797 1520 3884 συντεταγμένη

218 3901 420 3988 ἐκφωνησις,
449 3895 523 3968 οἷον
548 3903 610 3984 [ἐκ]
635 3898 798 3987 στόματος
820 3899 980 3988 λογισμὸς
1002 3897 1023 3988 ἢ
1048 3899 1156 3989 λόγος.
1201 3902 1411 3991 λόγουμέρη
1436 3903 1521 3970 είσλν

180 4038 206 4076 ιο
221 4006 319 4092 ὀκτώ,
343 4006 450 4095 ὄνομα
472 4005 666 4095 ἀντωνυμία
695 4010 783 4095 ῥῆμα
811 4005 931 4095 μετοχὴ
960 4009 1124 4098 ἐπίρρημα
1152 4009 1313 4098 πρόθεσις
1336 4009 1522 4096 σύνδεσμος

220 4119 435 4204 παρένθεοις·
458 4117 546 4182 τισὶν
571 4115 608 4182 δὲ
632 4116 801 4183 δοκεῖκαὶ
823 4121 1040 4203 προσηγορία.

666 4316 780 4378 ΠΕΡΙ
810 4316 975 4380 ONOMA
984 4318 1079 4380 ΤΟΣ

298 4435 425 4524 Ὀνομά
454 4437 544 4503 ἐστιν
572 4435 672 4522 μέρος
699 4434 804 4523 λόγου
831 4433 912 4522 μετὰ
942 4435 1096 4516 πτώσεως
1124 4435 1207 4504 ἀνευ
1234 4435 1361 4525 χρόνον
1388 4440 1522 4524 πράγμα

220 4543 413 4630 ἐνσώματον
436 4539 456 4629 ἢ
480 4541 694 4629 ἀσώματον
713 4556 880 4629 σημαῖνον
897 4551 1022 4631 κυρίως
1039 4540 1059 4630 ἢ
1080 4547 1173 4623 totae
1191 4539 1211 4630 ἢ
1230 4548 1365 4630 κοινῶς,
1389 4550 1522 4630 κυρίως,

309 4726 464 4776 laudaret
545 4724 691 4776 nanneto
771 4720 882 4784 4τινὲς
900 4738 950 4777 om.
1032 4727 1269 4786 ὅαπολειποντος
1292 4726 1324 4778 nt
1346 4728 1361 4778 ῖι
1385 4740 1522 4779 cornucen
1602 4740 1608 4746 ·

220 4818 282 4854 cum
302 4799 484 4871 inlellegalur
502 4820 694 4857 anormalam
713 4817 797 4856 cornu
816 4818 918 4858 omens
932 4807 1105 4872 κεραταολης
1119 4822 1134 4858 ο
1149 4805 1313 4873 aequandus
1385 4811 1402 4858 a
1421 4805 1523 4858 ειδοοο

256 4888 272 4934 8
292 4899 414 4951 οτοματα
434 4885 558 4950 φεθεισα
632 4888 663 4936 12
684 4884 777 4937 ΠΕΡΙ
794 4884 1013 4939 ΟΝΟΜΑΤΟΣ
1028 4900 1080 4941 om.
1152 4889 1186 4938 14
1203 4877 1222 4954 ἣ
1240 4878 1392 4955 ἀσώματον
1409 4900 1460 4940 ont.
