3316 5474
226 353 268 417 14
710 354 887 409 ΤΕΒΕΝΤΠ
906 352 1038 408 SCAVRI

219 454 394 502 amma

219 546 383 618 γραφεῖον
397 547 427 600 ct
446 538 540 599 salum
554 530 658 600 σάλον
682 548 711 600 et
735 541 848 600 similia.
885 559 902 599 1
925 538 1021 601 littera
1037 547 1160 617 cognata
1174 547 1219 600 est
1232 557 1300 600 cum
1315 558 1331 602 c
1345 549 1375 603 et
1393 559 1425 621 g,
1444 539 1522 619 quod

217 635 1518 728 Qmfflmmmmmemmmwmfflmfflmffl

220 769 287 812 mus
318 750 393 813 lucis¹
426 760 457 812 et
486 751 568 831 legis.
621 750 640 810 b
672 770 739 812 cum
770 771 788 831 p
820 760 850 812 et
880 771 908 812 m
939 754 1100 832 consentit,
1138 755 1277 831 quoniam
1307 755 1390 833 origo
1421 772 1522 814 earum

220 876 279 918 uon
303 861 367 920 sine
391 858 490 919 labore
515 861 673 919 coniuncto
697 877 748 918 ore
782 859 950 939 respondet
996 878 1012 919 a
1040 877 1098 938 quo
1127 876 1216 937 quem
1239 859 1344 921 Graeci
1367 859 1523 940 Πυρρίαν

220 983 275 1026 uos
298 964 446 1046 Byrriam,
469 974 499 1026 et
522 978 610 1045 quem
634 983 688 1026 nos
706 964 833 1044 Pyrrum
857 967 970 1051 antiqui
992 963 1121 1025 Burrum
1146 974 1175 1025 et
1198 965 1341 1027 Palatium
1362 969 1523 1041 Palatium,
1551 976 1564 1016 ⁵

220 1072 291 1132 item
316 1071 496 1133 Publicolam
520 1070 712 1151 Poplicolam:
743 1074 775 1131 et
797 1071 845 1131 alii
869 1072 1048 1153 scamillum,
1075 1070 1124 1131 alii
1152 1071 1305 1133 scabillum
1328 1072 1446 1134 dicunt:
1474 1081 1525 1133 aut

221 1195 288 1237 cum
309 1176 345 1236 ab
365 1177 467 1240 eadem
485 1195 557 1237 soce
577 1176 651 1237 darae
671 1179 849 1258 gignuntur,
867 1186 901 1238 ut
919 1177 955 1239 ab
974 1197 1010 1238 eo
1030 1176 1110 1256 quod
1129 1187 1175 1238 est
1196 1182 1336 1259 princeps
1355 1188 1385 1239 et
1408 1177 1524 1239 caelebs

219 1285 363 1362 principis
393 1290 423 1343 et
452 1282 584 1362 caelibis,
612 1301 667 1343 nec
695 1285 793 1343 minus
820 1301 837 1342 c
865 1287 1014 1345 contrario
1042 1286 1074 1344 in
1102 1284 1214 1365 verbm,
1241 1304 1308 1346 cum
1332 1304 1352 1345 a
1381 1303 1470 1364 carpo
1494 1293 1524 1344 et

220 1389 318 1450 scribo
342 1391 439 1469 carpsi
462 1396 493 1449 et
516 1391 622 1468 scripsi
646 1390 833 1468 proferimus.
875 1409 892 1450 c
918 1392 1122 1469 cognationem
1146 1391 1235 1452 babet
1258 1411 1325 1453 cum
1349 1411 1380 1472 g,
1404 1399 1434 1451 et
1457 1391 1523 1450 ideo

220 1497 268 1558 alii
287 1496 390 1557 dicunt
408 1513 575 1574 gaunacen,
599 1494 646 1556 alii
667 1515 833 1578 caunacen,
857 1498 929 1558 item
948 1489 1103 1559 camellum
1122 1498 1287 1578 gamelium.
1324 1517 1392 1558 cum
1411 1517 1430 1576 χ
1449 1507 1561 1576 quo-10

220 1623 278 1682 que
306 1622 411 1682 graeca
439 1603 536 1663 littera
560 1605 721 1665 consentit:
750 1604 828 1665 unde
852 1605 970 1683 quidam
993 1623 1147 1686 coronam,
1176 1624 1234 1666 non
1264 1605 1337 1666 nulli
1364 1604 1522 1665 choronam

220 1711 368 1771 dixerunt.
404 1709 423 1769 k
448 1710 566 1788 quidam
586 1727 798 1789 supervacuam
818 1729 883 1770 esse
907 1710 1035 1771 litteram
1060 1712 1277 1794 iudicaverunt,
1300 1714 1438 1791 quoniam
1460 1712 1523 1770 ricc

220 1817 298 1877 illius
323 1817 405 1894 iungi
429 1818 501 1875 satis
524 1834 540 1875 c
564 1824 673 1894 posset.
720 1814 771 1875 seri
804 1823 917 1875 retenta
942 1824 1000 1896 est,
1028 1825 1062 1876 ut
1089 1817 1207 1895 quidam
1236 1825 1356 1897 putant,
1385 1820 1523 1895 quioniam

222 1931 307 1984 notas
326 1921 466 2000 quasdam
486 1921 678 2001 significaret,
702 1929 735 1980 ut
753 1920 917 1980 Kaesonem
937 1931 966 1981 et
985 1922 1077 2001 kaput
1096 1934 1126 1983 et
1147 1923 1325 1984 kalumniam
1345 1923 1351 2000 Ι
1371 1932 1402 1983 et
1424 1923 1522 1982 kalen-

220 2025 1563 2108 msmmfflmmmmmmmmffimmffimmwwmmmffl

222 2155 238 2196 a
262 2134 360 2194 littera
384 2131 589 2208 subiungeuda
612 2142 690 2214 crat,
712 2133 851 2211 quoniam
874 2132 975 2193 multis
997 2133 1147 2194 vocalibus
1170 2133 1361 2214 instantibus,
1385 2137 1523 2213 quotiens

310 2311 324 2358 7
344 2304 473 2374 princeps
487 2320 519 2371 p.
538 2307 585 2372 21,
603 2308 629 2357 9.
648 2307 697 2369 27,
716 2307 750 2356 11

308 2471 322 2518 1
343 2463 508 2518 ΓΡΑΦΗΙΟΝ
528 2462 555 2515 Β
631 2464 664 2516 ut
682 2462 771 2517 salum
791 2457 876 2517 critas
895 2465 925 2518 et
942 2463 1045 2519 similia
1065 2464 1119 2517 Pa
1137 2465 1170 2518 ut
1187 2465 1278 2517 salum
1296 2466 1375 2520 salon
1394 2484 1474 2535 grece
1494 2470 1523 2521 et

217 2544 347 2600 similiter
364 2543 392 2597 B
464 2544 586 2612 cognota
606 2542 634 2594 P
704 2543 748 2595 est
766 2558 829 2595 curn
847 2558 897 2596 orn.
911 2542 1000 2595 ΒΡω
1072 2544 1148 2613 quod
1166 2544 1263 2613 lingua
1277 2545 1389 2600 sublata
1408 2546 1522 2614 paulum

217 2626 271 2679 hae
289 2624 421 2679 dicuutur
435 2640 540 2692 parram
558 2627 626 2676 recte
644 2623 678 2675 ate
695 2639 711 2676 c
729 2627 754 2676 st
771 2640 792 2691 g
809 2624 908 2678 titionis
925 2626 1001 2678 dicta
1017 2629 1092 2677 aaut.
1119 2624 1166 2678 aad
1184 2622 1241 2677 det
1257 2625 1271 2676 t
1288 2625 1442 2678 litterarum
1456 2642 1522 2695 pro-

217 2704 418 2758 nuntiationem
435 2705 562 2758 airniliter
579 2704 780 2770 campserunt
800 2701 982 2758 Terentianus
999 2709 1093 2758 11199
1112 2720 1167 2772 sqq.
1186 2708 1211 2755 ct
1231 2704 1346 2757 Marius
1365 2703 1523 2758 Victorinus

213 2801 244 2852 p.
260 2783 304 2848 34,
323 2788 369 2839 24.
398 2800 484 2850 qnare
501 2783 648 2838 ommuni
666 2799 704 2836 an
722 2782 788 2834 baec
804 2797 865 2834 cum
883 2784 920 2836 iia
937 2801 1007 2852 quae
1023 2800 1111 2852 supra
1129 2785 1162 2837 aa
1179 2784 1223 2836 bis
1241 2784 1339 2836 litteras
1357 2785 1447 2838 alieno
1466 2786 1522 2838 ioco

216 2864 320 2932 scripta
337 2867 403 2915 aunt
422 2864 486 2918 otim
504 2864 651 2916 coniuncta
669 2866 772 2928 etpost
788 2861 860 2915 banc
877 2863 1090 2930 disputationem
1108 2864 1141 2917 de
1158 2881 1177 2915 x
1195 2863 1287 2915 littera
1302 2863 1394 2929 posita
1417 2864 1523 2928 fuerim

216 2943 248 2996 in
270 2943 343 2995 burte
364 2942 421 3008 scre
443 2943 564 3007 numum,
587 2941 657 2994 item
680 2940 776 2993 dett
799 2944 935 3009 cognatae
958 2946 1037 3013 sunt,
1053 2941 1141 3013 'quod
1163 2943 1261 3011 lingua
1279 2941 1391 2996 sublata
1407 2942 1522 3010 paulum

1232 3026 1267 3062 est

217 3062 271 3129 baie
289 3073 432 3143 dicuntur,
451 3075 484 3128 ut
501 3073 599 3127 attulit
613 3077 641 3127 et
659 3072 762 3127 attinet
779 3075 855 3142 tpro
870 3073 888 3125 d
906 3075 1056 3130 substituto
1128 3083 1144 3129 2
1164 3075 1239 3144 quod
1257 3074 1305 3128 lux
1318 3073 1346 3127 Β
1417 3081 1433 3128 3
1453 3075 1523 3128 lucis

218 3158 248 3212 et
266 3155 337 3227 lagia
358 3156 410 3209 Pa
429 3154 501 3210 lucis
519 3154 591 3224 legis
610 3154 637 3207 B
723 3154 753 3207 et
770 3153 810 3224 m]
830 3152 915 3208 etiarn
934 3174 956 3207 n
1042 3157 1150 3228 aarum]
1170 3172 1266 3210 eornm
1284 3155 1338 3207 Βω
1358 3171 1476 3222 quorum
1497 3155 1524 3206 P

271 3243 288 3290 4
307 3234 484 3292 coniuntione
499 3234 644 3303 respondit
658 3248 675 3286 a
689 3239 799 3301 qaoque
818 3233 894 3302 greci
906 3232 1054 3297 ΠΥΡΡΙὸΝ
1071 3252 1121 3292 nos
1134 3235 1259 3305 byrriam
1277 3235 1306 3287 Β
1328 3234 1524 3288 coniunctione

216 3317 347 3388 respondi
366 3334 384 3372 a
402 3333 458 3386 quc
477 3331 561 3382 quem
580 3313 656 3382 greci
674 3312 777 3366 ΠΥΡΡΙ
797 3312 841 3366 An
863 3314 950 3368 nostri
972 3316 1103 3385 byrrianr
1117 3317 1145 3369 P
1166 3313 1362 3370 coniunctione
1385 3313 1483 3368 reuelli
1507 3331 1524 3367 a

219 3414 362 3467 quoquam
379 3396 487 3465 potest,
507 3391 606 3446 Graeci
620 3393 741 3459 πυρρίαν
754 3393 843 3447 nostri
860 3393 984 3462 byrriam
1003 3416 1033 3450 n.
1062 3397 1251 3450 comestionem
1264 3394 1395 3464 praebuit
1410 3393 1524 3446 Marius

223 3477 382 3532 Victorinus
396 3492 425 3544 p.
438 3479 483 3539 18,
493 3477 537 3538 11,
555 3471 623 3525 item
642 3473 825 3526 consonantes
844 3472 918 3528 inter
932 3491 961 3529 se
978 3476 1090 3546 proprie
1108 3478 1173 3530 sunt
1190 3477 1328 3546 cognatae
1347 3490 1419 3543 quae
1438 3474 1523 3528 simili

219 3556 439 3628 configuratione
462 3551 517 3607 oris
540 3551 683 3617 dicuntur,
706 3551 739 3603 ut
761 3553 826 3604 sunt
843 3552 862 3605 b
880 3552 894 3605 f
909 3571 937 3605 m
956 3571 975 3622 p
1084 3561 1099 3608 5
1123 3557 1153 3610 at
1175 3571 1258 3624 quem
1280 3571 1395 3624 pyrrum
1413 3552 1522 3620 antiqui

218 3638 333 3706 byrrum
351 3635 438 3688 ΒΡω
462 3636 492 3687 et
513 3646 596 3699 quem
615 3630 733 3682 Parrum
751 3630 862 3699 antiqui
880 3631 999 3687 Burrum
1019 3634 1167 3689 Patrobios
1252 3637 1281 3689 et
1298 3631 1435 3702 palatium
1452 3630 1521 3683 item

220 3716 392 3787 publicolam
408 3711 580 3783 poplicolam
597 3710 626 3762 Β
645 3711 674 3763 et
696 3710 832 3779 palatium
855 3711 924 3766 item
942 3712 1055 3781 publico
1073 3714 1168 3784 lampa
1186 3713 1320 3783 plicolam
1340 3712 1368 3765 P
1383 3710 1521 3779 palatium

217 3796 286 3852 item
304 3794 492 3861 Publicolam,
510 3789 684 3846 Bcblicolam
703 3811 733 3844 n.
762 3791 796 3857 cs.
818 3790 898 3846 Vara.
917 3791 950 3845 de
968 3792 986 3844 t.
1000 3793 1017 3846 i.
1038 3791 1065 3845 V
1076 3798 1112 3847 53
1130 3793 1226 3863 itaque
1245 3792 1367 3847 Naevius
1380 3790 1521 3844 Baletium

219 3877 345 3947 appellat
417 3881 433 3928 6
452 3875 482 3928 et
495 3871 545 3926 alii
559 3871 716 3925 scamillum
730 3869 780 3924 alii
794 3869 941 3924 scabillum
955 3870 1017 3923 BP
1033 3871 1083 3926 alii
1102 3873 1249 3942 scapillum
1263 3872 1312 3927 alii
1330 3869 1476 3926 scabillum
1491 3889 1520 3923 ω,

218 3957 372 4012 scabellum
396 3954 485 4009 Varro
503 3955 536 4007 aa
554 3952 599 4006 tl.
616 3950 718 4017 VIGS,
736 3949 900 4004 scamellum
920 3950 1084 4007 Priscianus
1102 3955 1119 4008 1.
1135 3954 1199 4006 ΙΙΙ
1211 3970 1241 4021 p.
1251 3957 1342 4017 111‚1
1416 3950 1521 4003 7duae

218 4036 248 4092 in
267 4053 300 4092 ae
319 4036 472 4108 gignuntm
491 4034 543 4086 Pro
630 4031 722 4086 celebs
742 4031 805 4083 BP
888 4037 905 4083 8
924 4031 1021 4087 celibis
1041 4033 1069 4086 P
1086 4033 1189 4088 celabis
1207 4032 1235 4085 Β
1320 4047 1338 4084 a
1355 4035 1418 4084 ante
1437 4045 1521 4098 carpo

217 4134 267 4172 orn.
286 4117 375 4171 ΒΡω
465 4119 481 4167 9
506 4111 609 4182 carpsi]
633 4110 705 4165 carsi
729 4110 757 4163 P
847 4116 879 4164 10
902 4128 1056 4180 gaunaomn
1075 4114 1147 4180 (cem
1165 4128 1219 4166 ras.
1239 4111 1276 4180 Β)
1298 4109 1347 4165 alii
1371 4124 1522 4164 caunacem

217 4198 315 4253 ΒΡω.
343 4209 519 4267 gannacuma
541 4192 624 4245 codsa
648 4190 782 4244 Varronis
805 4190 838 4243 cic
856 4192 872 4245 i.
893 4192 910 4246 i.
936 4192 961 4244 V
977 4198 1033 4247 167
1128 4191 1277 4247 camellum
1300 4190 1451 4260 gamelium
1470 4189 1520 4242 ΗΖ

219 4268 379 4348 ᾳηοᾳιιθΒ
403 4274 552 4329 camellum
576 4270 710 4326 camellus
734 4270 781 4322 ha
804 4288 915 4339 qnoque
939 4274 968 4326 P
989 4273 1125 4328 camelam
1151 4272 1291 4342 gamalam
1314 4272 1339 4324 Κ
1362 4287 1473 4339 quoque
1499 4290 1520 4321 ω

113 4388 125 4403 ι
219 4358 357 4413 camelum
376 4355 517 4426 gamelurn
536 4352 560 4406 X
580 4367 691 4420 quoque
711 4351 860 4407 Putscbins
929 4360 959 4407 11
980 4353 1054 4408 unde
1072 4352 1187 4422 quidam
1202 4352 1256 4404 Por
1274 4351 1347 4405 unde
1366 4349 1479 4418 quidem
1493 4350 1520 4402 Β

268 4435 430 4505 choronam]
446 4435 581 4488 koronam
596 4452 617 4484 ω
691 4438 723 4485 12
743 4435 831 4490 Kana.
849 4434 916 4502 Pro,
935 4435 998 4489 add.
1013 4432 1041 4486 Β
1113 4448 1314 4502 superuacuam
1332 4446 1392 4485 ease
1409 4429 1520 4483 literam

217 4516 412 4570 iudicauerunt
430 4535 451 4568 ω
471 4529 674 4584 superuacuum
688 4531 748 4570 esso
766 4515 890 4571 litteram
908 4513 1103 4568 iudicauerunt
1118 4513 1146 4566 P
1162 4524 1361 4582 superuacuam
1375 4525 1435 4564 esse
1449 4508 1520 4561 iudi-

218 4599 352 4651 cauerunt
369 4595 396 4648 Β
469 4601 502 4650 13
521 4596 601 4666 fungi
620 4597 717 4652 satisc
735 4595 824 4668 possit
836 4595 863 4649 Β
882 4592 991 4662 suamc
1010 4592 1078 4647 satis
1097 4593 1193 4662 posset
1212 4592 1265 4644 Pu
1336 4590 1447 4643 retenta
1467 4587 1520 4640 Po

216 4730 333 4786 retanda
350 4729 377 4782 Β
473 4734 505 4782 14
524 4689 605 4785 nitas
622 4731 650 4782 Β
733 4732 762 4784 et
779 4729 880 4799 kaput]
899 4730 932 4781 ut
949 4726 1039 4794 kaput
1055 4724 1144 4778 ΒΡω
1227 4729 1259 4778 lb
1278 4723 1332 4778 bac
1349 4725 1445 4778 tamen
1466 4723 1519 4777 Ρω

217 4812 286 4866 haec
304 4813 399 4865 tamen
417 4808 444 4861 Β
516 4808 555 4863 ibi
574 4811 684 4863 tantum
706 4808 758 4862 Ρω
777 4811 887 4864 tantum
905 4807 946 4862 ibi
964 4807 991 4859 Β
