3316 5474
586 402 657 457 ARS
685 401 930 458 GRAMMATICA
1343 399 1407 463 ‘ill

107 503 262 550 amum

110 590 221 666 pariter
240 577 335 667 ὁμοῦ.
371 586 540 664 dubitandi,
566 588 627 647 lors
645 583 763 667 τυχόν,
788 589 910 648 forsitan
929 582 1032 667 τυχόν
1051 589 1145 664 ἴσως,
1169 588 1293 647 tortasse
1312 582 1411 666 τυχόν

111 695 205 772 ἴσως,
228 695 363 754 fortassis
380 687 494 774 τυχόν.
531 693 731 755 similitudinis
751 686 917 774 ἰσότητος,
939 697 978 754 ita
998 685 1117 771 οὕτως,
1136 694 1259 773 perinde
1279 684 1412 774 ὁμοίως,

111 820 165 862 eeu
193 793 361 881 καθάπερ,
391 801 513 880 perinde
542 820 575 860 ac
604 803 629 860 si
658 790 751 880 ὡσεί,
779 820 872 880 aeque
901 804 995 877 ἴσως,
1023 810 1056 861 ut
1090 791 1147 880 ως,
1180 804 1262 880 quasi
1291 791 1412 879 ὥσπερ,

111 908 357 987 quemadmodum
386 899 428 970 ὃν
454 902 595 986 τρόπον,
631 909 758 987 qualiter
785 899 922 986 ὁποίως,
951 907 1049 969 taliter
1076 901 1248 985 τοιούτως,
1277 906 1413 968 similiter

84 1006 250 1095 ὁὸμοίως,
273 1016 436 1095 aequaliter
460 1006 584 1096 ὁμοίως
607 1017 703 1093 ἴσως,
726 1018 805 1076 sicut
827 1006 954 1095 ὥσπερ,
981 1017 1053 1075 item
1076 1006 1213 1094 ὁμοίως,
1244 1034 1302 1075 non
1327 1031 1414 1074 secus

112 1111 173 1181 οὐκ
195 1112 321 1200 ἄλλως,
335 1142 404 1208 ,non
428 1123 513 1182 aliter
537 1113 599 1202 οὐχ
623 1116 756 1202 ἑτέρως,
780 1129 928 1201 tamquam
952 1112 1077 1201 ὥσπερ,
1101 1131 1191 1201 prout
1210 1114 1318 1199 ὡσάν,
1341 1120 1414 1180 adeo

113 1219 227 1300 οὕτως.
273 1230 453 1311 personalia,
477 1247 593 1290 mecum
616 1218 686 1309 μετ’
719 1223 817 1309 ἐμοῦ,
845 1237 945 1289 tecum
969 1220 1033 1290 σὺν
1056 1228 1125 1301 σοί,
1157 1229 1310 1290 nobiseum
1339 1218 1412 1308 μεθ’

112 1327 218 1415 ἡμῶν,
238 1334 389 1396 vobiscum
407 1326 484 1416 μεθ’
506 1325 614 1424 ὑμωγ,
634 1354 698 1396 mea
717 1344 767 1396 tua
786 1326 826 1396 τὰ
844 1326 921 1416 ἐμά,
944 1326 985 1395 τὰ
1005 1327 1062 1413 σά,
1086 1345 1187 1396 nostra
1204 1327 1244 1399 τὰ
1263 1327 1415 1416 ἡμέτερα,

113 1451 210 1503 vestra
228 1435 268 1503 τὰ
287 1433 441 1525 ὑμέτερα,
465 1461 567 1503 secum
586 1435 663 1523 μεθ’
685 1437 805 1505 ἑαυτοῦ
824 1433 901 1524 μεθ’
923 1436 1059 1503 ἑαυτῶν.
1096 1442 1247 1524 hortandi,
1269 1433 1416 1519 helesin,

74 1564 100 1603 1o
114 1567 166 1627 age
199 1542 273 1628 ἄγε,
306 1549 430 1629 agedum
460 1542 519 1629 ἄγε
552 1543 594 1629 δή
618 1597 625 1611 .
648 1548 841 1630 compellandi
865 1541 1149 1631 προσφωνήσεως,
1180 1548 1254 1610 heus
1282 1541 1308 1611 ὥ
1337 1539 1417 1629 ὠή.

113 1657 326 1738 respondendi,
350 1657 408 1718 lreu
429 1705 435 1718 .
455 1656 589 1738 optandi,
611 1658 723 1718 utinam
747 1658 821 1718 ebbe
843 1702 851 1718 .
874 1654 1065 1738 pmbibendi,
1088 1675 1125 1716 ne
1148 1648 1208 1736 μή,
1232 1675 1305 1717 neve
1328 1648 1417 1737 μήτε.

203 1763 311 1843 Figura
335 1767 364 1825 in
389 1764 549 1845 adverbiis,
572 1766 650 1824 sicut
673 1766 703 1824 in
727 1763 865 1824 omnibus
887 1761 1023 1843 partibus
1041 1765 1198 1843 orationis,
1221 1775 1272 1823 aut
1294 1763 1416 1843 simplex

115 1872 798 1951 mtuwmm,mtmmmmmussmmm
836 1868 1418 1950 mmmmMmmrmfflmdemm

116 1967 254 2055 quotidns
291 1977 502 2057 appellationes
539 1976 617 2037 unde
656 1986 811 2038 transeunt
848 1986 1072 2060 comparantur,
1109 1986 1142 2037 ut
1179 1977 1264 2038 docte
1301 1976 1419 2037 doctius

77 2083 301 2159 suauissima,
320 2083 398 2163 quod
417 2093 464 2143 est
482 2083 588 2144 doetus
607 2082 723 2143 doctior
741 2084 939 2145 doctissimus.
977 2086 1126 2164 recipiunt
1140 2092 1170 2144 et
1184 2084 1420 2165 diminutionem,

117 2199 150 2251 ut
174 2189 355 2251 meliuscule.
383 2190 529 2250 adverbiis
553 2189 692 2250 omuibus
711 2193 891 2271 praepositio
910 2193 1068 2271 separatim
1088 2191 1207 2270 adiungi
1227 2208 1286 2251 non
1305 2184 1418 2272 debetl

206 2296 311 2358 Omnia
339 2297 476 2358 adverbia
504 2316 578 2376 quae
603 2298 678 2358 liunt
701 2317 736 2358 ex
761 2296 1007 2378 appellationibus
1035 2317 1051 2358 a
1080 2297 1227 2358 secundae
1256 2300 1419 2377 tertiaeque

117 2405 322 2466 declinationis
347 2404 516 2465 nominibus
538 2412 714 2485 sumuntur,
736 2414 770 2465 ut
793 2423 809 2465 a
833 2403 930 2484 lepido
953 2404 1049 2486 lepide
1073 2414 1104 2466 et
1122 2424 1138 2464 a
1158 2408 1240 2466 suavi
1264 2407 1420 2492 stravitpr.

118 2511 254 2573 adverbia
283 2513 474 2573 inveniuntur
502 2530 556 2590 per
584 2531 600 2572 e
624 2511 813 2592 productam,
840 2510 891 2571 ubi
919 2513 1075 2589 genetivus
1104 2516 1133 2573 in
1162 2515 1170 2572 i
1199 2513 1320 2592 desinit,
1353 2531 1421 2572 cum

80 2619 1422 2699 wmmpmbemmmtmcfflmrmrm,mummmmnmquaem

120 2725 275 2805 prudenus
299 2725 488 2804 prudenter.
507 2726 698 2803 exequuntur
715 2743 731 2783 a
751 2723 882 2785 secundo
901 2723 1004 2784 ordine
1023 2724 1105 2805 haee,
1128 2744 1203 2805 quae
1226 2744 1284 2786 non
1304 2734 1422 2786 servant

121 2834 258 2906 formam,
281 2832 333 2892 sed
357 2831 543 2893 contundunt
566 2834 725 2913 rationem,
748 2830 844 2892 bonus
858 2838 889 2903 et
903 2829 998 2891 malus
1011 2849 1066 2910 per
1080 2850 1096 2891 e
1112 2841 1278 2911 correptam
1298 2832 1373 2893 bene
1393 2843 1423 2894 et

122 2939 210 3017 male3
239 2942 310 2999 item
333 2958 349 2998 a
373 2941 462 3000 tertio
485 2939 589 2999 ordine
613 2938 707 2999 facilis
730 2938 796 2999 vilis
824 2940 953 3017 impunis
981 2956 1103 3017 repens:
1132 2938 1203 2998 haec
1232 2942 1310 3000 enirn
1339 2940 1423 3000 facile

121 3046 177 3107 vile
202 3049 321 3126 impune
346 3054 468 3126 repente
493 3047 612 3106 iaciunt.
660 3043 824 3124 [sequitur]
854 3043 950 3104 solent
973 3044 1063 3124 aliqui
1093 3063 1249 3127 quaerere,
1278 3055 1359 3106 certe
1387 3064 1423 3105 an

81 3161 218 3231 ascerto,
246 3150 326 3230 quod
355 3150 426 3211 nibil
455 3152 567 3211 relerre
596 3153 733 3211 existimo
760 3197 768 3211 .
797 3152 907 3210 etenim
935 3153 1010 3211 ratio
1039 3153 1130 3230 exigit
1157 3161 1252 3232 certe,
1287 3153 1425 3213 vocalitas

123 3276 192 3318 vero
226 3267 326 3319 certo:
372 3257 442 3318 illud
475 3259 565 3336 igitur
597 3261 655 3319 erit
688 3259 824 3337 rationis,
856 3256 913 3317 boc
947 3257 1117 3318 vocalitatis.
1172 3259 1243 3319 illud
1276 3278 1346 3319 voro
1379 3268 1425 3320 est

122 3367 274 3446 vitiosum,
306 3365 385 3444 quod
418 3364 503 3425 multi
534 3363 651 3445 dicunt,
688 3365 810 3444 largiter
846 3363 974 3444 duriter,
1011 3366 1181 3443 ignorantes
1218 3369 1362 3426 rationem
1395 3374 1425 3426 et

124 3474 252 3533 nitentes
280 3474 467 3551 arroteritate,
496 3489 564 3532 cum
591 3481 622 3532 et
649 3471 691 3533 illi
719 3481 873 3551 auctores,
901 3473 951 3550 qui
980 3470 1072 3532 semel
1100 3471 1220 3550 largiter
1247 3491 1283 3532 ac
1311 3470 1426 3533 duriter

124 3577 276 3659 dixerunt,
299 3579 416 3657 saepius
440 3578 519 3656 large
544 3587 574 3639 et
590 3577 669 3639 ‘dure
693 3577 831 3639 dixerint.
877 3577 927 3637 sed
948 3596 1004 3639 nec
1023 3578 1079 3638 boe
1099 3587 1127 3638 te
1148 3580 1235 3638 debet
1253 3582 1426 3660 praeterire,

213 3767 303 3821 Codes
326 3768 524 3837 Sarrgullensie.
574 3775 590 3823 ἴ
610 3767 801 3823 similitudinis
823 3787 940 3832 ισοστως
962 3769 1078 3840 perinde
1101 3789 1203 3839 ομοιως
1227 3789 1278 3825 ceu
1300 3791 1427 3840 καταπερ

125 3850 269 3919 perindoes
287 3867 352 3903 ωσει
434 3853 619 3919 citamquam
642 3867 765 3918 ωςτοπερ
845 3851 915 3905 adeo
939 3869 1027 3913 συτως
1110 3849 1288 3904 lnobiaoum
1310 3852 1427 3918 μεθημα

125 3928 269 3983 uobiscum
289 3933 405 4000 μεθυμα
425 3933 504 3998 (corr.
520 3959 552 3968 -·
568 3932 621 3998 μω)
640 3945 703 3982 mea
720 3931 770 3983 tua
789 3947 842 4000 epu
862 3949 933 3984 τασα
951 3932 1046 3985 nostra
1066 3949 1188 3999 ημετερα
1264 3936 1281 3983 9
1300 3927 1358 4001 εἴα]
1379 3951 1427 3999 qao

162 4016 195 4063 10
213 4011 281 4064 heus
300 4030 321 4063 ω
341 4011 369 4065 ai
388 4030 428 4078 ωη
502 4016 533 4063 11
549 4008 656 4064 utinam
676 4011 738 4062 eolis
758 4012 810 4062 aba
882 4006 1051 4080 nepai]qu
1126 4017 1158 4064 13
1173 4013 1279 4064 estora.
1353 4027 1428 4063 oom-

125 4089 247 4158 positum
322 4097 354 4143 14
372 4090 554 4161 appellationi
628 4094 660 4142 19
678 4087 832 4160 genitivus]
847 4107 934 4159 genua
1005 4095 1040 4143 20
1056 4093 1086 4143 nt
1099 4089 1185 4143 mirus
1199 4088 1268 4143 mire
1282 4088 1427 4157 prudentis

126 4168 276 4238 prudenter
355 4176 389 4224 25
408 4170 495 4239 quod]
515 4169 583 4238 quid
664 4174 697 4222 26
716 4168 796 4239 voro]
819 4175 870 4221 u'fo
885 4170 981 4236 priore
998 4169 1055 4223 loeo
1135 4176 1168 4224 27
1188 4168 1320 4222 uitiorum
1392 4173 1427 4222 28

127 4249 288 4304 auctoritati
360 4256 394 4303 29
414 4250 461 4303 sed
480 4266 532 4303 nec
550 4249 604 4302 hoc
623 4251 651 4302 te
669 4247 803 4315 preterire
818 4249 893 4316 quod
909 4247 1031 4302 difficilis
1046 4266 1215 4317 quamquam
1231 4247 1269 4301 ait
1282 4253 1363 4316 comp
1377 4266 1428 4303 nec

127 4329 218 4383 facilis
236 4330 352 4384 loraitan
372 4348 422 4383 nee
442 4328 563 4383 diflicilia
582 4327 688 4383 racione
707 4327 833 4397 sequitur
851 4329 897 4381 sed
917 4330 1067 4396 utrumque
1086 4326 1217 4381 diffundit

214 4507 230 4553 2
249 4518 366 4562 ισουτως
383 4496 574 4552 similitudinis
595 4496 601 4568 Ι
620 4515 722 4567 operose
740 4495 830 4550 ueluti
850 4500 856 4567 Ι
874 4514 1001 4564 ausones
1019 4494 1133 4565 perinde
1153 4498 1158 4564 1
1179 4516 1244 4551 ucri
1268 4515 1319 4553 ceu
1339 4501 1344 4566 Ι
1363 4518 1430 4562 aroc

128 4597 216 4649 aeque
236 4580 272 4632 Μ
359 4583 375 4631 8
394 4594 458 4632 mea
484 4596 539 4646 εμα
563 4581 568 4646 l
592 4580 643 4631 tua
670 4595 742 4631 τασα
762 4580 767 4645 Ι
787 4594 837 4632 aua
860 4596 949 4630 ταυτα
971 4579 1093 4645 {nostra
1116 4595 1237 4648 ημεεερα
1258 4578 1263 4646 Ι
1282 4579 1377 4631 uestra
1394 4598 1429 4632 τα

54 4783 58 4788 ‚
97 4764 105 4783 ,A
128 4731 248 4781 υμετερα
268 4713 316 4779 Μ,
335 4714 384 4767 ubi
402 4730 452 4766 sna
470 4731 560 4766 tuoto
576 4717 670 4781 postea
688 4714 850 4782 interpositu
866 4717 931 4766 aunt
1004 4711 1119 4765 lubens
1136 4731 1166 4765 ω.
1186 4669 1220 4779 gip
1241 4712 1278 4765 M
1348 4718 1380 4765 11
1396 4729 1431 4765 ne

116 4793 306 4862 supinaque
325 4793 442 4861 μητεΜ
492 4798 523 4846 12
538 4791 654 4863 Figura]
671 4791 1231 4862 Obaria.p.18110:cf.Dimn.p.405,20
1281 4797 1314 4846 11
1330 4791 1431 4846 Omnia

129 4872 262 4926 adverbia
281 4902 312 4910 -
333 4878 413 4940 ttae
431 4872 564 4926 adverbia
582 4873 688 4927 Olearia
703 4890 734 4942 p.
753 4877 836 4939 tara
855 4894 862 4926 :
881 4873 914 4939 cf.
935 4872 1027 4927 Dium.
1042 4889 1072 4941 p.
1092 4876 1175 4939 106st

1160 4965 1217 5015 27*
