3316 5474
612 399 661 452 DE
681 389 969 452 ouillouuarffla
1400 398 1442 460 29

130 512 153 548 p.
172 500 264 540 asser.
1364 535 1369 544 .

133 585 234 664 siquid
265 584 407 663 exemplis
435 583 579 642 ‹leleeerit
608 583 653 642 vel
685 582 921 661 qrraestiouibus,
950 581 1154 658 subiuugetur.
1199 600 1265 641 uam
1295 581 1373 660 qrroel
1407 581 1441 640 ad

137 710 203 751 rem
228 693 352 751 maxime
375 693 515 772 pertinet,
541 690 671 775 regulam
696 691 785 750 vides.

684 884 895 892 ——.——-—-..-

225 1011 284 1072 Per
313 1031 343 1092 o,
371 1029 439 1072 cum
468 1010 640 1071 adverbium
670 1013 727 1071 erit
755 1012 911 1090 temporiS,
945 1017 978 1070 ut
1007 1005 1091 1070 ‘cerm
1120 1013 1234 1071 venerit
1261 1006 1443 1091 loquemur',

139 1114 224 1180 ‘eum
248 1118 328 1178 roles
351 1113 487 1197 ibimus’,
515 1112 599 1177 ‘cum
627 1119 750 1196 petieris
779 1112 882 1176 ieres'.
921 1116 969 1175 alii
997 1118 1054 1176 sic:
1082 1119 1221 1195 quotiens
1250 1138 1269 1178 ιι
1299 1121 1442 1197 sequitur,

108 1242 155 1304 aq
184 1220 368 1305 ponendum,
396 1232 429 1284 ut
456 1242 510 1303 per
538 1242 578 1301 qu
607 1231 636 1284 et
663 1243 689 1283 o·
708 1223 837 1285 litteram
860 1224 1030 1282 scribamus
1053 1242 1142 1300 quom
1172 1232 1201 1283 et
1229 1227 1337 1304 quoius
1360 1228 1443 1304 quoi,

135 1341 166 1392 at
196 1333 336 1410 quotiens
364 1339 481 1391 ceterae
509 1330 639 1410 vocales,
667 1329 696 1389 id
720 1338 766 1390 est
790 1349 806 1388 ε
830 1348 847 1388 o
871 1333 895 1411 i,
918 1348 934 1388 o
958 1329 1143 1410 ponendum,
1170 1339 1203 1391 ut
1227 1333 1349 1414 cecidit,
1373 1332 1442 1392 Cor·

136 1437 243 1517 aelius,
266 1439 381 1498 citatus.
853 1492 856 1498 .

226 1542 318 1605 Varro
337 1524 475 1603 adverbia
493 1518 605 1623 localia,
629 1561 704 1621 qtrae
724 1543 772 1603 alii
790 1541 963 1622 praeverbia
982 1551 1097 1622 vocant,
1116 1552 1257 1622 quattuor
1275 1564 1340 1604 esse
1360 1545 1441 1626 dicit,

137 1671 173 1712 ex
195 1653 226 1710 in
249 1650 285 1710 ad
309 1650 354 1710 ab.
391 1670 428 1710 ex
451 1639 549 1710 locum
573 1651 719 1729 siguificat
741 1650 820 1710 trude
843 1648 1026 1728 egredimur,
1050 1657 1084 1708 ut
1114 1668 1149 1710 ex
1173 1669 1254 1730 area3
1283 1654 1314 1711 iu
1342 1651 1440 1712 losum

98 1778 123 1817 io
137 1760 167 1817 in
191 1775 279 1835 quem
298 1759 417 1837 iuimuS,
440 1767 473 1817 ut
492 1759 522 1816 iu
542 1774 655 1835 aream3
679 1755 714 1815 ael
738 1756 835 1816 locum
859 1755 1003 1835 adquam
1026 1755 1150 1836 adimus,
1174 1766 1207 1818 ut
1230 1758 1266 1818 ael
1285 1760 1444 1837 parietem,

138 1863 174 1923 ab
192 1863 291 1923 locum
315 1882 414 1947 aquo
437 1862 631 1943 discedimuS,
660 1871 693 1922 ut
720 1862 756 1922 ab
779 1865 901 1942 pariete.
943 1861 1050 1921 borum
1078 1861 1444 1944 dirorum-adverbiorum,

137 1989 173 2031 ex
204 1980 234 2030 et
264 1970 314 2051 ab,
345 1950 525 2050 posteriores
554 1970 670 2030 litterar.
701 1969 797 2029 solent
828 1969 921 2050 demi,
951 1969 1021 2029 alias
1051 1978 1146 2048 reete,
1177 1970 1248 2030 alias
1280 1989 1444 2050 perperam.

138 2078 255 2156 quaudo
289 2096 360 2156 ergo
391 2097 441 2158 ex,
476 2076 594 2156 quaudo
627 2096 643 2135 e
673 2077 731 2136 dici
763 2084 911 2155 oporteat,
945 2095 980 2135 ex
1011 2076 1264 2154 consequentibus
1296 2077 1446 2138 vocabulis

138 2183 389 2244 animadvertitur.
427 2202 493 2245 natu
518 2186 542 2243 si
566 2183 594 2242 id
620 2181 698 2260 quod
723 2185 858 2260 sequitur
881 2182 1009 2243 litteram
1034 2182 1122 2243 babet
1140 2186 1265 2262 primam
1285 2187 1445 2246 semivoca-

99 2311 124 2350 ιι
139 2290 199 2351 lem
218 2298 269 2351 aut
288 2300 408 2370 mutam,
432 2309 448 2351 ε
467 2290 579 2351 dietum
599 2289 692 2349 levius
712 2288 868 2369 ridebitur,
888 2298 921 2350 ut
939 2308 955 2348 ε
974 2288 1065 2349 Gallia
1085 2298 1115 2350 et
1134 2310 1149 2350 ε
1169 2290 1283 2352 Tuscis.
1307 2295 1445 2371 quotiens

139 2415 210 2457 sero
234 2396 349 2456 vocales
373 2405 540 2474 sequuntur
564 2398 597 2455 iu
621 2414 656 2454 eo
680 2395 758 2473 quod
783 2397 933 2476 sequitur,
961 2414 1016 2455 ae
1041 2415 1058 2455 o
1082 2397 1245 2476 simplicem
1269 2407 1300 2459 et
1322 2398 1445 2459 eandem

138 2502 250 2563 babent
273 2505 430 2583 rationem,
460 2502 538 2581 quod
563 2521 598 2562 ex
622 2503 829 2582 praeponitur,
859 2511 892 2561 ut
915 2503 945 2561 iu
969 2501 1029 2582 his,
1052 2522 1088 2562 ex
1112 2521 1193 2578 aree,
1217 2524 1252 2564 ex
1277 2503 1386 2584 Eryco,
1409 2523 1444 2564 ειι

230 2699 246 2745 3
265 2710 315 2762 per
334 2709 394 2762 ep.
412 2696 461 2758 28,
481 2697 499 2747 6
571 2697 588 2746 8
607 2688 739 2745 adverbia
756 2689 860 2744 localia
872 2707 903 2760 p.
923 2693 967 2758 34,
986 2695 1004 2744 5

231 2870 243 2917 1
265 2862 448 2930 subiungebat
466 2880 488 2912 ω
506 2859 708 2929 subiungantur
721 2859 783 2912 BP
852 2865 867 2912 3
887 2876 937 2927 per
955 2877 970 2913 e
989 2876 1052 2915 cnm
1067 2861 1117 2915 Ρω
1136 2878 1187 2929 per
1201 2879 1218 2916 o
1232 2879 1295 2916 cum
1309 2863 1346 2920 Β.
1365 2882 1414 2933 pet
1429 2881 1445 2919 ο

140 2943 228 2998 ‘enm'
248 2941 410 2997 adverbium
431 2940 484 2994 erit
502 2941 650 3011 temporis,
669 2941 701 2994 ut
719 2957 803 3008 quom
822 2939 932 2993 uenerit
949 2940 1110 3011 loquemur,
1135 2959 1219 3010 quom
1239 2942 1317 2997 uoles
1335 2943 1446 2998 ibimus.

139 3041 225 3093 quom
251 3021 366 3093 petieris
388 3021 462 3077 feres
491 3021 625 3075 Usenerus
715 3025 731 3072 4
755 3035 818 3072 eum
840 3019 954 3088 petieris
972 3020 1000 3073 Β
1023 3039 1086 3075 enm
1108 3022 1224 3091 patieris
1244 3023 1295 3078 Ρω
1385 3025 1447 3096 alii]

140 3103 208 3157 abbi
228 3104 362 3159 l'senerua
416 3108 432 3156 a
451 3103 484 3155 nt
502 3117 552 3170 per
566 3115 621 3168 quo
635 3098 759 3152 litteram
775 3115 905 3166 mequom
920 3099 1032 3168 quoitus
1046 3102 1142 3169 quoin]
1158 3104 1194 3155 at
1208 3104 1336 3171 quotiens
1355 3108 1447 3176 cetere

139 3182 253 3237 noenles
272 3181 358 3237 id'eoo
377 3181 537 3254 ponendum
557 3179 584 3232 B
602 3179 636 3231 ut
653 3195 704 3247 per
721 3177 848 3232 litteram
867 3195 998 3247 mequom
1015 3183 1130 3249 tequom
1149 3184 1263 3249 quotins
1287 3184 1399 3252 quolme
1417 3187 1449 3238 at

140 3261 270 3331 quotiens
294 3265 403 3318 ceierae
425 3259 538 3316 uocales
562 3257 591 3310 id
616 3258 658 3310 est
676 3271 744 3310 eoo
767 3257 926 3326 ponendum
945 3258 972 3310 P
991 3260 1023 3312 nt
1044 3275 1094 3328 pet
1117 3262 1183 3329 (quo
1207 3262 1446 3332 esurientius)

138 3342 250 3397 literam
270 3360 415 3412 mequom,
433 3344 561 3409 tequom,
581 3339 696 3405 quotus,
720 3337 844 3406 quoties,
867 3337 1027 3405 aliquoties:
1051 3340 1081 3392 in
1099 3340 1217 3395 caeteris
1235 3342 1392 3410 annalibus,
1416 3343 1446 3396 id

141 3423 196 3490 est,
215 3439 284 3477 soe
300 3423 461 3496 ponendum
481 3440 502 3474 ω
522 3424 546 3472 et
565 3417 717 3471 Putacltius.
746 3417 868 3485 excerpta
887 3418 919 3471 (le
937 3436 956 3485 q
975 3418 1067 3472 littera
1085 3419 1227 3487 adscripta
1249 3421 1445 3475 incestasset.

136 3506 279 3568 praeterea
302 3503 424 3570 camptu
445 3517 463 3554 a
485 3498 599 3565 vocalis,
623 3500 685 3549 ante
712 3513 794 3564 quum
817 3497 837 3550 k
858 3498 943 3551 scribi
968 3500 1142 3566 psammatiei
1164 3500 1320 3566 volumus,
1348 3502 1447 3555 omusa

141 3587 214 3636 sumt.
242 3582 275 3634 nt
297 3597 347 3650 per
370 3597 425 3649 qno
448 3579 558 3633 litteras
582 3592 711 3644 mequom
736 3576 803 3643 quoi
821 3577 964 3645 Tusqnom
984 3576 1114 3631 dicimus:
1137 3580 1169 3632 at
1191 3580 1319 3647 quotiens
1339 3584 1446 3636 ceterae

141 3660 255 3715 noeales
281 3660 320 3732 [id
348 3665 391 3715 est
409 3678 424 3715 ε
439 3660 468 3729 o]
492 3655 688 3727 eponendum
711 3655 844 3710 Usenerus
952 3657 1016 3712 sid
1035 3660 1079 3712 eat
1096 3675 1114 3711 a
1127 3675 1142 3712 ε
1156 3658 1166 3712 i
1181 3675 1197 3713 e
1212 3691 1245 3700 -
1260 3663 1292 3714 nt
1310 3679 1327 3714 a
1346 3661 1449 3716 cecinit

141 3743 245 3796 lacum
263 3758 319 3809 qua
338 3756 357 3793 a
372 3740 475 3793 voculis
494 3737 643 3804 exemptum
661 3735 802 3788 excidisset
820 3736 947 3790 iudicata
962 3737 1169 3793 ll'ilmonusius.
1197 3741 1297 3794 restim
1315 3741 1448 3796 essemus

141 3821 170 3876 id
189 3823 234 3875 est
251 3837 297 3874 eo
315 3820 437 3885 seclusit,
455 3835 524 3887 quae
542 3818 640 3871 addita
657 3832 711 3870 esse
728 3817 869 3881 videntur,
883 3821 1029 3885 postulatam
1042 3834 1075 3872 ea
1092 3835 1161 3886 quae
1178 3820 1212 3872 de
1229 3837 1247 3874 a
1264 3823 1353 3875 vocali
1366 3828 1448 3877 antea

141 3901 248 3969 scripta
265 3905 344 3953 eraut
362 3899 461 3952 omaso
478 3901 544 3950 arent
641 3893 785 3949 Cornelius
804 3895 855 3947 Pn
880 3897 973 3950 cornel
991 3896 1018 3948 Β
1117 3897 1201 3951 salii
1221 3898 1271 3953 Ρω
1295 3901 1345 3955 alii
1364 3945 1371 3957 .
1390 3920 1448 3957 maa

142 3980 235 4034 littera
252 3980 339 4034 deleta
356 3979 383 4032 B
402 3977 483 4047 (alibi
500 3977 586 4043 fuisse
603 3975 692 4028 εἱειιιη
710 3980 747 4028 est
768 3978 881 4044 Hapsus
895 3981 920 4029 et
939 3975 1074 4044 Usenero).
1094 3976 1163 4030 alibi
1181 3981 1347 4046 praeuerbia
1365 3985 1448 4037 necat

147 4058 288 4114 Usenero.
316 4059 480 4128 praeverbia
498 4057 571 4110 dixit
595 4054 684 4108 Varro
702 4056 735 4108 <te
753 4055 770 4110 l.
786 4055 804 4107 l.
824 4055 850 4105 V
850 4057 870 4107 Ι
887 4060 924 4109 38
942 4061 1045 4124 etpost
1067 4058 1140 4111 bunc
1157 4059 1221 4124 atti,
1240 4077 1306 4128 quos
1323 4062 1448 4117 Scaurus

141 4141 249 4194 videtur
266 4145 373 4194 amatus
391 4156 457 4194 esse:
476 4139 511 4205 cs.
530 4137 598 4191 Gall.
615 4136 661 4189 VI
674 4142 691 4190 7
711 4136 817 4191 Choreb.
828 4154 859 4206 p.
873 4140 936 4200 194,
950 4141 985 4188 11
1057 4139 1179 4205 quatuor
1196 4155 1257 4193 esse
1276 4160 1298 4193 ω
1317 4143 1368 4195 llll
1387 4158 1448 4196 esse

142 4219 355 4274 BnileaseP
436 4215 792 4274 badabBuabadP
864 4217 1381 4273 ntexareaBnndeexareanP

143 4304 177 4352 10
195 4298 224 4354 in
238 4316 323 4368 quem
336 4298 438 4352 inimus
453 4298 595 4364 Useneras,
613 4296 642 4349 in
660 4312 744 4363 quem
762 4295 866 4350 ibimus
880 4296 907 4349 Β
926 4295 955 4349 in
974 4314 1058 4365 quem
1075 4296 1148 4350 imns
1163 4297 1191 4352 P
1206 4314 1289 4365 quem
1306 4297 1409 4354 inimus
1424 4320 1445 4352 ω

213 4378 299 4436 ntab
318 4378 425 4447 pariete
444 4377 517 4431 an
536 4378 568 4430 nt
586 4393 603 4430 a
620 4374 728 4444 pariete
746 4375 773 4428 B
860 4381 892 4429 11
913 4375 1002 4430 ‹luorir
1021 4420 1027 4431 .
1043 4419 1049 4430 .
1068 4379 1177 4432 (luobus
1194 4378 1292 4432 titano
1309 4378 1401 4432 deletas
1419 4378 1446 4430 Β

215 4463 247 4510 13
266 4458 379 4525 qnando
398 4474 465 4528 ergo
484 4473 517 4511 ex
537 4456 652 4524 quando
669 4454 743 4508 edioi
767 4457 880 4524 oportet
896 4455 924 4508 Β
947 4456 1069 4523 quamdo
1092 4474 1158 4526 ergo
1178 4474 1211 4511 ex
1230 4457 1343 4525 qnando
1363 4458 1448 4512 edicti

143 4539 274 4608 oporteat
292 4537 320 4589 P
334 4537 445 4606 qnando
465 4552 531 4605 ergo
550 4536 709 4603 siquando
728 4552 784 4590 non
803 4533 875 4589 edici
893 4537 1022 4603 operteat
1040 4556 1062 4588 ω
1161 4554 1194 4591 ex
1213 4539 1447 4606 consequentibns

143 4615 286 4671 nonabnlis
305 4617 361 4669 nP
376 4633 410 4671 ex
427 4615 643 4670 consonantibus
661 4615 806 4670 uocalibns
824 4615 852 4668 Β
925 4621 959 4669 15
977 4617 1007 4669 et
1020 4632 1035 4670 ε
1050 4614 1138 4687 gallia
1156 4615 1189 4686 (li
1201 4619 1269 4683 rus.)
1289 4620 1318 4671 et
1332 4635 1348 4672 ε
1361 4619 1447 4673 tuscis

144 4699 170 4752 Β
187 4702 221 4753 ut
237 4715 253 4754 ε
272 4697 361 4767 gallia
379 4699 408 4751 et
425 4700 455 4750 et
473 4714 506 4750 .v.
527 4695 580 4749 seis
599 4694 626 4748 P
641 4697 673 4748 nt
691 4714 706 4750 ε
726 4697 818 4751 Galba
836 4713 852 4750 ε
871 4695 993 4750 Thnseia
1011 4717 1033 4749 ω
1051 4700 1084 4750 nt
1101 4714 1116 4752 ε
1131 4697 1225 4752 Gallia
1242 4714 1257 4752 ε
1276 4697 1345 4751 loeis
1364 4700 1447 4752 cortex

144 4779 291 4833 Parisinus
308 4779 389 4844 infra
402 4794 432 4845 p.
442 4780 513 4844 31,9
582 4783 615 4830 16
634 4793 701 4831 nero
720 4777 762 4830 bis
780 4777 921 4844 seriptum,
939 4777 985 4830 sert
1003 4777 1088 4830 altero
1107 4777 1164 4831 loeo
1182 4778 1296 4831 mutum
1314 4783 1352 4832 est
1370 4779 1402 4832 in
1418 4778 1446 4832 Β

215 4865 248 4914 17
268 4876 302 4913 ex
320 4859 395 4912 erico
414 4858 441 4909 P
456 4875 489 4911 ex
507 4857 595 4912 serico
613 4857 640 4911 Β
660 4859 689 4911 et
706 4873 739 4910 ex
759 4854 848 4925 Eryco
868 4877 889 4910 n
911 4892 916 4897 ·
