3316 5474
696 363 765 419 Ans
785 364 1028 421 cornutum
1455 362 1520 428 385

217 479 241 516 p.
257 464 288 504 rs.
304 465 328 504 ιο
343 463 373 503 ιι.

221 567 295 628 quae
316 548 481 610 succedunt
504 552 535 610 in
557 549 655 609 locum
675 551 752 631 eius,
775 560 808 611 ut
827 554 928 612 asside
946 553 1046 631 accipe
1066 569 1172 630 aggere
1192 551 1275 629 alliga
1295 570 1403 632 appara
1422 553 1520 631 arripe

219 658 351 716 ammitte
375 656 507 717 attende:
531 664 600 716 nota
624 659 836 739 praenominis,
865 658 1079 719 cambecium
1108 659 1266 739 siguificat3
1294 661 1366 718 item
1395 661 1520 736 numeri,

219 781 288 823 eum
319 765 497 843 qrriogentos
530 764 683 842 significat.
740 782 758 842 g
790 763 887 825 littera
924 784 1090 827 consonans
1124 774 1204 826 muta
1237 775 1296 827 tam
1313 763 1520 847 ’praeponitur

220 867 370 930 vocalibus
394 888 482 949 quam
506 869 712 952 subiungitur,
735 880 768 931 nt
786 890 856 950 gere
876 891 996 952 aggere:
1019 876 1212 954 praeponitur
1231 884 1261 934 et
1280 871 1520 952 consonantibus,

192 986 252 1037 σοι
284 979 315 1037 in
347 979 462 1055 agmine
496 995 601 1056 magno
633 996 722 1056 grege
755 978 837 1057 glire.
888 979 907 1039 b
939 983 1059 1060 proprie
1089 982 1093 1057 Ι
1123 983 1278 1042 continens
1311 983 1520 1061 aspirationem

219 1092 338 1163 recepta
361 1083 445 1163 volgo
469 1086 498 1144 iu
522 1103 680 1145 numerum
703 1094 853 1147 mutarum
876 1087 1014 1149 omuibus
1038 1086 1187 1149 vocalibus
1210 1090 1418 1168 praeponitur,
1447 1086 1519 1147 nulli

218 1189 409 1269 subiungitur
428 1192 484 1251 uisi
503 1190 749 1272 consonantibus,
769 1201 801 1252 ut
820 1195 850 1253 in
864 1193 994 1255 Thrasea
1009 1195 1133 1256 Thracia
1152 1198 1326 1275 graecisque
1342 1193 1519 1275 nominibus,

220 1306 252 1357 ut
275 1297 402 1359 Thebae.
448 1297 466 1358 k
491 1298 589 1359 littera
613 1317 779 1359 consonans
805 1307 887 1360 muta
915 1310 1000 1362 notae
1030 1310 1143 1363 tantum
1172 1321 1259 1363 causa
1287 1304 1422 1382 ponitur,
1450 1320 1519 1361 eum

218 1413 268 1464 aut
292 1404 430 1465 kalendas
458 1405 519 1465 sola
547 1406 693 1485 significat
720 1416 772 1466 aut
798 1405 964 1468 liaesonem
991 1417 1042 1469 aut
1069 1409 1161 1489 kaput
1188 1418 1239 1470 aut
1266 1409 1445 1470 kalumniam
1469 1418 1520 1467 aut

180 1526 205 1565 ιο
220 1510 436 1591 llartbaginem.
484 1533 501 1592 p
525 1512 622 1573 littera
646 1531 813 1573 consonans
835 1522 896 1575 tum
921 1520 1124 1592 praeponitur
1152 1519 1306 1578 vocalibus
1334 1534 1422 1596 quam
1450 1514 1518 1576 sub·

218 1621 363 1698 iungitur,
389 1629 423 1681 ut
441 1623 471 1680 iu
491 1620 551 1701 bis,
574 1621 658 1699 ponit
676 1623 811 1700 opponit3
829 1624 1023 1701 praeponitur
1043 1631 1074 1683 et
1092 1624 1337 1704 consonantibus,
1356 1632 1389 1683 ut
1408 1622 1520 1702 plaudit

220 1725 351 1804 prandit:
375 1737 442 1788 nota
467 1730 680 1810 praenominis,
707 1747 776 1789 erim
799 1726 861 1789 sola
886 1727 1023 1789 Publium
1051 1730 1208 1810 signifieat,
1236 1739 1268 1791 et
1294 1747 1363 1790 erum
1393 1748 1409 1788 r
1436 1747 1518 1808 prae·

217 1835 312 1911 posita
336 1833 478 1913 populum
503 1834 680 1915 Romanum,
713 1845 743 1894 et
775 1833 908 1894 subiecta
931 1853 947 1894 r
970 1853 1033 1894 rem
1056 1835 1218 1918 publicam,
1250 1846 1281 1896 et
1313 1839 1520 1916 praepositae

219 1939 333 1999 litterae
362 1948 461 2020 patres
484 1944 677 2022 conscriptos,
724 1960 742 2020 q
766 1940 864 2001 littera
891 1959 1058 2003 consonans
1090 1953 1169 2004 muta
1198 1963 1233 2005 ex
1262 1964 1278 2004 e
1307 1953 1337 2004 et
1365 1962 1385 2003 u
1412 1942 1520 2004 litteris

308 2122 398 2177 Codex
416 2124 611 2194 Suupulleusr's.
664 2125 730 2178 lut
747 2121 873 2192 accipere
891 2137 994 2192 aggere
1072 2123 1207 2177 bamitte
1284 2126 1350 2178 nola
1368 2139 1520 2192 prenomen

254 2202 387 2256 ltbaseu
405 2204 504 2258 traieia
575 2195 675 2259 'ssenm
694 2202 756 2273 eut]
776 2204 826 2256 eut
843 2218 906 2256 eum
978 2201 1180 2272 9Kaeeonem]
1200 2201 1339 2257 Katonem
1399 2206 1486 2273 ceput

220 2288 252 2337 10
271 2287 328 2336 turn
348 2285 530 2353 praeponitur
548 2284 691 2339 vocalibus
709 2299 759 2340 eru.
838 2288 869 2336 12
890 2285 958 2338 note
974 2290 1090 2355 prenoffi
1168 2291 1200 2338 13
1219 2283 1356 2353 populum
1374 2301 1520 2339 romonum

218 2368 283 2434 pei
357 2371 389 2417 14
408 2363 559 2434 conscripti

309 2533 321 2578 1
341 2524 432 2579 asside
452 2526 552 2579 addidi
569 2542 602 2580 err
616 2525 747 2580 Diomede
761 2543 791 2595 μ.
806 2530 910 2593 42442
928 2528 961 2580 ut
974 2490 1075 2596 accipe·
1084 2542 1187 2597 aggere
1206 2525 1295 2596 ellige
1308 2530 1411 2596 appete
1426 2526 1518 2596 arripe

216 2605 306 2659 asside
325 2605 438 2659 attende
511 2613 526 2659 ‘3
546 2606 691 2663 Decimum
710 2607 854 2660 Diomedes
864 2623 895 2675 μ,
909 2609 1024 2673 dunza,
1044 2605 1160 2660 Decium
1178 2608 1261 2662 codes
1275 2607 1398 2662 Olrurisr'i
1413 2624 1443 2676 p.
1455 2612 1520 2674 10,6

216 2689 241 2737 et
258 2685 360 2738 codices
378 2684 471 2739 Badeo
489 2687 607 2755 ortbopr.
627 2705 657 2757 p.
676 2691 763 2754 261,8
846 2693 878 2742 12
907 2689 936 2741 et
962 2704 1025 2741 cum
1052 2705 1066 2740 r
1093 2686 1188 2755 posita
1209 2687 1344 2757 populum
1363 2687 1519 2743 Romanum

216 2765 360 2819 Diomedes
376 2782 405 2833 μ.
425 2769 528 2833 425,17

216 3032 418 3120 γραμμάτων
442 3038 509 3102 τῶν
528 3034 721 3122 συμφώνων
744 3036 873 3106 τούτων
942 3032 990 3121 ,ἃ
1015 3033 1240 3122 ὑπεισέρχεται
1264 3041 1310 3116 είς
1332 3035 1391 3105 τὸν
1415 3037 1519 3105 τόπον

216 3139 337 3208 τούτου
415 3161 421 3174 ·
454 3155 592 3228 σημεῖον
625 3147 870 3231 χρηματισμοῦ,
903 3140 1001 3212 ὁπότε
1036 3143 1162 3210 Δέκιον
1194 3150 1362 3231 σημαίνει,
1397 3142 1520 3231 ὁμοίως

216 3245 376 3334 ἀριθμοῦ,
396 3245 494 3315 ὁπότε
512 3255 750 3329 πεντακοσίους
768 3256 932 3337 σημαίνει.
975 3274 997 3331 μ
1015 3248 1150 3336 γράμμα
1174 3249 1359 3337 σύμφωνον
1378 3249 1519 3338 ἄφωνον

215 3356 270 3422 καὶ
293 3354 512 3442 προτάσσεται
536 3356 741 3441 φωνηέντων
764 3357 820 3425 καὶ
842 3353 1062 3424 ὑποτάσσεται
1130 3377 1137 3392 ·
1161 3355 1380 3445 προτάσσεται
1404 3356 1520 3425 δὲκαὶ

189 3461 421 3548 σσνμφιόνων,
446 3459 490 3541 ὡς
513 3464 549 3529 ἐν
572 3465 618 3554 τῷ
686 3514 694 3530 .
718 3471 738 3529 le
760 3468 884 3551 κυρίως
902 3461 963 3550 μὲν
983 3466 1121 3531 δασεῖαν
1140 3464 1304 3550 περιέχον,
1327 3460 1517 3551 άναὺεχθὲν

217 3567 253 3634 dl
274 3582 278 3655 Ι
298 3572 458 3654 godericus,
483 3566 528 3648 ὡς
546 3566 639 3655 ἡμεῖς
657 3571 808 3656 λέγομεν,
830 3572 1110 3657 καταχρηστικῶς,
1134 3574 1182 3648 είς
1199 3567 1258 3637 τὸν
1278 3568 1427 3657 ἀριθμὸν
1450 3574 1518 3639 τῶν

215 3672 363 3761 άφωνων
373 3675 507 3743 πάντων
520 3676 584 3760 [δὲ]
595 3679 662 3743 τῶν
672 3679 877 3763 φωνηέντων
887 3670 1118 3766 προτάσσεται,
1133 3675 1250 3744 οὐδενὶ
1259 3674 1480 3745 ὑποτάσσεται
1491 3683 1521 3745 εί

216 3783 260 3870 μὴ
275 3782 485 3869 συμφώνοις,
509 3780 553 3862 ὡς
567 3785 604 3850 ἐν
617 3784 665 3873 τῷ
730 3784 785 3851 καὶ
800 3785 837 3852 ἐν
850 3798 921 3865 τοῖς
936 3785 1120 3870 ἕλληνικοῖς
1138 3781 1314 3872 ὀνόμασιν,
1338 3782 1383 3865 ὡς
1402 3789 1519 3871 Θῆβαι.

216 3899 236 3955 lr
259 3890 392 3976 γράμμα
416 3888 601 3976 σύμφωνον
624 3889 766 3977 ἄφωνον
790 3897 931 3979 σημείου
954 3891 1062 3979 μόνον
1092 3893 1188 3959 ἕνεκα
1214 3897 1359 3976 τίθεται,
1388 3889 1470 3960 ὅταν
1498 3887 1518 3980 ἢ

176 3997 383 4075 exulaturos
410 3995 517 4082 μόνον
546 4003 699 4083 σημαίνει
727 3995 753 4085 ἢ
777 4005 938 4066 Καίσωνα
1012 4026 1060 4082 .μ
1088 3997 1222 4085 γράμμα
1249 3998 1436 4086 σύμφωνον
1464 3999 1519 4066 καὶ

215 4100 478 4190 προτάσσεται
516 4105 759 4189 φωνηέντων
795 4106 859 4172 καί
892 4103 1127 4189 ὑποτάσσεται,
1161 4102 1205 4183 ὡς
1238 4107 1273 4171 έν
1308 4102 1438 4182 τούτοις
1512 4127 1517 4139 ·

215 4209 434 4297 προτάσσεται
457 4210 512 4276 καὶ
536 4209 740 4296 συμφώνων,
765 4208 809 4290 ὡς
830 4209 867 4278 τὸ
891 4225 1005 4296 κροτεῖ
1025 4208 1156 4300 άριστᾷ·
1184 4225 1322 4297 σημεῖον
1341 4231 1516 4297 χρηματισ-

216 4321 296 4404 μοῦ,
320 4315 401 4384 ὅταν
426 4315 551 4402 μόνον,
615 4321 783 4402 σημαίνει,
806 4317 862 4384 καὶ
886 4314 967 4384 ὅταν
991 4320 1051 4385 τού
1074 4343 1090 4384 r
1112 4315 1387 4402 προτασσόμενον
1463 4317 1518 4384 καὶ

215 4420 489 4509 ὑποτασσόμενον
512 4426 557 4513 τῷ
581 4448 596 4489 r
684 4423 740 4490 καὶ
762 4422 1036 4510 προτασσόμενον
1063 4428 1124 4493 τοῦ
1149 4448 1165 4490 ο
1187 4421 1378 4511 γράμματος
1467 4447 1517 4506 ,η

304 4597 454 4672 2τούτον]
475 4621 557 4655 τουτο
634 4606 756 4671 Bgom.
839 4602 961 4658 dhorn.
1043 4623 1154 4671 κιριοως
1173 4609 1207 4672 με
1288 4596 1452 4669 άναδεχθὲν
1471 4599 1516 4674 δὲ]

217 4685 416 4751 αναδεχθεντα
488 4684 606 4750 Βτηβαι
678 4682 802 4737 91ιονι.
874 4699 963 4738 ενακα
1035 4677 1150 4754 deusd]
1165 4701 1252 4750 ηοταν
1325 4687 1358 4735 10
1376 4699 1517 4749 ηκατονεα

252 4778 339 4830 pom.
415 4769 443 4815 ll
470 4759 656 4829 προτάσσεται
680 4762 852 4831 φωνηέντων
875 4762 923 4816 nul
946 4779 998 4819 om.
1070 4769 1102 4817 12
1123 4758 1294 4832 συμφώνων]
1314 4780 1411 4832 σιμφις
1484 4767 1517 4815 14

218 4843 254 4912 τῷ
273 4841 298 4911 τ]
319 4858 401 4895 τουτ
472 4859 560 4911 qum.
