3316 5474
206 366 270 430 104
805 369 914 426 CAPRI

205 477 227 514 p.
242 467 301 508 aas.
315 468 341 508 ss
355 467 379 506 r.

296 551 481 633 Nongentos,
511 571 571 613 non
597 563 760 615 nonoentos
784 554 941 616 dicendum
965 566 1011 617 est
1034 555 1070 616 ab
1094 576 1213 639 norem,
1241 561 1395 639 nonagieS,
1423 577 1513 619 nona·

206 660 299 740 ginta,
323 677 382 719 non
406 670 579 721 nonacenta.

367 766 525 845 Castigavit
550 765 625 844 [me]
651 771 695 829 uti
718 769 812 850 dieas,
835 788 895 831 non
919 773 1065 851 corripuit
1084 791 1138 831 me.

294 873 349 934 llic
377 873 473 934 lanius
502 892 609 934 nomen
639 883 698 955 est,
727 875 850 937 verbum
879 885 978 937 autem
1005 877 1083 937 lanio
1111 877 1202 938 lanias
1230 877 1327 939 laniat.
1374 879 1513 940 dixerunt

207 989 304 1041 tamen
328 989 445 1041 veteres
468 990 498 1041 et
522 980 598 1041 lanio
622 983 653 1042 in
677 985 804 1043 nomine.

296 1088 403 1148 Rostra
431 1107 514 1168 voca,
543 1106 603 1148 non
632 1100 793 1168 prorostra.
838 1108 905 1150 nam
935 1086 944 1114 ‘
952 1110 1006 1170 pro
1031 1087 1152 1152 rostris'
1176 1091 1254 1170 quod
1278 1090 1405 1152 dicimus
1429 1087 1513 1152 ‘ante

208 1188 321 1253 rostra'
347 1195 505 1274 significat,
533 1204 567 1255 ut
589 1189 660 1273 ‘pro
691 1192 809 1258 muris'.
852 1199 895 1257 sic
919 1206 1021 1257 errant
1045 1202 1096 1278 qui
1118 1201 1272 1278 proscenia
1297 1198 1445 1277 appellant
1469 1197 1513 1275 [id

208 1309 254 1360 est
277 1298 409 1376 scenam]
434 1317 589 1378 operosam
613 1299 753 1361 fabricam
777 1321 812 1363 ex
836 1304 959 1364 adverso
984 1324 1097 1386 caveae,
1123 1324 1198 1384 quae
1222 1306 1299 1386 apud
1323 1305 1452 1366 Graecos
1476 1305 1513 1365 de

208 1406 312 1466 ironde
343 1416 465 1466 ornatus
495 1405 676 1486 umbraeque
710 1428 798 1468 causa
828 1409 916 1470 tiebat
946 1419 976 1471 et
1006 1409 1041 1470 ab
1071 1410 1188 1492 umbra,
1218 1430 1305 1490 quam
1336 1409 1513 1491 praestabat,

208 1531 296 1572 scena
324 1512 487 1574 dicebatur.
534 1513 612 1575 unde
640 1518 796 1593 proscenia
825 1519 936 1578 rectius
964 1518 1076 1598 pulpita
1105 1537 1180 1597 quae
1209 1528 1277 1580 ante
1301 1537 1419 1580 scenam
1443 1527 1555 1579 suntro

207 1619 447 1700 appellabuntur,
472 1630 505 1681 ut
529 1616 688 1681 ‘veteres
713 1623 839 1684 ineunt
862 1626 1053 1704 proscenia
1077 1620 1179 1685 ludi'.

300 1726 425 1787 lnrersis
450 1730 550 1788 armis
562 1737 710 1807 pugnasse
730 1729 907 1808 gladiatores
926 1749 985 1791 non
1006 1741 1052 1792 est
1070 1731 1237 1813 dicendum,
1260 1732 1312 1792 sed
1332 1736 1434 1812 versis,
1457 1732 1514 1791 boc

209 1842 254 1892 est
279 1838 495 1916 transmutatis3
519 1838 562 1895 sic
587 1854 641 1896 nec
665 1838 790 1897 inuersis
813 1839 919 1915 pannis
943 1841 1068 1917 agitasse
1092 1839 1223 1918 aurigae,
1246 1837 1298 1897 sed
1322 1839 1424 1898 versis.

297 1935 454 2001 ‘balneae'
490 1941 537 2002 dio
568 1937 711 2024 ‘lavant',
744 1961 804 2003 non
836 1942 978 2004 lavantur.
1028 1944 1064 2003 ad
1097 1943 1232 2003 homines
1264 1952 1393 2023 utroque
1425 1944 1513 2005 modo

207 2055 305 2126 potest
328 2048 395 2109 dici.
1528 2069 1554 2108 ιε

369 2154 532 2236 Quadrigas
556 2160 648 2237 trigas
672 2155 754 2236 bigas
778 2156 933 2237 pluraliter
957 2159 1043 2240 eiler,

368 2271 520 2323 antemnas
543 2282 662 2342 quoque
687 2282 746 2323 non
769 2264 854 2324 aliter
881 2263 924 2342 [a]
949 2267 1056 2344 priscis
1080 2274 1256 2326 memoratas

210 2365 411 2447 [uisiplurali
435 2370 582 2449 numero].

297 2473 406 2536 Carcer
424 2477 584 2537 'masculini
606 2480 725 2557 generis
749 2475 867 2558 semper
890 2479 1081 2558 singulariter
1104 2478 1222 2560 dicitur,
1246 2481 1276 2539 in
1301 2498 1360 2558 quo
1378 2479 1515 2539 homines

209 2591 400 2664 coercentur,
423 2583 578 2662 pluraliter
601 2603 671 2645 vero
696 2603 846 2665 carceres,
869 2585 947 2646 unde
972 2603 1080 2646 currus
1104 2585 1305 2647 effunduntur.
1529 2603 1556 2642 ao

298 2688 492 2770 Participium
516 2710 532 2751 a
555 2693 674 2751 nomine
698 2690 855 2769 tripliciter
878 2691 1067 2771 discernitur,
1090 2693 1324 2771 comparatione,
1353 2685 1358 2772 Ι
1387 2689 1514 2751 deelina-

175 2851 179 2858 .
209 2797 302 2876 tione,
326 2798 548 2876 significatione.

211 2918 424 2929 —--—

299 2976 312 3022 1
333 2968 497 3039 Nongeutos
511 2987 567 3024 nou
582 2971 736 3024 nunceutos
753 2969 902 3024 dicendum
917 2972 960 3025 est
974 2972 1011 3025 ab
1024 2987 1125 3025 nouem
1140 2970 1273 3040 nonagies
1291 2970 1447 3040 nonaginta
1459 2985 1516 3024 non

208 3051 366 3104 nonacenta
379 3049 514 3118 nongenti
527 3066 582 3104 uon
596 3049 746 3104 nonaceuti
761 3051 798 3103 M
816 3049 980 3120 Nongeutos
1001 3067 1056 3104 non
1071 3053 1137 3116 (non
1151 3067 1202 3104 om.
1216 3050 1254 3119 B)
1270 3052 1422 3104 noneentos
1437 3050 1516 3118 (uon-

209 3130 309 3197 gentos
323 3145 392 3183 corr.
407 3133 559 3184 nonceutos
575 3129 609 3198 G)
629 3130 665 3184 ab
684 3146 784 3183 nouem
798 3131 933 3200 nonagies
948 3129 1082 3199 nongenti
1095 3128 1250 3199 nonaginta
1263 3127 1331 3195 ΒΟ,
1351 3131 1515 3199 nongentos,
1551 3194 1554 3199 Ι

208 3226 263 3263 non
281 3212 439 3280 nungentos
458 3211 495 3265 ab
512 3227 613 3265 novem
632 3213 719 3267 Beda.
734 3230 764 3282 p.
780 3217 856 3266 2793
928 3218 943 3264 3
964 3227 1008 3264 me
1023 3211 1119 3278 priore
1137 3210 1194 3263 loeo
1212 3225 1262 3262 om.
1283 3207 1312 3262 (i
1377 3216 1393 3263 4
1413 3208 1515 3279 lanias]

208 3289 298 3344 lanius
317 3290 345 3343 B
417 3296 433 3344 ὃ
452 3293 561 3346 veteres
580 3309 630 3345 om.
649 3293 708 3346 ΒΟ
768 3297 784 3344 6
804 3291 905 3346 Rostra
923 3306 994 3344 uoea
1012 3305 1067 3343 non
1086 3306 1136 3359 pro
1154 3292 1245 3344 rostra
1263 3306 1328 3343 uam
1346 3304 1398 3358 pro
1417 3288 1516 3343 rostris

674 3385 752 3413 lilium

208 3440 280 3490 quae
299 3423 417 3477 dicimus
437 3425 474 3478 M
492 3426 593 3480 Rostra
611 3428 676 3479 sunt
695 3427 767 3479 Nam
787 3423 953 3493 prorostris
972 3423 1047 3491 quod
1066 3423 1184 3477 dicimus
1202 3423 1230 3476 B
1254 3424 1345 3476 rostra
1362 3425 1428 3476 suut
1450 3439 1516 3476 nam

210 3520 260 3570 pro
279 3503 378 3557 rostris
398 3504 473 3571 quod
492 3502 610 3558 dicimus
630 3504 653 3558 0
724 3511 738 3559 'i
758 3504 799 3558 sic
813 3506 907 3557 errant
925 3503 974 3570 qni
992 3503 1157 3573 proscaenia
1170 3501 1316 3573 appellant
1333 3501 1423 3571 ipsam
1438 3519 1515 3556 scae-

209 3599 283 3636 nam.
311 3598 376 3636 nam
391 3597 477 3651 opera
495 3581 633 3637 fabricata
647 3585 828 3638 exadversum
844 3598 946 3636 caveae
961 3600 1033 3651 quae
1047 3583 1122 3653 apud
1136 3583 1257 3638 Graecos
1271 3581 1306 3636 de
1323 3581 1421 3636 fronde
1435 3597 1514 3636 orna·

210 3667 256 3718 tus
271 3663 441 3729 umbraeque
455 3676 539 3714 causa
552 3663 669 3730 fiebant,
688 3681 789 3718 scaena
803 3663 974 3717 dicebantur.
1003 3664 1076 3716 unde
1090 3662 1194 3717 rectius
1208 3660 1331 3733 pulpita,
1349 3678 1399 3731 pro
1413 3676 1515 3714 scaena

210 3759 283 3811 quae
306 3744 385 3806 sunt,
408 3742 572 3808 proscaenia
589 3745 806 3812 appellabuntur
829 3743 963 3796 [frenans
981 3759 1048 3796 mres.
1072 3742 1159 3797 Rhea.
1185 3761 1210 3797 o.
1236 3740 1351 3797 XXIV
1365 3743 1403 3800 (a.
1428 3744 1514 3807 1869)

207 3828 290 3892 1196
361 3821 409 3889 qui
423 3836 473 3874 one.
489 3822 537 3887 M,
552 3824 615 3878 add.
631 3823 689 3876 Bc
755 3821 961 3894 proseheuiaB
1033 3821 1199 3876 8fabricam
1216 3824 1253 3877 M
1257 3822 1281 3877 0
1291 3819 1514 3887 fabricanthp

282 3920 315 3957 ex
334 3901 464 3970 maereo]
489 3903 518 3955 et
545 3904 680 3959 aduersae
702 3905 820 3973 MBOp
893 3909 909 3956 9
934 3903 1047 3955 ornatus
1066 3904 1237 3972 umbraeque
1256 3918 1340 3959 eausa
1362 3899 1469 3954 fiebant
1486 3900 1516 3952 et

208 3984 245 4037 ab
268 3983 368 4036 umbra
391 3997 476 4048 quam
499 3985 664 4049 prestabant
686 4002 768 4039 scene
791 3984 955 4038 dicebantur
978 3984 1015 4036 M
1037 3988 1170 4038 ornantur
1193 3985 1308 4039 umbrae
1331 3999 1403 4051 quae
1430 3996 1516 4034 cauae

208 4063 313 4117 fiebant
332 4077 415 4114 scena
432 4062 543 4129 (scenae
561 4063 597 4133 0)
616 4065 780 4120 dicebantur
798 4063 856 4117 BC
871 4065 1005 4116 ornantur
1023 4063 1193 4131 umbraeque
1208 4057 1415 4118 eausa'liebaut
1434 4077 1518 4114 scena

208 4141 374 4197 dicebantur
388 4157 410 4208 p
480 4148 513 4196 10
533 4144 607 4198 unde
621 4145 722 4199 rectius
741 4144 852 4214 pulpita
870 4144 1015 4212 proscenia
1028 4159 1100 4209 quae
1114 4147 1179 4197 aute
1194 4158 1305 4198 scenam
1320 4142 1464 4210 (ecbenam
1478 4140 1517 4207 B)

209 4221 277 4276 suut
292 4214 508 4290 appellabantur
527 4224 722 4292 (appellabant
742 4226 787 4292 Μ)
808 4224 845 4277 M
848 4222 906 4275 Bc
926 4223 999 4276 unde
1018 4221 1120 4275 rectius
1144 4221 1253 4291 pulpita
1276 4219 1425 4290 proscenia
1443 4235 1515 4286 quae

208 4307 274 4358 ante
289 4319 401 4356 scenam
415 4304 481 4354 suut
494 4303 639 4371 proscenia
653 4306 899 4374 appellabanturp
965 4308 995 4355 11
1016 4301 1137 4370 veteres]
1159 4301 1237 4370 Verg.
1255 4316 1343 4369 georg.
1364 4299 1406 4352 II
1424 4303 1477 4352 381

211 4388 243 4436 11
259 4384 302 4437 est
315 4399 365 4436 orn.
382 4381 405 4437 0
468 4384 515 4437 sed
534 4384 622 4438 uersis
640 4402 778 4454 pugnasse
793 4384 847 4439 hoc
865 4382 905 4450 (id
920 4382 952 4451 C)
971 4376 1014 4435 est
1031 4381 1224 4435 transmutatis
1238 4378 1297 4433 ΒΟ
1349 4385 1382 4431 13
1396 4378 1437 4431 εἰε
1450 4375 1513 4445 uec]

209 4463 259 4516 sed
277 4479 329 4517 noc
348 4463 375 4515 B
440 4469 473 4517 14
492 4464 598 4518 Balnea
611 4465 667 4518 Bc·
729 4468 760 4519 at
777 4464 813 4518 ad
832 4463 959 4518 homines
977 4461 1035 4515 BG
1097 4467 1130 4514 16
1150 4458 1307 4529 Quadrigas
1324 4455 1406 4527 bigas
1424 4455 1513 4522 trigas

209 4595 354 4664 pluraliter
372 4596 399 4648 B
463 4596 615 4652 efferuntur
629 4600 776 4652 antemnas
794 4598 842 4651 Be
861 4596 1011 4650 eserentem
1026 4610 1076 4647 nas
1096 4594 1120 4647 0
1182 4548 1515 4680 1ra1irer⁸prie⁰¹1⁸ueme

208 4678 285 4729 ratas
305 4674 329 4727 0
391 4681 423 4728 18
444 4675 509 4745 nisi]
530 4692 614 4744 quam
628 4677 665 4744 B,
684 4676 774 4731 aaut}
837 4683 869 4730 19
890 4676 990 4730 Carcer
1007 4692 1117 4744 semper
1130 4673 1278 4729 masculini
1296 4688 1405 4742 genens
1420 4671 1514 4739 singu·

210 4753 307 4808 leriter
321 4753 424 4806 dicitur
437 4753 497 4806 Bc
557 4760 589 4806 21
609 4754 792 4823 Participium
806 4753 956 4824 tripliciter
970 4773 988 4808 a
1001 4755 1113 4810 nomine
1128 4753 1297 4810 discernitur
1312 4750 1515 4823 significatione

210 4833 396 4890 declinatione
415 4832 614 4904 conparatione
633 4831 657 4889 0
