3316 5474
615 395 686 449 ARS
705 394 950 451 effluentes
1364 397 1427 461 421

127 493 280 537 omme

126 596 181 657 pro
198 597 239 638 eo
263 580 409 659 accipitur
431 579 510 658 quod
534 590 580 641 est
603 580 751 659 quomodo
770 629 777 641 .
796 584 936 662 quotiens
959 600 1030 642 vero
1052 600 1106 662 pro
1129 601 1166 642 eo
1189 581 1268 662 quod
1288 591 1334 644 est
1352 583 1428 663 apud

126 683 255 745 Graecos
272 682 359 764 Ιἵνα,
392 688 499 765 recipit
530 690 673 770 optativa,
705 696 739 749 ut
771 699 805 749 ut
833 690 945 750 laciam.
996 707 1055 750 non
1084 707 1244 768 numquam
1274 699 1371 750 tamen
1400 700 1430 751 et

125 799 249 851 accentu
278 801 364 853 actito
393 792 502 854 elatum
532 796 639 874 recipit
662 794 862 876 subiunctiva,
894 797 1062 876 praeposito
1090 814 1161 857 sane
1188 797 1300 856 linitivo
1330 794 1429 877 uerbo,

126 915 207 957 inore
232 916 290 977 quo
314 918 404 980 snpra
428 902 551 962 sormam
575 900 726 962 relativam
749 901 893 984 diximus,
918 911 951 964 ut
973 903 1049 982 apud
1073 902 1225 982 Virgilium

98 1018 111 1057 ὁ
338 1006 536 1088 infandum,
559 1008 698 1088 regina,
721 1006 825 1069 iubes
848 1027 1023 1069 renovare
1048 1008 1220 1091 dolorem,

338 1113 512 1174 Troianas
535 1121 573 1173 ut
596 1131 683 1193 opes
706 1123 741 1174 et
764 1114 995 1175 lamentabile
1020 1134 1167 1195 regnum

338 1223 512 1281 eruerint
535 1218 652 1280 llanai.

127 1329 240 1389 utinam
269 1329 375 1407 recipit
403 1328 606 1407 optativa„ut
635 1328 747 1388 utinam
775 1331 872 1392 veniat
895 1377 902 1390 .
927 1348 963 1389 ne
991 1338 1116 1390 accentu
1140 1339 1225 1392 acuto
1248 1334 1429 1413 imperativa,

127 1443 159 1496 ut
186 1453 223 1495 ue
252 1436 311 1515 lac;
341 1436 477 1513 quotiens
507 1452 577 1494 vero
605 1436 687 1512 grati
716 1445 840 1496 accentu
868 1455 922 1516 pro
950 1454 986 1496 eo
1015 1436 1094 1515 quod
1122 1444 1168 1496 est
1195 1438 1272 1518 apud
1300 1439 1428 1500 Graecos

86 1554 112 1591 1⁰
125 1537 182 1602 ἵνα
205 1533 250 1622 μή
273 1543 431 1623 accipitur,
453 1542 596 1621 optativa,
619 1549 652 1602 ut
675 1541 753 1622 apud
776 1540 931 1603 lloratium
960 1537 1019 1603 ‘ne
1048 1544 1160 1604 iacias
1186 1543 1279 1623 quod
1303 1544 1427 1606 mei-

125 1647 205 1710 dius
237 1643 404 1728 quidam'.
458 1666 517 1708 nou
545 1666 705 1727 numquam
735 1666 819 1730 vero,
855 1651 971 1711 etiamsi
1002 1658 1126 1711 accentu
1161 1658 1247 1712 acuto
1280 1652 1428 1733 efferatur,

126 1758 254 1835 optativa
277 1774 396 1835 quoque
420 1757 539 1835 recipit,
563 1763 656 1816 utne
681 1757 793 1830 venias,
817 1774 854 1816 ne
878 1754 991 1816 scribas
1015 1805 1022 1818 .
1045 1756 1098 1818 sed
1122 1759 1247 1819 interest
1270 1762 1350 1818 inter
1372 1757 1427 1819 hoc

125 1870 155 1922 et
178 1862 250 1923 illud
274 1863 352 1942 quod
376 1862 503 1922 dicimus
526 1880 563 1922 ne
588 1863 647 1943 lac,
674 1862 753 1941 quod
777 1861 833 1922 hoc
857 1864 1050 1943 impertimur,
1076 1867 1215 1943 superius
1238 1864 1428 1926 suademus.

125 1970 231 2048 recipit
263 1988 382 2048 quoque
414 1968 443 2029 id
476 1971 573 2047 ipsum
603 1964 608 2048 Ι
637 1977 761 2030 accentu
795 1978 882 2031 acuto
914 1969 1024 2031 elatum
1057 1969 1258 2054 subiunctiva,
1290 1973 1428 2052 quotiens

85 2087 111 2126 1⁵
125 2073 306 2156 εἰρωνικῶς
328 2077 488 2156 accipimus
515 2093 570 2154 pro
600 2094 635 2136 eo
663 2075 743 2155 quod
772 2084 818 2138 est
845 2076 923 2156 apud
947 2077 1075 2139 Graecos
1107 2070 1198 2139 πάνυ
1230 2098 1282 2158 γε,
1315 2078 1429 2141 scilicet

125 2184 262 2261 quotiens
286 2185 330 2243 rei
353 2181 459 2245 dubiae
483 2190 514 2243 et
536 2183 621 2261 quasi
645 2181 841 2244 condicionali
865 2191 995 2267 aptatur,
1019 2194 1053 2246 ut
1075 2184 1153 2265 apud
1173 2186 1346 2247 Ciceronem
1370 2180 1428 2247 ‘ne

125 2297 175 2370 tu,
207 2288 329 2370 Eruci,
361 2296 552 2351 accusator
584 2307 685 2350 esses
713 2288 908 2372 ridiculus,
940 2299 971 2353 et
999 2290 1146 2354 Salustius
1174 2288 1232 2355 ‘ne
1264 2292 1320 2354 illi
1348 2312 1427 2354 cor·

125 2398 242 2475 ruptis
265 2395 424 2458 moribus
452 2399 626 2459 victoriae
656 2394 930 2478 temperarent'.
976 2402 1114 2479 quotiens
1141 2419 1211 2462 tero
1239 2403 1284 2463 rei
1311 2410 1429 2482 aptatur

125 2486 237 2583 certae,
261 2502 364 2564 eodem
389 2515 511 2566 accentu
536 2504 645 2566 elatum
669 2505 779 2566 linitiva
798 2507 918 2588 recipit,
942 2514 976 2567 ut
995 2507 1071 2586 apud
1091 2506 1265 2568 Ciceronem
1290 2502 1348 2568 ‘ne
1372 2508 1427 2569 illi

84 2621 110 2659 ²⁰
125 2609 356 2670 uehementer
379 2606 532 2672 errant':
555 2612 682 2672 alilrmat
705 2615 785 2672 enim
808 2630 860 2673 eos
883 2612 1075 2674 veliementer
1097 2632 1208 2676 errare.

212 2717 372 2797 Postquam
396 2718 483 2778 modo
506 2718 630 2798 linitiva,
653 2717 741 2778 modo
764 2717 963 2780 subiunctira:
986 2720 1111 2800 linitiva,
1133 2724 1271 2800 quotiens
1291 2724 1426 2782 iunctum

125 2827 284 2907 accipitur,
308 2834 340 2885 ut
363 2824 502 2904 Virgilius

283 2917 471 3011 postquam
495 2951 555 2993 res
579 2932 681 2993 llsiae
704 2931 909 3012 Priamique
934 2944 1101 2995 evertere
1124 2943 1266 3013 gentem

283 3040 487 3099 inmeritam
511 3041 624 3100 visum
647 3042 808 3121 superis,

83 3156 110 3195 2⁶
125 3153 158 3204 ut
185 3147 224 3204 sit
251 3140 419 3224 ‘postquam
449 3148 542 3206 visum
571 3140 643 3226 est'3
675 3145 861 3207 subiunctira
893 3165 977 3228 vero,
1010 3150 1147 3226 quotiens
1179 3153 1361 3230 secernitur,
1393 3161 1427 3210 ut

124 3245 204 3330 ‘post
226 3253 306 3311 venit
328 3270 416 3330 quam
440 3247 653 3333 exclamasset',
677 3247 757 3332 ‘post
775 3253 847 3314 lecit
865 3271 954 3333 quam
973 3248 1115 3316 dixisset'.
1162 3266 1319 3334 antequam
1338 3256 1425 3318 modo

123 3359 256 3438 finitivis,
281 3358 367 3419 modo
391 3358 587 3420 subiunctivis
610 3360 758 3437 iungitur:
781 3361 914 3440 linitiris,
938 3369 972 3421 ut
995 3359 1134 3440 Virgilius
1163 3357 1275 3444 ‘ante,
1298 3364 1425 3446 pudor,

123 3482 224 3542 quam
248 3474 281 3524 te
306 3461 425 3527 uiolo'.

211 3689 302 3744 Codes
324 3691 520 3760 Soupollerteie.
566 3697 580 3745 1
606 3691 681 3762 apud
704 3708 800 3762 grecos
824 3693 904 3748 inaut
926 3691 1061 3762 recipitur
1084 3693 1182 3763 optiua
1262 3701 1278 3748 3
1307 3698 1423 3750 accentu

124 3773 223 3825 secuto
295 3772 465 3841 praepositio
484 3789 551 3827 sane
623 3772 753 3844 Bacnto]
773 3773 890 3827 accentu
908 3787 977 3827 corr,
996 3773 1096 3826 accuto
1168 3772 1264 3844 erec]
1282 3773 1370 3830 iacias

123 3856 156 3903 10
175 3851 217 3921 ut]
237 3849 278 3906 ait
349 3853 424 3922 quod
439 3853 549 3907 iuniuus
563 3851 677 3922 quidem
750 3859 782 3907 12
796 3853 871 3908 inter
884 3869 934 3908 ortt.
1008 3859 1041 3908 13
1055 3853 1113 3924 lac]
1127 3853 1214 3909 iacias
1285 3857 1423 3929 superins]

121 3947 205 3999 super
278 3937 310 3985 14
329 3936 446 3987 accentu
464 3935 563 3988 accuto
636 3940 670 3988 15
688 3933 808 3989 ironicos
881 3941 913 3989 16
933 3936 1047 4004 optatur
1119 3935 1274 3990 ciceronem
1288 3937 1316 3991 et
1330 3937 1423 4005 ueryci

158 4015 190 4065 18
210 4010 344 4066 uictoriae
372 4015 450 4079 (corr.
471 4044 504 4051 -
523 4012 562 4080 is)
588 4015 713 4082 tempore
739 4029 774 4068 ne
802 4014 931 4082 quotiens
1013 4021 1045 4068 19
1074 4015 1150 4071 elata
1229 4022 1262 4071 tt
1283 4018 1421 4089 iunctum]

122 4094 220 4146 accuto
304 4097 338 4145 to
358 4091 511 4145 secernitur
528 4094 558 4146 et
576 4095 641 4163 post
667 4093 790 4148 usnimi
814 4111 897 4162 quam
921 4094 1105 4152 exclamasset
1122 4099 1187 4167 post
1204 4095 1317 4152 lecisset
1334 4114 1422 4165 quarn

122 4170 238 4226 dixisset

210 4386 358 4441 tlormari
386 4384 506 4440 relativa
533 4384 653 4440 ‹lirimns
682 4384 825 4441 murium
851 4391 877 4440 et
898 4386 1043 4442 Diomedes
1126 4388 1318 4462 dictandum]
1344 4390 1421 4462 Verq.

121 4465 190 4520 Aen.
211 4467 253 4519 II
269 4472 286 4520 3
360 4473 393 4520 10
412 4467 485 4536 apud
504 4466 671 4538 Horatium}
683 4473 735 4524 sat.
756 4469 777 4522 1
793 4473 856 4536 ml
929 4473 961 4522 16
980 4484 1015 4522 ne
1033 4467 1077 4538 tn]
1097 4468 1152 4525 Cic.
1171 4486 1223 4538 pro
1236 4469 1315 4524 Rosc.
1330 4472 1420 4527 Amor.

121 4551 205 4611 13,50
268 4552 299 4600 li
320 4545 480 4618 Sallustius]
501 4547 582 4604 Cotti.
602 4552 665 4613 11‚7
728 4555 811 4603 ltine
829 4548 885 4619 illi]
906 4549 962 4605 cte.
981 4551 1013 4604 t'rt
1033 4549 1114 4606 dattt.
1133 4550 1175 4603 ΙΙ
1193 4556 1239 4617 3,6
1294 4558 1327 4605 23
1347 4555 1421 4621 post

121 4626 219 4697 quam]
244 4626 321 4697 l'erq.
341 4630 408 4682 Aeas.
430 4628 492 4681 ΙΙΙ
504 4633 520 4682 1
594 4635 628 4684 26
647 4629 716 4684 item
729 4629 881 4697 antequam
894 4627 978 4684 modo
992 4627 1120 4695 finitivis,
1138 4629 1224 4686 modo
1237 4631 1420 4686 subiunctivis

120 4704 252 4775 iungitur,
271 4709 368 4762 contm
381 4723 414 4761 ac
433 4706 559 4778 superius
578 4729 586 4762 a
604 4707 730 4763 iunctum
750 4708 946 4785 spbinnctiris‚
964 4708 1044 4764 velut
1061 4711 1213 4778 antequam
1230 4712 1352 4768 venisset
1369 4712 1420 4782 (sic

120 4784 198 4839 velut
214 4787 365 4854 autequam
384 4788 507 4842 venisses
525 4788 638 4859 Diem),
665 4788 833 4845 didunctum
856 4789 984 4855 finitivis,
1011 4793 1041 4845 ut
1066 4791 1140 4860 apud
1164 4791 1319 4862 Vergilium
1344 4791 1420 4847 ‘ante

120 4866 209 4934 pudor
227 4883 310 4935 quam
329 4869 359 4922 te
377 4867 464 4922 riolo'
485 4868 630 4924 owardus
646 4875 671 4924 ct
688 4870 833 4925 Diomedes
903 4876 937 4924 tt
956 4871 1035 4942 aute]
1060 4870 1138 4942 Verq.
1157 4873 1226 4927 Aeas.
1246 4874 1330 4928 IIII
1345 4880 1385 4931 27
