3316 5474
630 394 677 448 DE
698 394 986 448 DRTHOGRAPHIA
1398 396 1461 460 185

149 508 175 545 p.
191 496 253 536 asos.
268 497 281 535 ι
295 496 318 536 P.

150 589 187 641 ιιι
212 580 370 640 advocatus
393 579 530 640 frivolum
554 576 678 640 devotus
702 580 835 641 favonius
859 578 1034 660 divortium,
1062 579 1168 641 abortu
1192 591 1222 641 et
1250 581 1352 641 subole
1376 601 1462 660 regu·

150 685 213 747 lam
236 696 359 767 propter
382 688 632 767 praepositiones,
656 696 689 747 nt
711 695 799 766 puto,
823 685 1007 766 negantibus.

244 792 288 854 Bu
319 793 427 874 syllaba
457 812 511 873 per
541 793 559 852 b
590 801 700 853 mutam
731 802 851 854 notetur
881 795 1061 875 certissime,
1099 804 1132 855 ιιι
1162 796 1291 857 tribuual
1322 794 1463 856 robustus

152 899 330 961 vocabulum
354 899 502 962 stabulum
527 899 647 960 ebulum
670 900 849 962 vestibulum
868 900 1049 962 cunabulum
1069 902 1264 963 moribundus
1283 902 1463 963 furibundus

120 1016 246 1087 satque
264 1010 361 1068 omnia
382 1008 463 1089 talia,
487 1007 631 1068 avunculo
651 1015 765 1068 tantum
784 1010 882 1069 minus
901 1007 1021 1087 regulae
1046 1018 1273 1091 connumerato,
1296 1010 1362 1070 ideo
1383 1009 1461 1088 quod

153 1117 280 1176 iormam
304 1114 477 1176 deminutivi
501 1115 545 1175 vel
569 1114 721 1176 derivativi
745 1134 863 1176 servare
885 1118 1004 1176 minime
1029 1115 1181 1176 dubitatur
1199 1125 1229 1176 et
1252 1120 1336 1196 qirasi
1359 1119 1461 1177 venire

141 1221 193 1285 ab
208 1240 260 1281 avo
275 1221 503 1282 demonstratur.
527 1242 612 1284 avum
628 1242 697 1283 vero
712 1242 793 1302 perv
808 1223 974 1301 digammon
990 1223 1080 1283 scribi
1095 1243 1168 1284 suus
1182 1223 1265 1284 loeus
1275 1224 1462 1287 monstrabit.

245 1327 324 1388 llaec
347 1328 384 1388 de
408 1328 513 1390 mediis
536 1329 690 1410 syllabis!

219 1485 282 1549 VH
312 1484 420 1550 ITEM
443 1485 640 1551 EIVSDEM
662 1486 882 1552 MARTYRII
906 1488 965 1552 DE
988 1487 1166 1552 VLTIMIS
1190 1486 1399 1553 SI'LLABIS

112 1645 142 1683 10
248 1614 404 1693 lleliquum
429 1624 474 1675 est
499 1616 609 1676 ultimis
633 1620 785 1677 nominum
809 1616 927 1696 syllabis
951 1619 1103 1696 imponere
1128 1617 1267 1677 studium.

246 1721 284 1781 Va
309 1721 417 1800 syllaba
441 1725 568 1783 nominis
595 1726 763 1803 terminata,
791 1724 937 1802 siquidem
966 1723 974 1782 l
998 1723 1123 1783 antelata
1152 1723 1250 1784 littera
1279 1724 1322 1782 vel
1355 1724 1462 1783 vocalis

155 1837 261 1888 natura
291 1828 376 1908 longa
404 1832 433 1889 in
461 1830 639 1910 paenultima
670 1831 774 1911 luerit,
801 1849 895 1908 perv
924 1829 1087 1910 scribetur,
1116 1838 1149 1889 ut
1177 1829 1248 1889 silva
1275 1829 1367 1889 malva
1398 1830 1464 1890 ulva

156 1935 241 1995 vulva
265 1935 343 1995 calva
367 1955 422 1997 uva
446 1940 519 1998 stiva
543 1938 618 1998 oliva
646 1937 747 2017 saliva,
775 1945 894 2016 praeter
921 1935 1034 2019 balbas,
1063 1938 1088 1996 si
1116 1944 1215 1996 tamen
1244 1938 1327 2015 prior
1355 1936 1464 2016 syllaba

248 2113 261 2160 1
282 2107 412 2162 friuolam
431 2108 458 2161 Β
477 2109 593 2164 friuolus
613 2108 756 2163 Giriuolu
774 2109 801 2162 A
864 2108 992 2162 leuonius
1011 2109 1162 2164 diuortium
1177 2109 1336 2164 abortiuum
1354 2110 1383 2162 el
1402 2109 1464 2162 sub

158 2188 232 2243 elem
250 2192 278 2243 A
296 2189 411 2244 fauonii
431 2189 554 2245 diuortio
573 2190 704 2244 aberliuia
724 2194 752 2246 ei
771 2191 868 2245 subole
889 2189 1071 2244 Olnuonium
1089 2190 1219 2245 abortum
1239 2191 1268 2243 et
1292 2187 1419 2242 subolem
1438 2189 1465 2240 Β

212 2274 228 2322 2
251 2271 367 2339 propiet
389 2269 588 2352 propositionis
606 2270 634 2322 Β
724 2277 740 2324 5
765 2269 913 2325 anumeulo
936 2274 996 2323 baffi
1020 2272 1112 2324 minus
1131 2274 1158 2324 A
1181 2272 1336 2326 auunculus
1354 2274 1465 2325 mulum

159 2355 248 2410 minus
268 2358 292 2411 0
312 2359 450 2412 auunculo
470 2361 495 2412 tt
513 2358 625 2412 nomine
648 2358 740 2413 miuus
759 2360 786 2412 Β
862 2360 926 2414 ideo
945 2361 1030 2430 quod]
1055 2360 1175 2430 ideoque
1193 2361 1284 2415 ABG
1354 2366 1465 2414 'tmen-

159 2436 260 2489 slrauil
282 2436 372 2490 ABG
441 2437 649 2493 eMnnvinn
673 2440 730 2493 AC
799 2439 847 2493 DE
871 2440 1012 2494 ULTIMA
1037 2441 1202 2494 SYLLABA
1226 2443 1253 2494 A
1327 2446 1358 2492 13
1385 2438 1467 2492 ealua

159 2533 216 2569 ιιιιιι
240 2517 314 2572 stica
335 2519 363 2570 A
386 2518 467 2572 calna
490 2517 602 2572 uastius
621 2518 644 2572 C
665 2518 747 2575 elane
769 2536 824 2573 uua
848 2520 922 2574 silua
939 2520 967 2572 Β
1040 2519 1131 2573 saliua
1153 2524 1264 2589 praeter
1289 2516 1466 2572 discretionis

135 2612 147 2627 ·
159 2596 252 2667 gratia
270 2597 366 2666 (belua
384 2599 447 2654 odd.
467 2601 505 2666 A)
523 2599 587 2654 ideo
606 2618 640 2654 ne
659 2618 715 2655 non
734 2600 808 2655 fores
827 2600 886 2654 AC

611 2878 795 2933 MARTYRII
813 2877 861 2931 DE
880 2878 902 2931 B
921 2877 968 2930 ET
987 2878 1012 2932 V

249 3045 290 3103 l'o
314 3044 423 3123 syllaba
446 3044 532 3123 longa
555 3044 600 3105 vel
624 3045 722 3106 brevis
744 3047 775 3105 iu
799 3045 896 3106 medio
916 3046 1043 3105 nominis
1066 3047 1162 3124 posita
1187 3063 1240 3123 per
1259 3062 1276 3100 v
1299 3044 1465 3121 digammon

161 3152 322 3232 scribetur,
355 3160 387 3212 ut
418 3152 575 3213 advocatus
608 3152 743 3213 frivolum
775 3151 934 3212 divortium
964 3151 1087 3211 devotus
1121 3151 1268 3232 favonius,
1301 3149 1406 3210 abortu
1437 3159 1467 3210 et

71 3273 79 3280 ’
162 3259 261 3319 sobole
290 3260 422 3338 regulam
449 3270 572 3338 propter
599 3261 847 3340 praepositiones,
876 3267 909 3318 ιιι
936 3268 1022 3339 puto,
1055 3255 1239 3336 negantibus.
1281 3256 1322 3317 bu
1355 3256 1464 3336 syllaba

162 3385 215 3445 per
238 3365 256 3426 b
281 3375 390 3427 mutam
415 3375 535 3426 notetur
559 3369 738 3447 certissime,
767 3375 800 3426 ut
829 3364 957 3427 tribunal
981 3363 1123 3424 robustus
1146 3361 1322 3425 vocabulum
1346 3364 1466 3424 ebulum

135 3472 340 3534 seunabnlum
374 3473 569 3533 moribundus
603 3472 781 3533 levribundus
813 3480 901 3551 atque
930 3472 1027 3532 onmia
1060 3470 1141 3551 talia,
1174 3469 1319 3531 avunculo
1352 3478 1467 3530 tantum

164 3582 260 3641 minus
290 3580 408 3659 regulae
436 3588 663 3661 connumerato,
691 3580 758 3640 ideo
786 3580 865 3658 quod
894 3580 1017 3639 lormam
1045 3578 1212 3639 Elminutivi
1240 3578 1285 3638 vel
1313 3577 1465 3638 derivativi

163 3706 280 3747 servare
309 3689 428 3747 minime
457 3686 609 3747 dubitatur
633 3696 663 3747 et
691 3689 774 3765 quasi
803 3689 903 3746 venire
931 3684 967 3745 ab
996 3706 1049 3746 avo
1073 3687 1307 3760 demonstratur,
1337 3694 1369 3746 ut
1397 3703 1469 3744 avus

164 3792 333 3854 avunculus.
371 3814 455 3854 avum
480 3813 549 3854 vero
573 3813 627 3873 per
651 3814 667 3852 v
691 3794 857 3873 digammon
882 3792 972 3853 scribi
997 3811 1070 3853 situs
1094 3791 1177 3852 locus
1202 3791 1386 3851 monstrabit..

234 3950 293 4014 DE
317 3949 469 4015 MEDIIS
493 3948 702 4014 SYLLABlS
726 3948 929 4014 EXPLICIT
953 3948 1117 4015 INCIPIT
1141 3947 1200 4013 DE
1225 3947 1402 4012 VLTlMlS

124 4083 151 4121 ιο
700 4054 933 4120 FELICITER

253 4168 329 4229 llaec
358 4168 394 4228 de
423 4166 527 4227 mediis
556 4165 682 4245 syllabis.
722 4165 870 4244 reliquum
894 4173 941 4225 est
964 4164 1075 4225 ultimis
1100 4169 1252 4226 neminum
1276 4162 1393 4242 syllabis
1419 4165 1469 4221 im·

164 4295 274 4355 ponere
299 4275 439 4336 studium.

252 4381 292 4441 Va
315 4381 423 4460 syllaba
447 4383 574 4442 nominis
598 4381 767 4458 terminata,
794 4379 940 4456 siquidem
968 4378 976 4437 l
1006 4377 1132 4437 antelata
1161 4377 1258 4437 littera
1287 4376 1331 4435 vel
1362 4375 1470 4435 vocalis

255 4565 267 4611 1
294 4574 328 4611 vo
352 4556 462 4625 syllaba
485 4555 569 4624 longa
592 4552 638 4606 vel
661 4550 753 4605 brevis
773 4551 801 4603 Ρ
823 4566 859 4604 vo
883 4550 968 4618 longa
986 4567 1022 4603 an
1041 4548 1132 4603 brevis
1150 4548 1184 4601 N
1270 4555 1285 4600 2
1309 4548 1424 4602 abortus
1444 4550 1473 4602 el

165 4636 274 4690 soboles
294 4637 325 4689 N
341 4638 439 4690 averio
458 4638 487 4689 et
504 4635 600 4689 subole
622 4634 650 4686 P
714 4639 728 4683 3
749 4633 781 4685 ut
799 4633 867 4701 pulo
888 4631 916 4683 P
933 4632 1048 4699 utpote
1066 4630 1099 4683 N
1163 4630 1366 4684 dvocabulum
1385 4630 1472 4699 pabu-

164 4715 222 4768 lum
241 4716 355 4769 ebulum
373 4714 545 4770 vestibulum
565 4712 733 4770 cunabulum
751 4712 779 4764 Β
848 4708 1065 4781 deunabulum]
1086 4708 1251 4764 eennbulum
1270 4709 1303 4761 N
1372 4710 1472 4764 uideo

165 4812 214 4850 ont.
238 4797 276 4859 N,
299 4798 363 4850 odd.
390 4796 418 4848 P
501 4801 516 4848 t
541 4793 654 4847 minime
678 4791 705 4843 P
724 4791 839 4846 memini
863 4808 907 4845 me
930 4791 964 4846 N
1046 4797 1062 4846 8
1085 4787 1252 4844 monstravit
1269 4788 1302 4843 N
1383 4797 1399 4845 9
1424 4790 1471 4845 DE

164 4876 291 4932 MEDIIS
309 4908 345 4918 -
363 4875 557 4931 FELICITER
575 4891 625 4929 om.
644 4874 683 4940 N,
701 4873 765 4927 odd.
786 4870 814 4925 P
