3316 5474
272 1612 304 1671 ln
334 1610 450 1672 duobus
479 1610 562 1672 libris
593 1612 680 1692 Capri
712 1613 748 1672 de
780 1613 989 1692 orthographia
1018 1622 1047 1673 et
1079 1613 1115 1673 de
1145 1613 1242 1675 dnhiis
1270 1615 1368 1676 verbis
1398 1625 1427 1676 et
1455 1619 1486 1677 in

184 1717 259 1778 libro
283 1719 426 1801 Agroecii,
450 1721 502 1798 qui
526 1719 612 1798 vulgo
637 1738 695 1779 una
718 1738 786 1780 cum
809 1719 867 1779 illis
892 1722 921 1779 in
947 1717 1099 1779 codicibus
1119 1723 1248 1801 scriptus
1267 1730 1322 1802 est,
1345 1729 1486 1801 quattuor

184 1844 256 1884 usus
281 1844 346 1885 snm
379 1824 532 1885 codicibus
565 1844 644 1885 nono
676 1825 722 1885 rel
753 1825 868 1886 decimo
903 1826 1022 1885 saeculo
1056 1828 1190 1904 scriptis,
1226 1826 1485 1907 hiontepessulano

183 1930 209 1990 H
232 1929 296 1992 306
320 1940 350 1991 et
373 1930 575 1992 bernensihus
598 1927 673 1992 330.
696 1927 769 1992 338.
793 1928 867 1992 432.

271 2038 368 2099 Codex
398 2037 740 2117 Montepessulanus
768 2034 842 2098 306
876 2038 945 2098 oiim
974 2037 1095 2098 Bnherii
1124 2057 1198 2097 saec.
1228 2037 1266 2098 lx
1295 2039 1370 2100 cirros
1398 2041 1486 2122 Capri

181 2144 272 2207 libros
300 2144 378 2205 nulla
407 2144 625 2225 subscriptione
654 2145 698 2204 rei
722 2147 957 2225 praescriptione
987 2146 1160 2224 interposita
1184 2146 1341 2207 distinctos
1364 2157 1395 2208 et
1418 2158 1486 2229 post

181 2250 234 2310 hos
257 2253 392 2330 Agroecii
415 2251 523 2312 librum
547 2254 681 2312 continet
705 2253 722 2312 i.
750 2249 888 2335 15ss27,
913 2255 1024 2328 incipit>
1042 2255 1254 2328 horthoprufiu
1281 2256 1376 2330 Capri
1399 2257 1485 2316 Huec

179 2362 232 2418 uia
248 2393 290 2399 -
305 2368 395 2419 recte.
433 2363 560 2435 epistula
579 2361 724 2435 Agroecii
746 2362 789 2419 ud
812 2360 997 2420 Eucherium
1021 2362 1192 2435 episcopum
1216 2360 1343 2419 homino
1359 2395 1399 2401 --
1412 2380 1484 2436 pre-

178 2468 264 2525 cibus
292 2468 370 2542 cupl.
407 2466 443 2525 ci.
467 2465 618 2545 catalogue
647 2465 767 2544 ge'ne‘ral
790 2465 842 2526 des
866 2467 1045 2526 manuscrits
1068 2465 1121 2525 des
1144 2463 1363 2544 bibliotheques
1387 2465 1481 2545 publi-

178 2590 252 2651 qucs
275 2572 328 2632 des
351 2570 571 2650 dipartements
596 2591 620 2631 r.
644 2572 656 2631 Ι
679 2591 707 2651 p.
731 2568 804 2631 409.

267 2678 366 2738 Codex
389 2674 591 2738 Bernensis
614 2675 690 2740 330
713 2696 788 2738 saec.
812 2676 853 2759 X,
877 2680 963 2738 cuius
987 2697 1093 2757 supra,
1117 2697 1184 2737 curm
1208 2677 1245 2737 de
1270 2677 1382 2737 Scauro
1406 2679 1483 2739 dice·

178 2803 255 2866 rem,
288 2786 399 2844 mentio
428 2784 503 2843 iacta
531 2792 590 2865 est,‘
625 2792 693 2863 post
727 2783 966 2864 orthographiam
997 2783 1176 2844 Cassiodorii
1207 2793 1237 2844 et
1266 2783 1363 2844 Albini
1396 2784 1485 2846 habet

177 2890 264 2970 Capri
297 2889 389 2966 libros
421 2890 528 2951 additis
560 2892 590 2949 in
626 2891 683 2949 dne
716 2892 831 2971 pauciS,
868 2910 944 2969 qnae
975 2890 1135 2952 Putschius
1166 2890 1261 2970 Capro
1292 2893 1484 2972 continuavit,

178 2999 196 3057 l.
220 2993 400 3078 25-38*,
429 3001 535 3073 incipit
562 3000 732 3072 ortografia
764 2999 859 3074 Capri
884 3000 970 3060 Haec
998 3003 1051 3058 uio
1075 3031 1118 3038 —-
1146 3002 1304 3058 stillarum.
1347 3000 1416 3057 item
1446 3001 1484 3058 de

176 3107 279 3165 uerbis
314 3107 413 3166 dubiis
442 3106 478 3164 In
510 3105 718 3178 singularibus
747 3138 789 3145 -
813 3112 903 3164 recte.
946 3112 1041 3165 metor
1068 3107 1193 3164 metaris
1216 3138 1259 3145 -
1280 3107 1483 3180 paruulorum

176 3215 308 3287 explicit.
331 3214 434 3272 hecha.
460 3214 585 3271 imitatio
604 3213 697 3271 uocis.
730 3210 836 3271 deinde
855 3219 924 3290 post
943 3209 1047 3271 Scauri
1066 3209 1308 3289 orthographiam
1327 3227 1395 3287 pars
1414 3207 1482 3269 libri

176 3318 310 3397 Agroecii
339 3320 448 3398 scripta
477 3326 534 3398 est,
561 3315 613 3377 sed
642 3316 778 3396 pluribus
806 3316 879 3376 locis
908 3323 1020 3376 mutata
1047 3317 1066 3376 l.
1090 3312 1275 3395 43*-44*,
1309 3319 1378 3376 item
1401 3324 1481 3376 orto-

174 3428 277 3498 prufiu
305 3426 444 3499 Agroetii
472 3424 599 3483 Domino
628 3455 670 3464 -
700 3443 728 3503 p.
752 3419 839 3484 2269
867 3430 1000 3484 ueneunt
1025 3426 1054 3483 si
1079 3426 1256 3484 renduntur
1284 3422 1432 3482 Dilectum
1461 3440 1481 3480 u

176 3534 328 3606 diligendo
352 3532 507 3591 llelcctum
531 3531 569 3589 ab
593 3533 732 3604 eligendo
755 3531 903 3591 Delictum
927 3549 947 3590 α
967 3534 1135 3607 peccando.

264 3637 362 3698 Codex
387 3637 583 3697 Bernensis
602 3633 666 3698 338
686 3636 754 3696 olirn
775 3636 930 3715 bongarsii
948 3632 996 3697 ‘ex
1015 3637 1098 3698 libris
1117 3637 1199 3698 Petri
1220 3635 1348 3697 [lanieiis
1368 3634 1481 3695 Aurelii

181 3740 293 3825 1564'‚
322 3743 440 3804 saeculo
470 3744 547 3802 nono
576 3742 622 3802 vel
646 3742 760 3803 decimo
785 3746 915 3823 scriptus
939 3753 992 3805 est.
1029 3752 1096 3824 post
1120 3743 1360 3823 orthographiam
1384 3741 1481 3802 Albini

176 3852 284 3929 legitur
311 3853 394 3931 prior
421 3850 508 3931 Capri
536 3850 612 3910 liher
640 3859 669 3910 et
699 3849 774 3910 liber
802 3851 938 3929 Agroecii
965 3853 995 3910 in
1028 3851 1085 3910 dne
1115 3849 1267 3911 multilatus
1297 3850 1315 3909 i.
1343 3845 1380 3908 11
1407 3866 1481 3929 sqq„

176 3962 283 4035 incipit
300 3963 469 4034 ortoprufiu
488 3960 583 4033 Capri
595 3959 680 4018 Haec
699 3960 752 4018 uio
768 3990 810 3998 -
823 3961 982 4018 stillarum.
1003 3960 1136 4034 explicit.
1158 3960 1247 4032 incip.
1269 3974 1322 4015 ars
1337 3956 1483 4029 Agroecii

176 4069 307 4126 rethoris
337 4070 375 4126 de
401 4066 601 4140 ortographiu
626 4063 761 4139 feliciter
784 4065 912 4124 Domino
935 4098 978 4105 -
1001 4082 1029 4143 p.
1054 4060 1141 4124 2273
1163 4065 1359 4122 scribendum
1382 4069 1426 4121 est
1449 4064 1480 4120 in

176 4175 395 4248 compositione.
433 4170 507 4230 alter
531 4168 618 4247 Capri
642 4166 717 4228 iiber
740 4171 770 4228 in
795 4186 853 4228 una
877 4168 985 4228 scheda
1009 4177 1112 4247 postea
1136 4170 1248 4227 inserta
1271 4170 1401 4246 scriptus
1425 4173 1480 4244 est,

176 4281 245 4338 item
276 4279 374 4354 Caper
402 4281 440 4338 de
462 4279 562 4338 uerbis
586 4279 685 4337 dubiis
710 4277 745 4336 In
774 4278 985 4351 singularibus
1008 4309 1049 4316 -
1074 4282 1165 4335 recte.
1203 4274 1240 4333 ci.
1268 4272 1370 4351 Hagen
1397 4271 1480 4332 catal

175 4383 239 4444 ood.
263 4383 350 4443 Rern.
373 4402 401 4463 p.
425 4375 499 4444 334.

264 4489 362 4549 Codex
391 4488 585 4550 Bernensis
612 4485 688 4549 432
717 4506 792 4548 saec.
816 4486 855 4546 {X
878 4486 925 4547 vel
949 4485 974 4546 X
997 4493 1065 4565 post
1097 4492 1190 4544 artem
1215 4482 1368 4543 Consentii
1391 4482 1480 4544 hahet

175 4596 413 4676 orthographiam
442 4597 577 4675 Agroecii
606 4596 624 4655 i.
649 4590 831 4673 30*-35*,
859 4597 950 4672 incip.
979 4611 1033 4654 ors
1061 4593 1207 4667 Agroecii
1238 4594 1276 4651 cle
1309 4594 1479 4667 ortografiu

175 4705 303 4764 Domino
327 4737 369 4744 —
392 4705 545 4778 precihus.
583 4701 619 4760 ci.
648 4718 769 4778 gramm.
793 4699 841 4761 lat.
865 4719 890 4761 v.
913 4698 936 4757 V
960 4720 987 4780 p.
1011 4695 1090 4778 329,
1115 4697 1215 4777 iiagen
1239 4696 1341 4758 anecd.
1365 4696 1476 4757 ilelvet.

176 4829 202 4888 p.
227 4807 327 4889 xuni,
351 4809 433 4868 catal.
458 4808 521 4867 cod.
545 4807 632 4866 Bern.
656 4826 683 4885 p.
708 4802 781 4867 378.
