3316 5474
223 366 291 430 296
812 365 937 419 ALBINI

222 479 243 516 ι.
258 467 365 508 sarr-as
380 466 405 505 ε.
737 471 742 479 ·

222 547 306 632 que’
325 554 404 632 peri
424 551 505 611 dixit.
542 551 689 613 Audacter
708 551 832 613 latinum
852 552 857 628 1
878 561 931 633 εει,
951 551 1003 611 sed
1022 550 1173 612 audaciter
1187 550 1301 633 melius,
1320 555 1389 631 quia
1408 555 1533 613 nomina

222 659 361 721 xlittera
386 642 541 719 terminata
566 661 595 719 in
616 659 762 740 adverbiis
786 662 983 740 iassumunt,
1007 667 1040 719 ιιι
1063 669 1146 719 atrox
1170 661 1320 740 atrociter,
1344 660 1426 720 lerox
1451 659 1531 721 lero·

223 770 306 852 citer.
344 768 478 827 accersit
502 769 553 846 qni
577 774 692 847 evocat,
716 768 841 826 arcessit
864 768 915 845 qui
936 776 1063 826 accusat.
1101 767 1232 826 ,locrius
1255 784 1344 846 perv
1368 766 1532 829 cuiuslibet

222 875 266 934 rei
290 874 445 950 congeries
468 880 527 953 est,
551 874 627 933 lorte
652 873 782 952 lapidum
803 872 848 932 vel
872 873 1003 952 frugum,
1027 870 1153 932 acerbus
1177 891 1230 951 per
1247 872 1268 939 ,ιι
1291 875 1459 935 inmaturus
1478 884 1532 935 aut

222 998 318 1060 asper.
355 979 410 1039 alia
429 987 500 1039 ιιιιιι
519 997 593 1058 quae
613 998 667 1059 per
686 980 744 1040 duo
765 999 784 1040 ιι
804 979 985 1060 scribuntur,
1005 978 1113 1058 quibus
1133 997 1276 1039 numerus
1299 999 1419 1059 quoque
1443 982 1558 1060 sylla-a

222 1085 326 1146 barum
350 1088 472 1146 crescit:
496 1085 584 1147 simili
603 1089 682 1146 enim
708 1086 799 1146 vocali
818 1085 927 1145 vocalis
946 1084 1084 1145 adiuncta
1102 1105 1162 1147 non
1182 1087 1276 1147 solum
1298 1106 1355 1147 uon
1379 1087 1531 1169 cohaeret,

223 1193 275 1253 sed
294 1195 383 1254 etiam
398 1191 535 1272 syllabam
551 1202 654 1273 auget,
669 1203 702 1254 ut
717 1196 878 1271 ingenuus,
897 1192 1021 1272 arduus,
1041 1179 1179 1273 exiguus,
1198 1211 1322 1274 vacuus,
1340 1194 1420 1272 quod
1434 1212 1490 1274 per
1505 1214 1531 1275 c,

224 1319 282 1360 non
306 1318 360 1380 per
374 1318 399 1379 „q
422 1297 612 1361 scribendum
637 1309 690 1360 est.
728 1298 830 1360 eadem
853 1299 958 1360 divisio
981 1301 1011 1360 in
1035 1297 1134 1359 verbis
1156 1317 1276 1380 quoque
1300 1309 1360 1380 est,
1383 1309 1532 1382 metuunt,

225 1413 373 1479 statuunt,
398 1404 547 1485 tribuunt,
571 1415 695 1487 acciunt,
719 1405 798 1484 quod
821 1424 876 1484 per
898 1424 915 1465 c
939 1423 1058 1485 quoque
1083 1415 1113 1466 et
1136 1424 1195 1466 non
1218 1426 1273 1486 ρει
1296 1427 1315 1487 q
1338 1406 1531 1468 scribendum

224 1523 278 1575 est
315 1515 420 1591 dspiro
444 1514 554 1591 aspicio
578 1514 641 1572 sine
666 1512 684 1573 d
709 1511 864 1572 scribenda
888 1521 958 1571 sunt
981 1530 1035 1590 per
1059 1496 1223 1592 simplicem
1248 1531 1275 1594 S,
1303 1512 1373 1574 licet
1401 1532 1470 1575 cum
1494 1513 1531 1573 ad
1547 1534 1573 1570 ro

224 1621 443 1699 praepositione
463 1620 616 1699 conposita
636 1622 707 1699 sint,
731 1621 800 1698 quia
823 1620 902 1698 perit
920 1617 960 1678 ibi
979 1618 1005 1679 d.
1043 1619 1172 1698 Apparet
1195 1619 1274 1697 quod
1294 1620 1411 1681 videtur
1428 1639 1484 1700 per
1503 1639 1532 1699 p,

225 1727 345 1807 adparet
368 1725 446 1805 quod
467 1725 642 1804 obsequitur
660 1743 714 1804 per
733 1724 761 1804 d,
782 1742 841 1783 non
861 1723 980 1802 regulae
1000 1726 1126 1803 ratione,
1151 1725 1202 1784 sed
1227 1726 1414 1786 discretionis
1433 1744 1532 1787 causa.

225 1831 321 1893 Arbor
344 1851 431 1892 omne
461 1832 573 1911 liguum
597 1833 714 1911 dicitnr,
743 1830 862 1891 arbusta
887 1849 945 1891 ιιοιι
970 1832 1027 1890 nisi
1055 1831 1216 1892 lructiiera.
1262 1835 1360 1892 Arena
1383 1853 1400 1888 ιι
1423 1832 1533 1893 sineh

226 1959 279 2020 per
297 1960 313 1999 r
332 1939 521 2000 scribendum
542 1949 600 2012 est,
619 1938 746 2018 habena,
765 1941 789 1998 si
810 1938 844 1998 ad
865 1938 1027 1999 retinacula
1047 1941 1261 2020 iumentorum,
1280 1959 1334 2019 per
1352 1940 1373 2000 ιι
1391 1949 1422 2000 ει
1440 1958 1494 2018 ρει
1513 1939 1532 1999 b

226 2046 376 2109 scribitur.
413 2047 545 2105 dctrrarii
568 2064 635 2105 cum
656 2065 676 2106 u
699 2045 823 2106 diversis
842 2045 958 2107 actibus
977 2049 1129 2126 occupati,
1153 2049 1255 2107 actarii
1280 2061 1349 2106 vero
1368 2049 1532 2126 scriptores
1547 2067 1572 2104 rs

226 2164 369 2216 actorum.
406 2152 573 2213 Αιιιεεειιιι·
594 2152 718 2212 datnrus
742 2154 952 2233 patrocinium,
977 2162 1117 2213 evocatur
1136 2152 1326 2232 praebiturus
1344 2152 1532 2233 obsequium,

228 2265 381 2322 invocatur
404 2268 610 2339 praestaturus
634 2259 783 2320 auxilium.
829 2258 993 2337 adportare
1017 2268 1063 2320 est
1090 2258 1199 2339 aliquid
1224 2259 1354 2340 adierre,
1378 2271 1531 2339 asportare

227 2369 346 2429 auterre
369 2366 493 2447 aliquid,
516 2375 692 2446 conportarc
717 2364 803 2426 simul
826 2375 946 2445 portare
964 2367 995 2425 iu
1016 2384 1107 2426 unum
1131 2344 1243 2447 locum,
1266 2341 1423 2446 depertare
1443 2365 1532 2446 depo·

228 2493 313 2555 nere,
337 2483 493 2553 exportare
517 2472 630 2533 tollere.
674 2476 749 2534 Ante
773 2475 951 2552 praepositio
966 2453 1066 2534 multa
1090 2474 1247 2551 signiticat:
1271 2491 1337 2533 nam
1362 2483 1391 2533 et
1415 2481 1533 2553 tempus

229 2582 386 2661 significat,
415 2599 484 2641 cnm
512 2581 621 2641 dicitur
645 2576 728 2642 ‘ante
757 2582 836 2641 diem
864 2582 971 2641 icstum
999 2575 1155 2659 paschae'3
1183 2588 1213 2640 et
1241 2583 1454 2662 praesentiam,
1483 2575 1574 2657 utfso

230 2684 327 2748 ‘ante
347 2698 583 2768 conspectum
607 2690 768 2767 gentium
787 2686 962 2748 revelarit
986 2689 1166 2748 iustitiam
1186 2683 1308 2769 suam',
1327 2688 1356 2748 id
1372 2697 1419 2750 est
1433 2707 1533 2749 coram

230 2794 382 2875 gentibus3
407 2804 436 2855 ct
459 2796 645 2875 dignitatem,
669 2803 702 2855 ut
726 2790 865 2874 ‘posuit
883 2794 1052 2874 Ephraim
1075 2803 1156 2855 ante
1176 2790 1378 2855 llauasseu'
1403 2804 1433 2855 et
1457 2790 1534 2873 ‘qui

229 2911 311 2981 post
337 2921 387 2961 me
412 2905 509 2962 venit
532 2912 613 2962 ante
634 2920 685 2961 ure
711 2902 828 2962 lactus
852 2896 931 2981 est’,
955 2900 984 2961 id
1008 2908 1054 2960 est
1077 2899 1148 2959 milri
1168 2900 1317 2978 praelatus
1336 2909 1390 2961 est.
1427 2900 1535 2962 Album

230 3017 349 3089 natura,
373 3009 529 3069 candidum
550 3028 620 3069 cura
640 3010 717 3070 iacit.
756 3010 922 3069 drmarium
943 3008 992 3069 ubi
1017 3025 1272 3087 quarumcumque
1291 3010 1400 3069 artium
1423 3010 1534 3069 instru-

232 3125 329 3175 menta
354 3125 519 3196 servantur,
543 3119 801 3176 armamentarium
826 3114 877 3176 uhi
901 3123 1014 3175 tantum
1034 3114 1091 3175 tela
1110 3133 1269 3175 armorum.
1306 3114 1427 3175 Accedit
1445 3135 1499 3195 per
1519 3135 1576 3176 ess
1642 3103 1647 3113 “

231 3222 267 3283 ab
291 3222 482 3302 ambulando,
506 3222 613 3282 accidit
636 3225 717 3302 peri
742 3223 778 3282 ab
798 3231 913 3282 ειειιιιι.
951 3223 1025 3282 ιιιιιε
1049 3223 1227 3301 praepositio
1251 3221 1401 3282 interdum
1421 3224 1535 3300 integra

233 3338 343 3403 manet,
368 3339 400 3390 ιιι
424 3330 572 3391 antecedit
595 3332 756 3410 antevenit,
780 3329 929 3389 interdum
953 3330 1114 3388 mutatione
1140 3330 1169 3386 in
1190 3331 1198 3387 i
1223 3328 1350 3388 litteram
1370 3332 1535 3408 corrumpi·

234 3447 292 3517 tur,
315 3444 349 3496 ut
371 3438 519 3515 anticipat.
557 3437 580 3495 Α
604 3444 633 3495 ει
657 3434 693 3495 ab
718 3444 747 3495 et
770 3435 822 3495 abs
846 3437 1080 3514 praepositiones
1105 3437 1194 3495 unicis
1215 3435 1438 3514 significationis
1457 3446 1537 3515 sunt,

233 3553 266 3604 ιιι
289 3563 305 3602 a
328 3562 390 3622 me,
418 3542 454 3601 ab
478 3543 611 3622 homine,
639 3542 754 3602 abstuli.
793 3543 844 3602 sed
873 3542 909 3601 ab
937 3543 1107 3622 saepissime
1136 3541 1286 3622 scribitur,
1315 3560 1382 3602 cum
1406 3561 1537 3622 sequens

234 3650 356 3710 verbum
384 3668 401 3708 a
426 3648 516 3708 vocali
544 3651 662 3727 incipit,
691 3669 727 3709 nc
756 3650 846 3709 dictio
876 3649 976 3709 multis
1004 3647 1236 3708 consonantibus
1265 3658 1416 3730 oneretur,
1444 3648 1580 3708 utebar

235 3792 298 3807 Ὗ.-.
348 3792 444 3797 -..,,.

324 3880 340 3927 2
358 3873 414 3928 iter
431 3874 582 3928 adsumunt
600 3875 679 3929 Beda
693 3892 722 3942 p.
738 3877 804 3938 264,
818 3880 851 3926 11
916 3880 931 3928 'l
951 3891 1001 3942 per
1019 3889 1050 3927 ce
1068 3891 1123 3928 non
1141 3890 1191 3943 per
1209 3891 1227 3942 q
1247 3873 1423 3928 scribendum
1442 3878 1485 3928 est
1505 3875 1542 3927 M

237 3973 287 4025 per
305 3972 320 4008 c
339 3953 516 4008 scribendum
536 3957 578 4008 est
597 3971 650 4008 non
670 3971 719 4022 per
737 3973 754 4024 q
774 3954 796 4008 S
813 3972 863 4023 per
882 3972 897 4008 c
916 3954 1090 4009 scribendum
1110 3958 1154 4008 est
1170 3972 1189 4022 p
1239 4011 1242 4016 ,
1264 3960 1296 4006 10
1316 3953 1416 4022 Aspiro
1435 3953 1541 4023 aspicio

238 4035 298 4089 sine
316 4034 335 4088 d
354 4033 500 4089 scribenda
518 4037 583 4088 sunt
600 4050 649 4102 per
669 4031 825 4102 simplicem
843 4052 856 4087 s
876 4036 913 4088 M
934 4034 1040 4104 asspiro
1060 4033 1177 4104 asspicio
1196 4033 1255 4088 sine
1274 4034 1292 4086 d
1314 4034 1460 4088 scribenda
1477 4037 1543 4087 sunt

236 4117 265 4169 et
283 4117 324 4184 (ει
337 4131 386 4168 om.
399 4118 431 4183 p)
449 4113 499 4183 per
513 4114 653 4184 duplicem
668 4133 681 4167 s
694 4114 746 4182 pS
818 4120 849 4167 11
870 4117 996 4185 Apparet
1009 4116 1083 4185 quod
1099 4115 1208 4169 videtur
1227 4130 1310 4182 perp
1329 4113 1447 4182 adparet
1464 4116 1542 4183 quod

142 4239 147 4246 .
238 4194 401 4263 obsequitur
418 4210 468 4263 per
483 4194 500 4246 d
517 4194 553 4247 M
570 4195 688 4264 apparet
705 4210 786 4262 perp
800 4195 875 4261 quod
889 4195 1001 4249 uidetur
1015 4195 1135 4263 adparet
1152 4192 1233 4263 perd
1252 4194 1327 4261 quod
1345 4193 1506 4262 obsequitur
1520 4194 1543 4250 S

238 4275 357 4346 adparet
373 4290 424 4344 per
442 4275 460 4326 d
480 4275 554 4343 quod
573 4277 617 4329 est
634 4272 833 4342 obsequiturp
853 4277 971 4344 apparet
989 4273 1036 4343 qui
1055 4273 1167 4327 uidetur
1180 4273 1298 4340 adparet
1315 4273 1364 4340 qui
1378 4273 1544 4341 obsequitur

238 4357 318 4412 Beda
331 4373 362 4425 p.
378 4359 444 4420 264,
459 4359 495 4409 15
552 4360 582 4408 13
602 4371 683 4408 omne
698 4353 804 4422 lignum
819 4354 922 4407 dicitur
938 4354 974 4407 Μ
987 4370 1069 4408 omne
1083 4352 1191 4423 lignum
1207 4355 1250 4407 est
1258 4371 1281 4421 p
1299 4368 1380 4406 omne
1399 4351 1506 4421 lignum
1521 4353 1544 4407 S

292 4438 391 4490 Arena
411 4465 444 4474 -
471 4442 503 4488 14
527 4436 614 4503 perb
637 4433 768 4490 scribitur
790 4450 840 4488 om.
860 4434 913 4502 Sp,
937 4435 1000 4488 add.
1022 4434 1059 4486 Μ
1080 4439 1105 4488 ει
1128 4433 1292 4489 Frobeuiue.
1322 4435 1462 4501 lacunam,
1487 4453 1543 4504 qua

240 4517 363 4583 definitio
386 4532 491 4569 avenae
514 4517 629 4581 εεειιιιι,
651 4516 783 4570 iudicavi.
812 4531 913 4582 avena,
937 4514 962 4568 si
979 4515 1015 4569 ad
1033 4531 1161 4584 germen,
1186 4514 1246 4568 sine
1264 4514 1283 4567 h
1301 4530 1356 4583 sqq.
1377 4513 1544 4582 Frobcuius,

239 4612 343 4649 avenae
369 4595 463 4648 sterile
495 4611 623 4664 germen,
653 4593 778 4648 habenae
803 4594 959 4648 retinacula
983 4593 1170 4650 iumentorum
1195 4596 1275 4650 Beda
1299 4613 1329 4663 p.
1355 4598 1426 4660 264,
1450 4602 1489 4650 18

242 4683 272 4729 lb
297 4673 424 4729 Actuarii
447 4692 510 4729 cum
528 4693 546 4728 u
572 4674 602 4729 id
625 4677 668 4729 est
691 4674 808 4728 diuersis
832 4673 940 4728 actibus
965 4675 1095 4744 occupati
1117 4675 1247 4730 dicuntur
1271 4674 1358 4728 acturi
1385 4679 1464 4740 (corr.
1485 4676 1544 4744 -riii

240 4773 307 4811 uero
322 4755 470 4824 scriptores
486 4757 612 4810 actorum
626 4754 806 4823 appellantur
826 4753 863 4807 Μ
933 4752 1021 4807 astari
1034 4771 1100 4809 uero
1115 4755 1137 4809 S
1207 4762 1240 4810 21
1261 4754 1399 4811 reuelabit
1413 4755 1477 4808 Sd!

242 4842 274 4889 ιι
295 4835 324 4889 in
342 4834 352 4888 i
369 4834 507 4905 litteram]
527 4852 542 4888 e
563 4833 692 4902 litterap
765 4839 799 4886 28
819 4832 1039 4903 praepositiones
1057 4852 1107 4891 ora.
1128 4836 1165 4889 Μ
1164 4853 1186 4903 p
