3316 5474
637 390 685 444 DE
705 389 994 446 ORTHOGRAPHIA
1112 404 1130 433 ⁸
1400 388 1463 452 179

153 505 177 543 p.
192 493 244 534 8³01
261 492 287 532 P.

153 578 418 657 praetermissione
438 577 636 636 tractavimus.
673 583 777 636 rictum
797 578 875 636 enim
894 573 1032 634 omnibus
1053 591 1118 633 esse
1134 573 1223 633 credo
1242 573 1322 653 quod
1342 591 1464 634 necesse

154 693 217 764 est,
240 683 259 743 b
282 683 410 743 litteram
435 690 537 742 nostro
560 681 654 743 labori
678 685 859 762 propositam
883 684 909 742 si
932 699 1099 741 consonans
1123 681 1212 741 luerit
1235 689 1409 760 consecuta,
1432 683 1463 740 in

154 808 345 870 quacumque
373 789 502 850 dictione
530 807 595 848 eam
624 791 686 849 sine
716 788 806 849 dubio
833 787 938 868 scribi,
968 796 1001 848 ut
1032 787 1172 869 blanduS,
1199 787 1306 868 gibbus
1335 779 1465 867 κυρτός,

155 895 322 978 bratteam,
340 895 483 978 latebrae,
509 895 649 956 tenebrae
673 906 761 975 atque
780 898 878 956 omnia
904 895 980 956 talia.
1021 913 1101 956 nttnc
1119 893 1333 955 rationabiliter
1352 893 1464 954 mediae

125 1002 286 1083 sspllsbae
309 1011 444 1063 nostrum
469 1005 633 1063 sortientur
655 1002 794 1063 laborem.

248 1108 289 1170 Va
317 1110 425 1189 syllaba
456 1112 485 1170 in
513 1110 611 1170 medio
635 1112 762 1170 nominis
790 1113 885 1189 posita
914 1129 968 1189 per
991 1129 1009 1169 v
1032 1109 1194 1190 scribetur,
1223 1118 1257 1170 nt
1280 1128 1384 1170 avarus
1407 1108 1465 1170 cal-

157 1235 243 1298 vare,
255 1225 374 1298 praeter
393 1216 565 1298 carbasum,
583 1216 662 1296 qnod
681 1234 789 1277 nomen
809 1235 948 1295 graecum
966 1218 1060 1295 magls
1079 1234 1167 1294 quam
1186 1215 1309 1277 latinum
1328 1216 1465 1278 arbitror.

157 1324 298 1403 ambages
325 1327 405 1385 enim
433 1343 487 1403 per
511 1324 529 1383 b
558 1332 669 1384 mutam
697 1332 830 1399 notatur,
858 1332 909 1384 ant
937 1323 1016 1402 quod
1045 1325 1213 1402 praeposita
1236 1332 1283 1384 est
1308 1342 1337 1383 m
1360 1323 1468 1405 littera,

158 1441 213 1492 aut
235 1431 314 1510 quod
338 1450 373 1492 ex
397 1431 514 1492 duobus
537 1433 687 1510 corruptis
709 1449 816 1491 nomen
841 1430 1020 1492 arbitramur
1039 1433 1249 1511 compositum,
1274 1433 1357 1509 qirasi
1380 1430 1467 1491 ambo

114 1555 144 1594 m
159 1546 257 1599 actae:
276 1537 355 1599 unde
374 1537 483 1599 dicitnr
498 1546 528 1598 et
547 1537 668 1598 ambire.
701 1557 773 1617 ergo
792 1541 955 1618 composita
974 1538 1019 1598 rel
1038 1537 1210 1617 appellativa
1229 1537 1274 1598 vel
1294 1537 1467 1599 traductieia

161 1647 224 1705 sire
252 1645 381 1726 laeticia,
409 1645 438 1704 id
467 1655 513 1706 est
540 1664 616 1725 quae
645 1664 680 1705 ex
708 1645 772 1706 aliis
801 1646 875 1707 lacta
900 1656 982 1728 sunt,
1010 1655 1113 1707 notare
1136 1643 1280 1705 debemus
1307 1653 1467 1724 sequentes

161 1761 332 1833 prototypa,
365 1751 394 1812 id
422 1761 469 1813 est
495 1755 606 1832 primas
633 1753 809 1833 positiones,
839 1763 872 1814 ut
907 1772 1000 1814 novus
1028 1752 1152 1834 novalis,
1186 1754 1267 1812 rivus
1295 1750 1407 1832 riualis,
1437 1760 1469 1812 et

254 1967 267 2012 1
293 1959 360 2028 quia
383 1976 496 2016 neeesse
518 1960 608 2014 ABG
669 1966 685 2013 2
711 1961 805 2013 nostro
828 1959 917 2015 labori
942 1960 1115 2030 propositam
1135 1958 1241 2027 Carrio,
1261 1966 1279 2013 ῑι
1298 1960 1388 2015 labori
1406 1977 1469 2030 pro-

162 2039 256 2110 posita
276 2039 370 2095 Onon
389 2040 480 2095 labari
498 2039 689 2110 praepositam
703 2039 730 2093 A
749 2039 838 2094 labori
856 2040 1031 2110 propositam
1044 2040 1072 2093 B
1126 2045 1143 2093 3
1162 2039 1254 2109 gilbus
1269 2041 1386 2096 ΚΙΡΤΟ(
1405 2043 1469 2096 bra·

162 2123 241 2174 teum
260 2119 318 2174 Ac
390 2127 408 2174 4
432 2119 587 2191 bratteam]
611 2119 726 2173 bractea
743 2120 784 2173 vel
802 2119 962 2175 bracchium
981 2117 1247 2205 coniecikSemlerus
1318 2120 1469 2175 §sortien-

163 2201 211 2252 tur
227 2198 255 2251 Β
274 2199 429 2255 sortiuntur
448 2200 471 2253 G
487 2199 643 2255 sarciantur
662 2200 689 2253 A
761 2205 777 2253 8
796 2203 911 2257 notatur
928 2202 955 2255 B
973 2201 1107 2255 notantur
1125 2198 1183 2251 AG
1251 2217 1280 2253 m
1298 2200 1424 2269 litteram
1441 2200 1470 2254 B

202 2285 235 2334 10
257 2280 426 2335 traducticia
448 2280 476 2333 Β
499 2280 619 2335 ductilia
641 2278 699 2333 AO
770 2288 801 2336 11
826 2282 885 2337 aine
907 2281 1019 2338 factitia
1036 2279 1066 2334 id
1084 2280 1127 2333 est
1150 2278 1256 2348 primas
1276 2279 1419 2350 passiones
1438 2284 1472 2335 ut

165 2376 254 2415 nouus
274 2360 297 2413 0
318 2360 377 2415 siue
400 2359 515 2415 laeticia
536 2359 682 2430 primitiua
704 2378 755 2416 sua
773 2364 928 2432 sequuntur
945 2363 977 2415 nt
1000 2376 1090 2414 nouus
1108 2360 1135 2412 A
1226 2363 1358 2428 sequente
1376 2363 1470 2431 proto·

163 2440 226 2510 tipa
243 2441 271 2493 B
290 2444 323 2495 ut
340 2442 494 2509 sequantur
512 2443 666 2511 prototypa
685 2441 783 2497 Carrio
857 2447 889 2495 12
907 2441 1017 2497 nonalis
1036 2443 1065 2496 et
1082 2439 1159 2495 riuus
1176 2440 1203 2493 B

620 2682 802 2781 mauritan
822 2727 869 2781 DE
888 2727 911 2780 B
930 2726 977 2781 ET
996 2726 1021 2780 V

166 2895 306 2955 missione
331 2895 531 2954 tractavimus.
569 2901 672 2953 notum
696 2896 774 2954 enim
795 2892 932 2955 omnibus
951 2891 1041 2952 credo
1060 2895 1223 2954 consistere
1246 2894 1325 2973 quod
1349 2912 1471 2954 necesse

166 3008 226 3080 est,
253 3000 380 3060 litteram
405 3006 507 3059 nostro
536 2998 630 3061 labori
657 3003 839 3080 propositam
871 3002 896 3060 si
924 3019 1090 3060 consonans
1119 3001 1209 3061 luerit
1239 3012 1414 3080 consecuta,
1442 3002 1471 3059 in

157 3124 351 3187 -quacumque
371 3106 500 3166 dictione
519 3104 538 3165 b
558 3116 669 3168 mutam
688 3109 751 3168 sine
771 3106 860 3168 dubio
880 3106 985 3188 scribi,
1003 3116 1036 3167 nt
1056 3105 1195 3188 blandus,
1217 3106 1324 3185 gibbus
1343 3099 1472 3187 κυρτός,

167 3213 323 3294 bratteum,
340 3211 479 3293 latebrae,
502 3213 643 3275 tenebrae
667 3222 755 3293 atque
774 3216 872 3275 omnia
896 3213 971 3274 talia.
1011 3231 1090 3273 nunc
1114 3211 1329 3273 rationabiliter
1354 3211 1466 3272 mediae

140 3319 294 3399 ⁶syllabae
318 3328 453 3380 nostrum
478 3322 642 3380 sortientur
664 3318 803 3380 laborem.

256 3425 296 3486 Va
324 3424 433 3505 syllaba
460 3427 491 3485 in
519 3425 617 3485 medio
648 3426 776 3485 nominis
804 3427 899 3504 posita
927 3444 982 3505 per
1011 3444 1026 3483 ι
1055 3424 1221 3503 digammon
1250 3425 1412 3507 scribetur,
1440 3421 1505 3486 nt'

167 3551 272 3594 avarus
295 3532 434 3612 caluaria,
456 3540 577 3610 praeter
599 3530 769 3611 carbasum,
793 3532 872 3610 quod
896 3551 1003 3594 nomen
1026 3551 1166 3612 graecum
1184 3534 1277 3611 magis
1298 3551 1386 3613 quam
1410 3532 1473 3593 lati·

167 3658 240 3700 num
269 3637 406 3700 arbitror.
448 3637 585 3716 ambages
614 3640 692 3697 enim
720 3656 774 3717 per
797 3636 816 3696 b
840 3647 952 3699 mutam
975 3647 1109 3719 notatur,
1136 3648 1187 3701 aut
1210 3641 1277 3718 quia
1306 3640 1473 3718 praeposita

169 3753 214 3831 est
237 3762 265 3804 m
289 3743 402 3824 littera,
430 3753 480 3805 ant
508 3743 586 3823 quod
615 3763 650 3804 ex
680 3744 798 3806 duobus
821 3748 971 3825 corruptis
994 3764 1101 3806 nomen
1126 3745 1305 3807 arbitramur
1328 3747 1473 3825 composi-

130 3864 157 3903 ιο
172 3858 246 3932 tum,
266 3853 351 3930 quasi
370 3850 456 3910 ambo
475 3859 570 3912 actae:
589 3851 668 3912 unde
688 3851 797 3912 dicitur
816 3862 846 3913 et
864 3842 999 3913 ambire!
1014 3871 1084 3931 ergo
1103 3855 1264 3932 composita
1284 3851 1329 3912 rel
1348 3851 1473 3932 appella-

171 3959 267 4018 tiones
290 3957 335 4018 vel
359 3957 531 4020 traducticia
555 3959 616 4018 sive
641 3959 769 4040 laeticia,
794 3959 822 4019 id
847 3968 893 4020 est
916 3978 991 4039 quae
1015 3979 1050 4019 ex
1075 3960 1139 4020 aliis
1162 3962 1237 4021 iacta
1261 3968 1347 4038 sunt,
1371 3968 1473 4019 notare

168 4063 312 4125 debemus
336 4072 495 4144 sequentes
518 4057 731 4145 πρωτότυπα,
759 4075 792 4126 ut
819 4083 912 4126 novus
936 4065 1060 4145 novalis,
1088 4073 1118 4125 et
1146 4065 1318 4146 derivativa,
1346 4073 1379 4124 ut
1403 4063 1474 4124 niba

168 4169 315 4252 Albanus,
338 4169 408 4231 silva
433 4171 583 4250 Silvanus,
605 4173 689 4250 privo
713 4173 873 4250 priuatum,
897 4170 955 4231 libo
979 4169 1101 4232 libatum
1125 4173 1169 4232 uel
1200 4171 1363 4233 inlibatum.
1403 4188 1474 4248 qrro-

258 4379 389 4431 tuostro
408 4376 599 4447 praepositam
617 4375 694 4445 operi
714 4376 743 4428 P
811 4375 841 4430 in
859 4392 1034 4446 quacumque
1057 4382 1144 4446 parte
1156 4376 1352 4446 cuiuscumque
1376 4374 1475 4430 dictio·

171 4457 214 4511 nie
233 4457 262 4510 P
323 4464 339 4511 3
358 4458 376 4511 b
396 4459 476 4511 muta
494 4456 528 4510 N
586 4462 604 4509 4
622 4457 764 4510 bratteam
784 4454 813 4508 P
829 4455 969 4509 bratteam
988 4455 1021 4508 N
1080 4456 1212 4510 tenebrae
1226 4455 1352 4511 imbrifer
1365 4457 1476 4510 umbra·

171 4538 263 4592 omum
287 4538 423 4606 libripens
447 4536 579 4599 librarius
594 4537 708 4592 nubtias
727 4535 862 4592 scribtum
885 4535 994 4589 labrum
1016 4534 1134 4589 flabrum
1157 4535 1260 4590 librum
1279 4539 1364 4605 atque
1383 4535 1477 4591 omnia

169 4618 242 4674 talia
260 4619 289 4673 P
358 4618 455 4687 atque]
475 4632 565 4684 aeque
583 4617 617 4670 N
694 4622 710 4671 t
730 4616 882 4671 sortientur
901 4614 930 4667 P
946 4615 1079 4670 sortietur
1097 4617 1130 4670 N
1207 4622 1222 4670 '1
1243 4615 1356 4671 caluara
1373 4616 1407 4669 N
1421 4616 1477 4670 eal-
1552 4680 1558 4692 Ι

171 4714 237 4752 uere
256 4699 284 4752 P
359 4705 376 4752 8
394 4699 444 4751 ant
461 4702 576 4764 utroque
594 4697 650 4751 loco
670 4697 699 4750 P
715 4714 752 4751 an
768 4696 802 4750 N
878 4702 894 4750 9
912 4711 1014 4752 nomen
1031 4697 1086 4751 hoc
1103 4696 1271 4752 arbitramur
1290 4696 1319 4749 P
1397 4703 1431 4751 10
1449 4699 1478 4751 et

171 4793 221 4832 om.
241 4778 269 4831 P
331 4785 361 4831 11
382 4777 428 4831 vel
446 4773 615 4830 maducticia
634 4775 662 4828 P
679 4792 714 4829 an
732 4774 900 4831 traducticin
918 4775 951 4829 N
1012 4783 1045 4831 te
1064 4779 1097 4831 ut
1114 4776 1191 4831 rivus
1208 4775 1305 4831 rivalis
1323 4779 1353 4831 et
1370 4776 1477 4831 derivo

171 4861 231 4911 tnm
250 4857 316 4912 alra
333 4856 450 4911 alveum
468 4857 540 4912 silva
558 4853 682 4910 silvanus
700 4872 789 4911 norm
807 4857 908 4911 novale
925 4855 1005 4927 privo
1026 4857 1054 4910 P
1122 4854 1280 4911 derivativis
1299 4855 1372 4910 Alba
1389 4855 1423 4908 N

1157 4946 1212 4998 tt*
