3316 5474
597 365 645 419 DE
674 364 929 420 DIFFERENTIIS
1354 365 1418 429 531

118 478 140 516 p.
155 469 289 508 rem-asor
302 467 327 506 Ρ.

119 562 150 613 et
169 553 284 631 litigant
301 552 450 631 homines,
469 569 518 611 res
537 553 568 611 in
587 553 819 611 controversiam
840 550 1006 611 deducitur.
1043 552 1082 611 ita
1101 553 1301 612 controversia
1320 553 1422 631 partis,

120 660 156 719 lis
179 678 320 720 summae.

208 765 311 826 Rixam
334 775 364 827 et
386 783 523 846 pugnam.
571 766 633 825 rixa
657 767 722 825 sine
740 767 831 825 armis
850 774 895 825 est
914 772 946 824 et
973 763 1063 824 babet
1086 765 1303 845 defensionem,
1325 784 1422 843 pugna

120 873 214 950 legem
242 872 329 934 habet
362 872 406 933 vel
440 872 603 933 naturalem
632 872 677 932 vel
706 871 855 933 moralem.
901 880 952 932 aut
979 873 1058 931 enim
1091 870 1272 951 palaestram
1302 871 1421 939 exhibet

93 983 259 1040 snrtutem
283 988 335 1041 ant
357 982 447 1040 armis
470 999 524 1059 per
547 998 661 1040 summa
682 982 760 1040 ritae
782 977 915 1058 pericula
938 977 1066 1039 dimicat

208 1086 330 1148 Occulte
354 1098 384 1147 et
407 1086 489 1147 olam.
536 1086 651 1148 occulte
676 1086 779 1165 latent,
803 1084 877 1145 clam
901 1084 1031 1159 celanti

208 1194 320 1254 Navum
339 1204 370 1255 et
388 1193 524 1254 celerem.
558 1211 651 1254 navus
669 1210 685 1252 a
704 1193 864 1272 praecipuo
883 1193 966 1251 navis
984 1210 1076 1252 cursu
1095 1191 1217 1272 dicitur,
1236 1192 1281 1252 vel
1299 1192 1421 1253 alterius

124 1319 211 1361 causa
226 1319 332 1382 naeus,
351 1304 402 1379 qui
418 1301 517 1362 studet
536 1319 590 1381 per
608 1300 740 1360 officium
759 1316 847 1359 sunm
866 1297 951 1358 alteri
966 1297 1121 1378 prodesse:
1141 1299 1220 1360 celer
1235 1309 1280 1361 est
1295 1299 1421 1378 [celere]

123 1408 247 1468 naturali
271 1407 373 1469 babitu
399 1412 429 1469 et
447 1408 554 1486 recipit
573 1408 823 1487 comparationem
843 1405 1148 1488 superlationemque,
1171 1409 1240 1485 qnia
1258 1425 1421 1487 cognomen

81 1530 107 1566 10
121 1523 174 1575 est.
220 1516 260 1574 ita
284 1531 375 1574 navus
398 1531 519 1592 operam
539 1520 624 1573 navat
642 1513 740 1594 alteri,
764 1511 845 1572 celer
862 1521 897 1572 ut
915 1529 998 1572 suam
1017 1529 1082 1571 rem
1101 1513 1140 1572 ita
1159 1512 1283 1573 alterius
1302 1531 1421 1593 quoque

121 1621 258 1682 celeriter
281 1621 405 1701 perlicit

209 1727 321 1806 Agilem
344 1736 374 1788 ct
397 1734 552 1787 strenuum
576 1737 606 1788 et
629 1728 745 1788 fortem.
791 1725 896 1805 agilem
919 1727 996 1786 actio
1024 1727 1108 1805 lacit,
1137 1734 1292 1787 strenuum
1317 1734 1424 1807 motus,

120 1837 227 1895 lortem
252 1852 369 1914 corpus.

210 1941 424 2002 Contumeliam
448 1949 478 2000 et
505 1943 651 2001 iniuriam.
698 1939 907 2001 contumeliam
930 1941 1076 2018 inierunt,
1099 1943 1237 2001 iniuriam
1261 1943 1421 2020 patiuntur.

82 2064 107 2103 15
210 2046 382 2127 Spectacula
417 2056 447 2107 et
479 2056 687 2128 spectamenta.
737 2046 904 2127 spectacula
937 2046 1001 2107 loca
1032 2055 1103 2108 sunt
1135 2047 1213 2108 unde
1246 2056 1423 2130 spectamus,

121 2165 322 2236 spectamenta
346 2174 421 2234 quae
444 2163 627 2233 spectantur.

210 2263 364 2323 Pascentia
388 2271 419 2322 et
441 2260 617 2341 pabulantia¹
655 2263 806 2341 pascentia
825 2269 896 2323 sunt
915 2280 989 2342 quae
1009 2280 1045 2322 ex
1064 2280 1096 2322 so
1115 2271 1256 2345 pascunt,
1279 2272 1313 2323 ut
1331 2271 1424 2344 prata,

121 2377 151 2430 et
173 2373 323 2450 pascentia
347 2371 490 2449 mancipia
514 2387 589 2447 quae
612 2377 751 2450 pascunt3
778 2368 844 2429 ideo
867 2372 956 2430 etiam
983 2378 1117 2450 pastores
1145 2377 1303 2433 vocantur:
1332 2370 1422 2451 pabu-

122 2477 209 2537 lantia
233 2495 302 2536 vero
327 2495 402 2555 quae
425 2482 603 2556 pascuntur,
626 2484 661 2536 ut
682 2478 822 2537 iumenta.

80 2600 107 2638 eo
211 2583 361 2642 Volventia
379 2590 410 2642 et
428 2582 573 2642 volubilia.
610 2581 756 2643 volventia
774 2601 850 2662 quae
864 2582 997 2663 volvunt,
1015 2581 1151 2643 volubilia
1168 2601 1243 2662 qnae
1258 2583 1421 2646 volvuntur.

210 2692 347 2750 Animum
372 2699 401 2749 et
424 2691 558 2750 animam.
604 2691 720 2750 animus
743 2690 869 2769 qualitas
893 2691 1031 2770 viventis,
1054 2692 1149 2749 anima
1174 2708 1261 2750 cansa
1286 2692 1370 2750 vitae.

211 2798 361 2857 llateriam
399 2805 428 2856 et
461 2798 621 2857 materiem.
677 2798 816 2857 materies
848 2798 938 2855 animi
972 2804 1031 2875 est,
1051 2788 1056 2876 Ι
1077 2797 1196 2856 materia
1230 2794 1358 2876 arboris,
1394 2805 1424 2856 et

123 2908 261 2966 materies
284 2904 409 2983 qualitas
432 2905 556 2986 ingenii,
579 2905 702 2964 materia
725 2902 816 2964 labris
840 2912 914 2983 apta.

212 3011 351 3071 hebescit
378 3020 408 3070 et
436 3009 608 3071 hebetescit.
659 3009 793 3072 hebescit
821 3013 872 3090 qui
900 3019 1005 3071 natura
1032 3008 1229 3090 obstupescit,
1260 3008 1423 3071 hebetescit

83 3134 109 3174 es
123 3122 174 3197 qui
198 3120 318 3178 amitttit
340 3119 442 3177 aciem.

211 3225 252 3284 Ila
280 3233 310 3284 et
338 3224 419 3285 cedo.
469 3228 544 3286 cedo
568 3223 624 3284 sibi
647 3226 745 3303 poscit
766 3233 797 3285 et
820 3234 866 3285 est
889 3223 1042 3305 inmobile,
1064 3223 1116 3284 dat
1139 3225 1189 3302 qui
1212 3220 1236 3301 †
1260 3243 1319 3284 non
1342 3225 1422 3284 finite

125 3334 193 3393 lacit
217 3332 325 3392 datum.

215 3581 246 3627 12
271 3575 345 3628 Inter
368 3574 471 3644 agilem
496 3577 526 3629 et
548 3578 692 3629 strenuum
715 3576 745 3628 et
766 3573 868 3630 sortem
892 3576 922 3628 et
943 3574 1068 3629 validum
1092 3617 1098 3629 .
1122 3573 1226 3644 agilem
1249 3573 1324 3628 aetio
1348 3573 1425 3640 lacit,
1531 3598 1539 3613 ·
1620 3530 1623 3541 Ι

124 3658 267 3709 strenuum
290 3657 392 3721 metus,
416 3654 517 3708 fortem
541 3655 663 3721 animus,
690 3653 816 3708 validum
840 3672 940 3724 corpus
963 3656 1020 3710 cod.
1046 3655 1136 3709 Moot.
1223 3661 1256 3708 22
1277 3653 1425 3709 Materiam

123 3737 202 3790 Beda
220 3740 307 3803 2793
379 3740 414 3788 24
432 3734 565 3789 Hebescit
583 3735 661 3790 Beda
679 3739 781 3801 emt

214 3975 226 4020 1
248 3967 280 4018 ut
298 3964 411 4033 litigent
430 3966 578 4021 Putscds‘us
649 3968 737 4037 pertis
755 3971 799 4022 est
816 3968 900 4021 editio
917 3967 1088 4021 Aeeettsiona
1160 3973 1176 4019 5
1191 3967 1295 4020 uirtute
1310 3974 1327 4020 ia
1340 3966 1425 4019 armis

124 4048 157 4100 N
176 4046 310 4099 uirtutem
332 4046 377 4098 uel
401 4046 486 4100 ermis
510 4062 527 4104 ς
613 4047 720 4102 telam
743 4048 855 4102 caelent
876 4048 965 4103 Alteri
989 4063 1044 4101 non
1067 4046 1184 4115 prodere
1208 4046 1291 4101 alteri
1315 4046 1424 4101 caelare

124 4126 246 4182 naturali
263 4125 363 4179 habitu
382 4126 455 4181 inest
473 4145 490 4186 5
508 4131 595 4184 verbm
613 4145 682 4198 quoe
699 4129 731 4182 in
753 4130 843 4184 codiee
863 4134 963 4196 postet
986 4128 1108 4182 officium
1132 4145 1212 4180 suum
1234 4128 1339 4194 scripto
1360 4131 1425 4178 suot

124 4210 177 4262 buc
200 4208 374 4275 transpositis
465 4213 481 4260 8
505 4209 604 4279 navus]
628 4209 711 4261 notua
733 4222 750 4264 5
844 4208 927 4262 alteri
946 4240 977 4246 —
999 4207 1097 4261 habitu
1120 4224 1170 4260 om.
1194 4223 1211 4265 ς
1306 4206 1425 4260 celerem

125 4287 213 4342 celere
232 4284 353 4339 naturali
366 4285 400 4337 N
472 4293 504 4340 14
519 4285 721 4341 Contumeliam
736 4290 765 4341 et
778 4286 908 4341 iniuriam
919 4331 925 4342 .
936 4287 1139 4342 Contumeliam
1154 4288 1278 4342 inierunt
1293 4285 1424 4339 iniurium

125 4439 270 4508 patiuntur
289 4454 305 4495 5
325 4436 530 4490 Contumeliam
544 4367 716 4492 ilfilffim
730 4438 875 4508 patiuntur
888 4439 921 4491 N
991 4447 1024 4494 16
1038 4440 1210 4510 spectantur]
1226 4367 1385 4508 apomidi}
1395 4439 1428 4491 N

163 4525 193 4571 rt
214 4534 247 4571 ex
267 4520 433 4591 senpasount
446 4517 647 4586 Bottmonnwe,
666 4535 700 4572 ex
718 4535 748 4573 se
766 4524 919 4589 poscuntur
931 4520 964 4573 N
970 4536 987 4578 ς
1061 4525 1093 4573 18
1112 4518 1178 4586 quia
1196 4522 1347 4586 pascuntur
1360 4519 1393 4571 N
1400 4533 1427 4585 5,

125 4599 192 4669 quia
214 4603 332 4667 poscunt
355 4598 543 4650 Buttmonmts
629 4604 661 4652 19
681 4616 754 4666 quae
771 4599 935 4670 pascuntur]
960 4615 1031 4668 quae
1053 4599 1096 4653 ita
1117 4601 1235 4653 utuntur
1252 4598 1285 4651 N
1300 4615 1372 4666 quse
1390 4598 1426 4651 iia

126 4681 277 4734 utuntur5
349 4684 384 4730 24
403 4677 451 4745 qui
469 4683 583 4745 tetroque
601 4679 657 4732 loco
675 4679 768 4741 Beda,
787 4679 862 4748 quod
880 4686 993 4750 utroque
1012 4682 1069 4733 loeo
1086 4680 1119 4732 N
1126 4695 1143 4737 5
1220 4679 1426 4748 obstupescit5

126 4758 313 4826 oboturpescit
339 4757 401 4809 N·
450 4765 483 4812 26
512 4758 555 4810 Da
581 4760 611 4811 et
637 4757 705 4812 cedo
733 4757 808 4813 Cedo
831 4759 885 4813 sibi
908 4774 924 4816 5
948 4763 991 4813 Do
1012 4762 1042 4814 et
1063 4759 1132 4814 cedo
1156 4759 1210 4813 sibi
1233 4758 1265 4811 N
1346 4759 1425 4813 finire

126 4838 276 4892 Fabricio
