3316 5474
144 339 210 403 514
313 326 316 333 '
634 335 809 391 rsvsmru
828 334 948 390 usssn

142 456 166 492 p.
180 440 225 482 scs.
240 441 280 481 sss
294 439 322 478 1.

312 543 398 604 mea,
422 542 509 603 qnae
533 529 678 603 praeter
701 539 798 601 spem
822 539 988 601 evenere,
1012 527 1161 581 utantur
1186 523 1293 602 sine,

143 623 221 684 idem
246 622 319 684 And.
343 625 432 699 (prol.
455 623 510 694 13)

355 739 444 800 quae
467 720 661 781 convenire
684 720 721 778 in
744 717 912 779 Andriam
935 713 958 796 †
980 723 1204 796 receperunt

352 818 498 896 fatetur
522 815 756 879 transtulisse
780 834 816 878 se
842 814 937 894 [utar]
961 833 1064 876 usum
1086 832 1149 894 pro
1172 816 1271 891 suis,

142 916 220 978 idem
243 916 348 978 lleaut.
371 919 407 991 (I
426 917 507 992 tut)
1499 923 1511 962 ⁵

297 1015 389 1095 quod
413 1014 489 1076 illis
512 1023 611 1076 aetas
635 1014 722 1073 mira
745 1013 786 1073 ad
809 1013 896 1074 haec
919 1012 1050 1074 utenda
1073 1012 1202 1073 idonea
1227 1021 1308 1096 est,

142 1111 201 1173 Cic.
231 1111 377 1173 Siciliensi
405 1114 452 1184 (in
482 1113 566 1173 Verr.
591 1112 629 1172 II
648 1111 758 1185 luas)
790 1129 879 1190 quae
912 1109 1002 1172 bona
1034 1113 1064 1172 is
1096 1111 1157 1190 qui
1191 1119 1474 1175 testamentum

142 1210 294 1292 lecerat,
316 1209 503 1290 aliquanto
526 1217 715 1289 antequam
738 1218 794 1271 est
815 1217 993 1290 mortuus,
1021 1208 1104 1270 huie
1127 1206 1319 1270 Heracleo
1345 1214 1472 1272 omnia

142 1307 275 1369 utenda
294 1326 332 1368 ac
354 1306 574 1388 possidenda
599 1307 807 1369 tradiderat

230 1404 347 1467 Vacuus
374 1405 428 1467 hac
456 1424 502 1487 re,
531 1405 588 1466 Sal.
616 1407 685 1469 hist
713 1407 725 1466 l
754 1424 900 1468 vacuum
928 1407 1037 1467 istum
1064 1402 1088 1484 †
1111 1403 1267 1466 urbibus
1302 1407 1469 1470 militari
1483 1422 1506 1461 ¹⁰
1543 1442 1546 1451 ·

142 1512 275 1586 aetate,
298 1503 357 1565 Cio.
381 1504 485 1584 Philip.
509 1504 521 1564 l
546 1501 669 1582 (10,25)
694 1507 795 1566 vacui
819 1512 912 1565 metu
941 1521 1021 1564 esse
1049 1502 1220 1564 debemus
1244 1550 1252 1564 .
1280 1523 1407 1568 vacuus
1431 1505 1467 1567 ab

144 1603 199 1663 hac
222 1620 269 1684 re,
292 1603 370 1663 idem
394 1622 411 1660 s
435 1603 497 1663 Sal.
524 1604 610 1664 Catil.
634 1605 732 1678 (511)
756 1601 796 1664 ab
820 1602 901 1663 odio
924 1603 1083 1662 amicitia
1111 1603 1164 1662 ira
1187 1603 1466 1666 misericordia

142 1720 289 1762 vacutrm
314 1720 393 1762 esse
417 1701 521 1761 decet
545 1749 551 1760 .
576 1720 685 1762 vacuus
708 1701 787 1762 illius
811 1702 869 1781 rei,
893 1700 949 1760 Sal.
973 1699 1034 1778 lug.
1059 1700 1161 1775 (90,1)
1190 1718 1278 1779 ager
1310 1701 1464 1782 lrugum

102 1810 105 1814 '
143 1818 277 1860 vacuus
301 1848 307 1859 .
332 1810 414 1861 vacat
437 1800 491 1860 hae
515 1819 561 1881 re,
585 1798 669 1878 Verg.
694 1799 765 1860 hen.
789 1797 829 1859 lll
852 1799 942 1872 (123)
967 1797 1068 1858 hoste
1092 1791 1253 1875 vacaret

230 1897 328 1977 Vsque
352 1898 408 1959 sub
431 1897 511 1959 illam
535 1917 612 1977 rem,
635 1897 709 1957 duae
733 1897 981 1977 praepositiones,
1005 1894 1090 1973 Verg.
1114 1912 1194 1974 geor.
1218 1895 1228 1955 l
1254 1896 1350 1968 (211)
1476 1912 1500 1951 1⁵

271 2014 382 2075 usque
407 1996 472 2058 sub
496 2006 692 2057 extremum
716 1993 862 2055 brumae
885 1992 1134 2054 intrectabilis
1157 1991 1320 2053 imbrem.

231 2093 332 2154 Victus
356 2094 402 2155 illa
426 2115 473 2175 re,
496 2094 580 2173 Verg.
604 2095 674 2154 hen.
698 2092 751 2153 llll
774 2092 846 2165 (29)

365 2195 481 2253 victus
505 2210 622 2251 amore
646 2195 713 2271 tui,
737 2192 882 2270 cognati
906 2192 1079 2268 sanguine
1104 2193 1231 2250 victus.

230 2288 306 2350 Vrbs
334 2299 365 2350 et
392 2308 499 2350 nomen
531 2288 644 2368 plurale
677 2287 883 2368 subiunctum,
916 2286 999 2365 Verg.
1027 2286 1098 2347 hen.
1126 2286 1152 2347 X
1185 2286 1278 2358 (168)
1314 2292 1456 2370 quique

142 2387 266 2450 urbem
296 2388 434 2468 liquere
463 2386 586 2467 Cosas,
613 2386 672 2446 Cic.
701 2386 738 2446 de
767 2389 858 2466 siguis
887 2389 933 2459 (in
969 2387 1053 2447 Verr.
1083 2387 1132 2447 ll'
1156 2385 1288 2461 52,117)
1324 2387 1493 2448 urbemn

144 2486 342 2566 Syracusas
366 2487 546 2545 maximam
571 2503 651 2545 esse
675 2484 897 2545 Graecarum.
936 2478 938 2482 ’

230 2583 371 2645 Volntans
394 2585 456 2644 suis
479 2582 618 2663 genibus,
641 2581 726 2661 Verg.
750 2582 819 2642 den.
845 2580 960 2653 ll(IIl
978 2581 1062 2655 007)
1086 2598 1198 2660 genua
1222 2580 1453 2660 amplectens

140 2681 368 2762 genibusque
397 2680 561 2742 volrrtans
591 2680 764 2742 haerebat
788 2729 794 2740 .
818 2699 835 2737 s
857 2698 972 2760 genua
1001 2678 1297 2759 advolvebantur,
1328 2680 1411 2741 idem
1434 2701 1452 2738 1

230 2854 321 2910 (ledea
341 2855 490 2909 Parrhasii
534 2861 547 2907 1
572 2856 685 2908 utentur
775 2859 792 2907 4
816 2852 920 2909 latetur
943 2868 993 2906 oin.
1018 2852 1119 2905 lacuna
1142 2867 1188 2904 seu
1211 2849 1267 2915 sere
1291 2851 1450 2907 litterarum

79 3059 84 3071 ‚
141 2999 236 3052 relicta
317 2997 398 3067 910]
417 2996 453 3050 ad
537 3004 569 3051 10
587 2944 681 3051 vacula¹
694 2944 779 3051 istdlm
853 2994 998 3061 11111111
1017 3035 1183 3049 ......
1202 2993 1238 3048 11)
1257 2992 1323 3047 0110
1343 2994 1450 3049 laeum

140 3077 227 3132 111111
253 3078 309 3144 sere
336 3078 489 3130 litterarum
513 3077 545 3131 in
567 3078 648 3131 initio
671 3093 763 3133 uerna
786 3076 882 3130 relicta
967 3081 999 3129 13
1024 3075 1102 3146 eger]
1128 3077 1190 3129 uter
1276 3073 1448 3144 14111111]

140 3172 242 3210 vacuos
260 3172 330 3210 corr.
349 3172 453 3210 vacuus
530 3161 685 3214 1811101.
706 3199 712 3210 .
733 3198 739 3210 .
760 3155 899 3239 ,0031111
923 3157 1024 3211 lucusta
1051 3159 1180 3225 quattuor
1206 3155 1262 3221 sere
1290 3153 1449 3208 litterarum

138 3246 236 3318 relicta
311 3251 341 3298 19
361 3243 476 3314 quique]
497 3244 597 3313 quibus
667 3251 702 3299 20
721 3245 806 3301 Coeba

231 3413 244 3459 1
266 3408 380 3461 utantur
401 3404 543 3459 Terentius
614 3413 630 3459 3
649 3424 722 3474 quae
741 3422 894 3462 convenere
912 3405 941 3459 in
960 3404 1093 3459 Andriam
1113 3421 1145 3458 ex
1164 3403 1309 3459 Perinthia
1327 3404 1447 3460 Fatetur

140 3485 315 3541 transtulisse
339 3488 423 3552 atque
446 3503 526 3539 usum
549 3503 600 3555 pro
626 3487 682 3540 suis
707 3487 864 3552 Terentius,
886 3487 936 3540 ubi
956 3483 1132 3539 transtulisse
1155 3502 1184 3539 se
1207 3503 1288 3539 usum
1312 3502 1363 3554 pro
1388 3485 1447 3539 suis

140 3567 218 3621 ltabet
236 3567 319 3622 codex
343 3566 518 3621 Victorianus
612 3567 721 3635 equod
741 3567 791 3621 illa
809 3568 887 3622 aetas
906 3566 995 3636 magis
1014 3565 1050 3619 ad
1069 3564 1138 3619 haee
1157 3564 1262 3618 utenda
1279 3563 1385 3619 idonea
1403 3570 1448 3620 111

144 3646 286 3700 Terentius
304 3668 312 3698 :
331 3645 400 3699 mire
423 3645 459 3698 ed
483 3646 552 3700 haee
575 3648 668 3716 legisse
690 3648 863 3701 drusianam
886 3647 999 3701 coniecit
1026 3645 1235 3699 Lindemunnus
1326 3653 1341 3700 'l
1371 3664 1447 3716 quae

139 3727 214 3780 bonu
232 3727 256 3780 11
275 3725 324 3795 qui
341 3725 542 3778 testamentum
554 3725 660 3779 lecerat
673 3726 738 3780 huie
751 3726 881 3782 Heraclio
895 3728 960 3782 ante
976 3725 1133 3794 aliquanto,
1152 3742 1237 3794 quum
1251 3725 1294 3779 est
1308 3730 1446 3794 mortuus,

140 3805 235 3861 o'mnia
262 3805 366 3859 utenda
392 3821 425 3858 ae
452 3804 620 3874 possidenda
647 3807 803 3862 tradiderat
831 3808 923 3862 Cicero
1014 3814 1047 3861 10
1079 3822 1196 3861 vacuam
1228 3805 1312 3860 istam
1345 3807 1447 3862 urbem

140 3884 300 3942 hominibus
328 3883 444 3937 militari
475 3887 568 3938 aelate
601 3887 714 3941 coniecit
741 3888 962 3956 Lindunannus,
995 3905 1112 3943 vacuam
1140 3888 1224 3941 istam
1250 3886 1349 3939 urbem
1377 3886 1447 3942 viris

140 3964 256 4019 militari
275 3966 368 4019 aetate
387 3965 538 4019 Hennenses
547 3983 577 4034 p.
592 3970 628 4020 17
648 4008 653 4020 .
672 3984 791 4022 vacuum
811 3969 896 4023 istum
915 3968 1056 4024 laboribus
1074 3966 1204 4023 militaris
1222 3966 1323 4020 aetatis
1341 3969 1448 4023 conieci

141 4048 198 4101 incl.
222 4046 278 4100 leet.
303 4043 369 4098 Hal.
394 4050 457 4098 aest.
482 4063 506 4100 a.
531 4052 604 4101 1879
627 4064 653 4115 p.
682 4048 734 4100 XI
823 4053 855 4101 tt
884 4049 919 4102 ab
943 4048 1007 4103 odio
1030 4047 1156 4102 amicitia
1174 4047 1215 4101 ira
1234 4049 1318 4114 atque
1339 4045 1447 4102 miseri·

140 4125 236 4181 cordia
262 4140 364 4179 vacuos
390 4142 450 4178 esse
478 4124 559 4180 decet
587 4127 736 4182 Sallustius
767 4129 847 4182 Cutil.
877 4135 937 4198 51,1
966 4172 972 4184 .
998 4135 1061 4184 ante
1089 4129 1218 4183 Sallustii
1244 4127 1326 4180 verba
1355 4133 1448 4183 111111

141 4209 290 4276 euemplnm
310 4204 448 4259 Ciceronis
466 4208 596 4262 1111111110
614 4210 721 4263 uidetur
795 4214 827 4261 13
846 4225 914 4278 ager
933 4212 1026 4264 autem
1046 4208 1140 4264 aridus
1159 4213 1188 4262 11
1205 4207 1319 4275 frugum
1340 4223 1447 4262 vacuus

141 4288 291 4342 Sallustius
310 4288 374 4356 Iup.
394 4293 457 4353 90,1
477 4291 502 4340 et
520 4287 630 4341 Nonius
644 4307 673 4356 p.
693 4294 748 4343 490
822 4295 855 4343 18
873 4290 963 4344 victua
982 4307 1075 4344 amore
1095 4287 1150 4354 tui,
1169 4289 1287 4356 cognato
1307 4287 1448 4357 sanguiue

140 4368 230 4422 vietus
250 4367 387 4436 Vergilius
467 4372 501 4420 tu
517 4366 598 4437 Verg.
613 4370 680 4423 hen.
695 4371 732 4440 X]
747 4371 816 4425 dnos
831 4370 946 4439 Vergilii
955 4385 1046 4424 ausus
1056 4370 1181 4436 confudit
1191 4367 1360 4431 Arusianus,
1374 4368 1446 4422 Aen.

143 4448 173 4500 X
187 4453 243 4504 523
258 4450 288 4502 et
301 4464 392 4517 genua
406 4447 579 4516 amplectens
593 4449 693 4503 ellatur
707 4449 778 4503 talia
791 4451 907 4519 supplex
922 4449 1102 4504 eldeum
1117 4452 1172 4502 007
1186 4447 1295 4501 dixerat
1308 4449 1338 4500 et
1352 4465 1449 4517 genua

141 4528 285 4599 amplexus
304 4529 476 4599 genibusque
495 4526 624 4582 volutans
642 4530 776 4584 haerebat
795 4575 800 4585 .
820 4531 917 4585 deinde
939 4531 994 4583 duo
1012 4528 1140 4582 Sallustii
1163 4530 1283 4598 exnnpla
1297 4537 1448 4598 0011111111

141 4608 175 4673 es.
202 4608 275 4662 Sere.
302 4610 333 4662 in
363 4610 440 4680 Verp.
460 4609 529 4662 Aen.
554 4608 573 4660 Ι
597 4612 652 4662 307
680 4626 750 4676 quas
773 4612 856 4664 vento
880 4610 1030 4664 accesserit
1047 4625 1122 4663 oras:
1147 4609 1205 4662 sine
1229 4611 1448 4683 praepositione,

141 4687 289 4742 Sallustius
309 4689 412 4759 ‘genua
431 4693 540 4759 patrum
560 4688 768 4743 advolvuntur'.

672 4872 910 4879 -—---—-..—.
