3316 5474
482 381 531 436 DE
550 381 648 437 ARTE
668 381 775 439 METR.
796 381 844 436 ΕΤ
864 382 911 436 DE
932 378 1116 436 OR'I'HOGR.
1383 374 1448 440 225

145 569 301 646 quisquam
330 569 411 628 novit
440 566 484 627 vel
512 567 654 649 prodidit3
682 569 769 649 adeo,
792 577 826 629 ut
853 567 1067 628 celeberrimus
1090 564 1165 625 Cave
1194 563 1264 625 illud
1294 565 1372 623 inter
1401 561 1451 622 de-

144 674 260 753 perdita
288 692 446 735 recensere
474 691 534 734 non
563 673 749 735 dubitaverit.
790 673 864 754 Nos,
893 692 960 735 cum
984 675 1217 734 vetustissimum
1241 671 1373 731 codicem
1398 687 1452 728 ms.

145 781 340 841 bibliothecae
372 773 577 842 lllustrissim'e
591 779 808 860 hietropolitani
832 779 959 860 Capituli
983 780 1232 861 Salisburgensis,
1260 795 1385 837 numero
1410 773 1449 836 ‘ll
1511 772 1514 776 “

145 888 351 969 subnotatum,
374 895 405 948 et
427 889 506 947 circa
529 888 647 947 initium
671 906 729 948 sec.
753 885 801 946 lX.
825 894 976 947 exaratum
1001 887 1169 948 evolventes
1199 884 1398 946 incideremus
1421 883 1451 942 in

145 995 321 1074 opusculum
345 992 622 1073 orthographicum,
649 995 728 1054 inter
751 995 895 1074 genuinas
918 993 1059 1072 epistolas
1083 993 1198 1053 Alcuini
1224 990 1264 1052 ihi
1288 991 1452 1069 descriptas

145 1103 403 1182 comprehensum,
422 1101 536 1179 opinari
555 1103 698 1181 cepimus,
718 1100 746 1160 id
765 1103 864 1181 ipsum
883 1119 948 1162 esse
968 1100 1145 1179 opusculum
1160 1100 1191 1160 B.
1207 1099 1323 1160 Aletrini
1342 1097 1450 1158 hucus-

145 1227 202 1287 que
231 1207 440 1268 desideratum.
477 1205 539 1266 Nec
567 1209 681 1287 opinio,
710 1215 743 1267 ut
771 1207 960 1289 confidimus,
984 1225 1043 1268 uos
1071 1206 1187 1288 fefellit,
1215 1207 1293 1268 idem
1324 1221 1451 1282 namque

145 1313 321 1393 opusculum
349 1331 443 1392 aeque
471 1321 587 1373 vetusta
616 1330 704 1373 mauu
733 1315 877 1394 scriptum
905 1313 961 1374 sub
989 1316 1107 1376 nomine
1135 1313 1231 1374 Albini
1254 1312 1386 1392 Magistri
1415 1309 1452 1370 ab

146 1422 248 1480 amicis
267 1439 301 1481 ac
320 1419 471 1480 sodalibus
490 1421 600 1479 nostris
615 1419 857 1481 San-Maurianis
871 1429 1023 1500 repertum
1044 1421 1148 1480 initio
1169 1419 1346 1480 bibliotheca
1360 1418 1452 1496 Regia

145 1526 318 1602 Parisiensi,
351 1529 381 1587 in
410 1524 474 1586 cod.
503 1544 628 1586 numero
655 1523 742 1587 4841
774 1534 887 1606 notato,
922 1528 970 1586 cui
991 1544 1053 1607 otu
1080 1526 1154 1586 inies
1182 1544 1240 1586 non
1269 1522 1452 1603 adhibeatur,

146 1633 224 1694 nulla
248 1634 333 1714 plane
353 1652 442 1695 causa
461 1641 513 1693 aut
530 1634 605 1693 ratio
625 1627 803 1694 succurrit’.
838 1634 868 1692 in
887 1631 1022 1692 Parisino
1041 1633 1157 1712 codice,
1181 1635 1267 1693 euius
1285 1628 1452 1691 Frobenius

146 1743 326 1801 retentionem
358 1742 441 1820 iecit,
473 1746 593 1819 praeter
630 1739 827 1818 fragmentum
855 1737 951 1799 liedae
984 1757 1074 1818 supra
1107 1747 1369 1799 commemoratum
1403 1736 1451 1796 hic

145 1845 221 1906 liber
242 1846 351 1927 legitur
375 1849 428 1920 ita,
452 1849 560 1922 incipit
581 1848 782 1922 ortoprapbio
802 1848 899 1906 albini
915 1849 1058 1921 mape'stri
1077 1846 1128 1906 Me
1146 1850 1229 1921 leput
1247 1848 1390 1919 antiquos
1408 1877 1452 1887 —

145 1955 251 2014 birrus
275 1957 436 2031 proprium
463 1971 492 2031 p.
515 1948 613 2013 2344,
650 1951 753 2014 eadem
780 1955 935 2033 inscriptio
960 1961 1005 2013 est
1032 1954 1120 2013 etiam
1149 1955 1179 2012 in
1208 1951 1311 2013 codice
1335 1950 1450 2013 Laudo-

147 2061 231 2118 nensi
253 2056 319 2120 448
344 2079 419 2121 saec.
443 2058 497 2139 lx,
525 2060 554 2118 in
579 2076 638 2137 quo
667 2067 735 2140 post
757 2060 873 2122 Alcuini
900 2059 1009 2121 librum
1037 2059 1074 2120 de
1098 2069 1162 2120 arte
1191 2060 1380 2139 grammatica
1402 2057 1451 2118 hic

145 2164 221 2225 liber
244 2167 373 2245 scriptus
396 2173 455 2247 est,
478 2167 585 2241 incipit
608 2167 829 2243 ortbopropbiu
852 2169 950 2228 albini
970 2169 1113 2242 mapistri
1135 2167 1186 2228 Me
1209 2171 1290 2242 lepot
1313 2183 1391 2243 sqq.:
1414 2165 1451 2225 cl.

146 2271 297 2352 catalogue
320 2273 439 2352 general
462 2273 515 2333 des
537 2275 716 2335 manuscrits
738 2272 792 2335 des
815 2258 1034 2354 bibhotlreuues
1057 2273 1216 2355 publiques
1238 2274 1291 2335 des
1314 2273 1450 2354 departe-

147 2387 242 2440 mcnls
266 2399 292 2441 1.
315 2380 326 2440 l
350 2400 378 2461 p.
402 2377 477 2442 231.
500 2383 530 2441 in
554 2381 678 2465 reliquis
701 2380 854 2442 codicibus
878 2399 954 2460 quos
976 2380 1035 2441 ridi
1059 2400 1167 2442 nomen
1192 2382 1347 2461 scriptoris
1370 2379 1450 2440 addi·

146 2495 209 2546 tum
237 2505 297 2547 non
326 2496 379 2548 est.
418 2496 488 2548 sunt
511 2495 610 2549 autem
638 2487 682 2568 hi,
710 2487 987 2567 llontepessulanus
1010 2483 1075 2548 306
1098 2495 1130 2548 et
1154 2486 1352 2568 Sangallensis
1375 2483 1451 2565 249,

146 2609 221 2670 quos
245 2592 332 2652 modo
356 2595 386 2654 iu
410 2568 619 2674 orthographia
642 2592 739 2654 Bedae
762 2596 1003 2674 commemoravi,
1031 2592 1199 2654 beruenses
1223 2603 1298 2674 tres,
1325 2589 1391 2654 330
1414 2591 1451 2652 ab

145 2697 279 2759 Usenero
307 2719 382 2762 mus,
405 2700 499 2762 Rhen.
523 2719 549 2760 v.
573 2699 653 2761 Xllll
677 2694 717 2783 (a.
745 2696 846 2782 1861)
870 2721 897 2780 p.
921 2697 987 2762 416
1011 2701 1193 2781 descriptus,
1223 2696 1302 2779 338,
1332 2717 1368 2759 ex
1391 2716 1451 2776 qno

145 2805 319 2888 Putschius,
347 2817 381 2869 ut
409 2808 484 2889 diri,
512 2805 623 2868 librum'
645 2807 751 2889 edidit,
779 2803 858 2887 243,
885 2806 1013 2867 Parisini
1037 2803 1119 2867 7521
1147 2816 1177 2867 ct
1202 2801 1450 2885 1551111311-

147 2915 296 2973 manensis
326 2911 419 2974 1441.
462 2924 550 2992 atque
579 2932 613 2973 er
642 2913 689 2974 his
716 2931 835 2994 quoque
864 2913 1127 2993 sangermanensis
1155 2912 1311 2972 conlirmat
1342 2928 1450 2971 nomen

146 3016 243 3079 Albini
267 3022 460 3099 praescriptis
479 3021 617 3082 versibus
635 3021 752 3082 duobus
770 3031 800 3082 et
818 3023 921 3101 viginti
940 3021 975 3082 ad
995 3019 1134 3081 llarolum
1154 3039 1270 3099 regem,
1291 3020 1451 3094 splendido

146 3126 217 3184 dum
236 3129 344 3186 rutilat
361 3130 457 3188 roseis
476 3130 601 3188 Aurora
623 3131 784 3204 puodripis
802 3146 880 3206 squ:
901 3127 939 3187 cl.
958 3126 996 3187 de
1017 3144 1141 3205 gramm.
1159 3125 1296 3206 quibusd.
1319 3125 1371 3185 inl.
1395 3133 1450 3185 aet.

146 3249 174 3310 p.
198 3229 228 3313 8,
252 3231 367 3292 dlcuini
390 3252 437 3313 op.
461 3253 486 3294 r.
511 3232 537 3293 ll
560 3253 587 3313 p.
611 3230 676 3295 238
700 3234 745 3295 ed.
770 3233 856 3295 Frob.

235 3337 278 3397 Ex
307 3338 353 3398 his
381 3357 456 3417 quae
485 3339 545 3400 dixi
573 3344 644 3402 satis
672 3351 794 3422 apparet
817 3339 913 3400 lledae
944 3356 1066 3419 nomen,
1095 3338 1172 3417 quod
1197 3338 1357 3399 Putschius
1381 3338 1450 3399 huic

147 3443 222 3504 libro
252 3447 459 3528 praescripsit,
489 3465 504 3505 a
535 3445 618 3508 libris
649 3466 737 3509 manu
767 3449 886 3527 scriptis
917 3446 1026 3506 nullam
1054 3444 1261 3507 auctoritatem
1289 3439 1451 3528 hahere*),

147 3550 198 3610 sed
230 3553 368 3630 quoniam
400 3552 489 3614 multa
519 3572 594 3632 quae
625 3556 655 3615 in
686 3554 766 3615 illius
794 3554 869 3615 libro
900 3553 1039 3634 leguntur
1069 3555 1194 3633 repetita
1223 3562 1293 3613 suut
1323 3555 1352 3613 in
1384 3551 1450 3635 hoc,

147 3657 306 3718 Putschius
325 3656 405 3719 hunc
424 3659 589 3721 breviorem
609 3663 718 3743 potius,
736 3678 824 3740 quem
844 3662 907 3721 sine
927 3662 1044 3721 nomine
1063 3661 1194 3721 auctoris
1216 3661 1327 3721 inuno
1347 3659 1449 3720 codice

148 3765 290 3844 scriptum
315 3766 481 3845 invenerat,
504 3785 592 3845 quam
616 3767 698 3828 illum
722 3767 908 3849 ampliorem,
931 3769 1017 3828 cuius
1035 3767 1168 3828 codicem
1193 3786 1279 3829 manu
1304 3769 1449 3847 scriptum

149 3887 206 3929 non
225 3869 365 3951 habebat,
389 3870 484 3932 Bedae
504 3873 695 3936 tribuendum
714 3893 780 3935 esse
800 3876 920 3955 putavit.
956 3881 1076 3953 praeter
1095 3873 1333 3956 orthographiam
1353 3872 1449 3934 Bedae

36 4039 43 4044 ,
148 3986 246 4037 autem
273 3977 395 4038 Albinus
424 3982 572 4058 excerptis
596 3979 774 4040 Cassiodorii
802 3989 875 4040 usus
903 3988 956 4041 est.
994 3978 1030 4039 ab
1058 3980 1105 4040 his
1133 3980 1249 4042 duobus
1278 3979 1450 4041 auctoribus

149 4085 227 4144 enim
255 4084 341 4164 longe
365 4087 490 4145 maxima
518 4085 606 4145 huius
635 4084 701 4145 libri
730 4103 799 4163 pars
822 4086 948 4165 repetita
972 4092 1031 4166 est;
1059 4104 1151 4166 pauca
1179 4106 1254 4166 quae
1278 4086 1354 4166 apud
1384 4085 1449 4145 illos

149 4208 207 4250 non
236 4192 442 4272 inveniuntur,
470 4193 500 4251 in
529 4193 632 4270 primis
660 4194 690 4252 in
718 4191 776 4252 line
800 4193 889 4252 unius
913 4193 1057 4269 cuiusque
1081 4191 1211 4274 litterae,
1240 4195 1303 4272 ipse
1328 4191 1450 4252 Albinus

148 4297 267 4359 addidit.
292 4300 322 4358 in
342 4298 450 4378 quibus
464 4299 649 4359 Priscianum
667 4301 827 4359 nominavit
844 4316 872 4377 p.
887 4294 984 4360 2341,
1012 4297 1168 4358 abeodem
1186 4297 1301 4359 1111111
1319 4317 1347 4378 p.
1361 4294 1450 4378 49,5

149 4413 286 4485 excerpta
310 4404 347 4464 de
370 4405 638 4484 praepositionibus
658 4423 717 4482 pro
736 4412 766 4464 et
781 4422 861 4480 proc
884 4423 911 4484 p.
928 4401 1016 4465 2342
1038 4407 1151 4484 petivit.
1184 4424 1220 4465 ex
1239 4404 1326 4486 Capri
1350 4404 1448 4466 ortho-

149 4493 269 4592 graphia
292 4532 321 4591 p.
343 4507 414 4591 100,
436 4508 457 4570 ι’)
481 4511 699 4571 adnotationem
723 4511 759 4571 de
778 4508 925 4571 adverbiis
945 4517 1092 4584 protenus
1116 4519 1146 4570 et
1164 4513 1307 4586 protinus
1329 4512 1452 4591 recepit.

238 4683 264 4751 *)
284 4682 315 4735 In
334 4697 389 4735 uno
408 4681 504 4736 codice
522 4681 674 4752 Reginenm
694 4685 761 4737 1181
786 4680 894 4736 decimo
913 4681 1024 4736 11101110
1042 4681 1158 4752 scripto,
1176 4679 1230 4751 'qui
1253 4682 1321 4737 olim
1341 4682 1452 4739 Nicolai

150 4762 257 4816 Heinsii
276 4762 343 4830 luit,
363 4760 500 4830 excerptis
518 4760 628 4830 Albini,
646 4763 679 4816 ut
696 4762 820 4831 ridetur,
837 4761 931 4818 Bedae
945 4780 1047 4819 nomen
1066 4763 1269 4835 praescriptum
1288 4765 1452 4834 01101110

148 4843 269 4911 graphia
286 4842 380 4896 Bedae
397 4849 465 4898 recte
482 4844 620 4899 scribendi
639 4844 689 4898 Me
706 4844 778 4913 iepoi
796 4843 927 4913 conquas
944 4861 1004 4914 sqq,

204 4951 359 4980 uuaaarrcr
373 4951 458 4980 narrar
479 4952 522 4981 111.
735 4950 744 4967 ·
1206 4939 1239 4988 lb
