3316 5474
283 375 326 439 ‘28
489 429 492 433 .
775 378 950 432 Tuntmrn
969 378 1099 432 sulvat

284 488 304 523 p.
319 478 379 515 nect.
395 479 420 514 aa
436 478 459 514 r.

285 564 453 621 consentire
483 563 539 621 iam
569 562 844 624 demonstravimus.
882 573 1022 624 cantem
1046 566 1076 623 in
1100 562 1197 623 dativo
1221 566 1368 644 ponimns,
1391 574 1425 624 ut
1448 567 1486 624 sit
1510 565 1592 625 dille·

286 670 380 727 rentia
409 669 456 728 cni
486 677 516 727 ot
543 670 607 748 qui,
636 668 664 727 id
693 679 739 729 est
768 670 856 729 ‹latiri
887 670 937 747 [et
960 669 1097 747 vocativi]
1126 669 1284 749 singularis
1314 680 1343 732 et
1368 673 1540 732 nominativi
1562 681 1593 732 et

286 777 408 834 vocativi
432 773 562 852 pluralis.
600 793 777 854 quamquam
802 776 965 836 secundum
995 776 1155 855 analogiam
1185 795 1288 837 omnes
1312 787 1412 856 partes
1439 779 1591 851 orationis,

285 899 358 960 quae
387 900 441 960 per
468 900 555 941 casus
583 880 781 960 declinantur,
811 882 932 941 eandem
961 880 1089 941 litteram
1113 885 1142 941 in
1167 885 1260 960 prima
1290 892 1374 962 parte
1400 902 1460 960 per
1487 902 1592 944 omnes

285 1005 372 1046 casus
394 996 523 1068 servent,
547 1005 634 1066 quatu
658 990 837 1048 nominativo
861 988 1025 1049 habuerint„
1606 1007 1619 1045 s

376 1093 450 1154 Cum
474 1094 594 1173 quidam
617 1112 671 1172 per
695 1113 772 1174 catut,
796 1113 854 1154 non
879 1093 950 1154 tndli
975 1113 1028 1173 per
1047 1113 1151 1176 quom3
1175 1096 1294 1173 quidam
1314 1098 1401 1157 etiarn
1422 1115 1487 1156 esse
1507 1096 1590 1157 dille·

285 1203 411 1261 rentiam
434 1211 553 1282 putant,
580 1202 659 1280 qnod
689 1203 868 1280 praepositio
897 1200 1016 1279 quidem
1045 1220 1098 1280 per
1121 1221 1151 1282 c,
1180 1221 1248 1263 citra
1277 1201 1340 1284 nto,
1368 1221 1436 1262 curn
1460 1203 1591 1284 Claudio,

284 1325 352 1366 eum
383 1306 518 1389 Camillo,
546 1307 718 1368 adverbium
748 1316 846 1367 autem
877 1327 931 1386 per
960 1326 978 1386 q
1006 1308 1112 1368 debeat
1141 1290 1245 1389 scribi,
1274 1317 1308 1369 ut
1330 1327 1420 1387 quom
1444 1308 1592 1391 legissem,

285 1432 375 1493 quom
399 1416 546 1497 iecissem,
568 1417 708 1494 quoniam
727 1416 840 1494 antiqui
859 1432 913 1493 pro
933 1413 990 1474 boc
1009 1414 1147 1474 adverbio
1168 1433 1253 1475 carme
1273 1414 1418 1495 dicebant,
1444 1424 1476 1476 ut
1495 1415 1590 1476 Numa

283 1523 313 1581 iu
337 1521 442 1581 Saliari
466 1524 595 1582 carmine
1606 1541 1632 1578 ιο

443 1626 594 1707 †cuine
618 1648 730 1708 ponas
755 1628 950 1689 Leucesiae
975 1636 1190 1705 praetexere
1215 1630 1327 1687 monti

443 1735 627 1813 quotibet
651 1739 763 1797 etinei
787 1736 828 1795 de
853 1737 881 1795 is
905 1752 982 1794 cum
1006 1743 1176 1794 lunarem.

374 1859 432 1919 l'er
460 1863 654 1921 concitionem
684 1859 731 1920 illa
760 1858 924 1918 adnotanda
950 1854 954 1936 l
980 1865 1063 1936 sunt,
1093 1856 1154 1934 [ut]
1184 1861 1345 1939 negotium,
1369 1861 1453 1919 citius
1477 1863 1591 1939 primae

289 1964 414 2044 syllabae
438 1985 457 2044 g
476 1965 565 2026 debet
588 1967 717 2046 adiungi,
741 1985 799 2026 uon
824 1965 969 2042 sequenti,
992 1963 1071 2042 quod
1096 1964 1206 2025 dictum
1231 1974 1277 2025 est
1300 1967 1384 2043 quasi
1408 1985 1463 2026 nec
1483 1970 1591 2049 otium3

215 2128 221 2135 .
288 2074 358 2131 item
383 2074 508 2151 nescire,
532 2071 609 2151 quod
635 2076 671 2134 sit
697 2092 733 2133 ne
758 2074 845 2150 scire,
868 2078 898 2129 et
920 2068 1013 2148 exsul,
1037 2073 1076 2128 ita
1095 2080 1129 2129 nt
1152 2089 1166 2129 s
1186 2073 1321 2148 sequenti
1342 2071 1467 2150 syllabae
1488 2074 1590 2136 adiun·
1607 2080 1631 2118 ¹⁵

286 2187 381 2259 gatnr,
405 2181 472 2257 qnia
497 2180 680 2257 signilicetnr
703 2189 785 2240 extra
809 2178 904 2238 solnm
928 2179 1039 2255 patriae
1063 2180 1180 2237 missus.

371 2283 450 2344 llaec
479 2295 549 2346 sunt
577 2305 651 2365 qnae
680 2287 798 2364 urgenti
827 2293 958 2363 tempore
988 2282 1145 2362 complecti
1178 2283 1230 2344 tibi
1254 2286 1284 2344 in
1309 2289 1475 2364 praesentia
1498 2292 1591 2368 potui.

287 2408 370 2416 ——a
377 2410 395 2415 -
399 2409 498 2416 -...—..

372 2471 621 2536 scampina
695 2472 727 2521 15
746 2465 852 2520 nescire
866 2482 897 2533 p.
916 2468 998 2530 12‚1
1072 2465 1150 2518 exsul
1164 2482 1195 2533 p.
1214 2472 1265 2532 22,
1283 2471 1318 2520 nt

1475 2589 1483 2616 1

378 2635 390 2680 1
412 2626 673 2697 demonstravimus]
685 2646 715 2696 p.
725 2632 801 2691 18,a'
865 2623 893 2676 in
912 2622 1008 2677 daliuo
1024 2639 1157 2689 ponemus
1172 2626 1222 2678 Ρω
1242 2625 1393 2681 indicatiua
1412 2645 1549 2697 ponemus
1562 2631 1590 2683 Β

341 2713 356 2759 2
376 2707 421 2759 eni
440 2709 467 2759 et
487 2707 571 2774 quide
590 2707 703 2760 datinus
721 2708 751 2760 et
769 2704 914 2758 uocatiuus
934 2702 1084 2773 singularis
1103 2704 1153 2757 sed
1175 2706 1341 2760 nominatini
1365 2708 1482 2776 pluralis
1499 2711 1527 2763 Β
1546 2710 1591 2764 cui

285 2785 400 2856 etquid
419 2788 460 2840 est
480 2785 616 2840 deliniet
639 2785 784 2841 uocatinns
809 2782 958 2852 singularis
978 2785 1022 2836 set
1044 2782 1210 2838 nominaliui
1229 2789 1258 2838 et
1280 2786 1404 2839 noeatini
1430 2788 1548 2856 pluralis
1567 2788 1595 2841 P

283 2865 328 2920 eui
347 2866 443 2936 etqui
461 2865 491 2920 id
510 2869 552 2920 est
571 2865 660 2919 datiui
680 2867 708 2918 et
727 2861 849 2917 noeatiui
868 2862 1018 2932 singularis
1037 2863 1087 2918 aad
1105 2867 1134 2918 et
1152 2864 1319 2918 nominatini
1337 2868 1366 2918 et
1384 2867 1510 2921 aoaatiui
1529 2868 1591 2936 plu·
1653 2860 1657 2871 '

283 2946 351 3000 ralis
370 2967 391 3000 ω
474 2944 668 3013 3analoigam
686 2943 723 3008 Β,
742 2959 811 2996 corr.
832 2942 1024 3010 analogiamb
1103 2961 1197 2999 omnes
1211 2946 1306 3013 priore
1325 2944 1381 3000 loco
1400 2963 1450 3002 orn.
1469 2949 1507 3015 Β,
1526 2951 1590 3004 add.

284 3024 335 3078 Pa
426 3032 515 3095 4per
528 3024 679 3093 posteriore
705 3024 762 3077 loco
781 3038 831 3075 om.
850 3021 934 3075 ΒΡω
1024 3026 1094 3079 bin
1113 3025 1286 3080 nominatino
1306 3045 1327 3078 ω
1417 3033 1507 3096 oper
1526 3047 1591 3084 eum

281 3159 408 3214 nonnulli
428 3176 477 3228 per
495 3174 580 3228 quom
599 3158 626 3211 B
646 3174 696 3226 per
715 3175 777 3211 cnm
797 3154 924 3209 nonnulli
943 3173 1096 3226 perquam
1116 3161 1166 3213 Por
1240 3165 1254 3212 ’1
1274 3158 1446 3227 praepositio
1463 3109 1590 3229 pgilifflii

354 3239 497 3309 camillo]
516 3239 567 3294 illo
586 3239 711 3293 BPillo
731 3237 813 3292 modo
833 3257 854 3289 ω
945 3238 1086 3310 Saulem]
1110 3242 1159 3292 aut
1176 3239 1204 3291 Β
1275 3245 1292 3292 9
1312 3255 1367 3307 qno
1385 3238 1513 3294 lemanem
1531 3241 1594 3295 BP

352 3335 431 3373 eume
449 3320 602 3385 Palscbins,
621 3319 701 3374 enine
716 3320 809 3375 ΒΡω.
828 3322 903 3370 retas
921 3319 1044 3373 adverbii
1061 3320 1151 3386 somna
1165 3336 1245 3373 eume
1259 3334 1315 3372 raon
1329 3323 1438 3386 poterat
1455 3320 1493 3373 ad
1511 3321 1589 3389 diffe-

282 3399 397 3452 rentiam
415 3401 570 3469 scripturae
588 3418 650 3454 enm
672 3401 885 3469 praepositionis
902 3405 927 3452 et
949 3416 1034 3467 quom
1054 3399 1176 3452 aueo-bit
1199 3399 1393 3464 ‹tesendendam
1414 3399 1525 3465 afferri,
1543 3404 1590 3455 sed

282 3482 345 3530 ante
367 3479 500 3545 quoniam
523 3480 656 3547 quaedam
674 3480 802 3533 sideritim
820 3479 920 3531 ornissa
938 3493 1005 3542 esse,
1023 3479 1122 3545 quibus
1141 3478 1300 3532 arlserbinm
1318 3492 1373 3531 non
1395 3477 1487 3530 minus
1505 3496 1589 3546 qnam

277 3559 507 3625 praepositionem
522 3575 573 3625 per
592 3573 607 3609 e
625 3558 795 3610 scribendum
813 3574 867 3611 ease
883 3558 1077 3626 aratrtmaticas
1091 3562 1268 3624 praeceperat
1365 3562 1395 3610 11
1415 3556 1446 3608 in
1464 3559 1588 3611 stersibns

281 3638 413 3691 canninis
431 3637 552 3693 Saliaris
570 3636 633 3690 dedi
650 3637 817 3705 scripturam
835 3637 935 3690 codicis
952 3637 979 3689 Β
1002 3652 1063 3690 citra
1082 3636 1133 3688 Po
1158 3637 1362 3690 coamentientem
1384 3640 1494 3703 praeter
1511 3637 1587 3702 baec,

282 3716 367 3771 etinei
388 3717 422 3771 de
440 3717 476 3789 is]
496 3717 577 3772 ennei
596 3716 631 3771 de
649 3715 693 3797 1118
713 3715 741 3767 P
755 3714 837 3769 ennei
855 3714 888 3767 de
908 3715 952 3767 his
971 3736 1000 3769 ω.
1020 3718 1115 3772 sedin
1135 3716 1163 3770 Ρ
1176 3713 1328 3769 Leucesiae
1347 3744 1379 3753 -
1398 3714 1478 3768 eunei
1496 3733 1586 3774 reeen-

282 3799 350 3850 tiore
369 3815 453 3852 erranti
470 3800 574 3866 scripta
591 3802 664 3851 saint.
692 3796 761 3850 clatos
778 3812 871 3849 cerasis
889 3795 1036 3849 Saturnios
1059 3799 1100 3851 ita
1125 3797 1303 3851 restituendos
1321 3797 1432 3852 contrad
1449 3796 1588 3867 Berpbins

282 3878 340 3931 ind.
364 3879 421 3931 leet.
442 3876 588 3945 diarbnrp.
614 3877 669 3930 bib.
693 3881 811 3931 (11817
832 3894 862 3944 p.
884 3876 968 3940 XII,
993 3874 1078 3929 Cr'une
1101 3880 1195 3944 tonitr,
1221 3878 1368 3946 bencenis,
1387 3879 1453 3947 prae
1471 3879 1514 3932 tet
1534 3880 1589 3935 tre·

281 3956 384 4024 monti,
404 3956 493 4021 Quom
512 3957 582 4010 tibei
602 3957 682 4011 oduei
702 3957 877 4010 decatumdm
895 3957 1028 4011 tonitront
1124 3965 1156 4011 13
1176 3957 1255 4011 illam
1273 3957 1434 4011 adnotanda
1451 3961 1517 4010 sunt
1536 3959 1588 4013 Pa

280 4037 360 4091 illam
383 4036 553 4091 aehiotanda
575 4040 638 4091 sunt
662 4038 687 4089 Β
795 4036 901 4102 primae
925 4036 1049 4105 syllabae
1072 4055 1092 4106 g
1114 4036 1217 4090 debeam
1240 4036 1290 4087 Pa
1314 4034 1422 4102 primae
1451 4036 1588 4094 sillabao

282 4117 385 4172 debeat
401 4118 430 4171 B
517 4122 550 4170 14
564 4134 623 4170 non
642 4115 769 4184 sequenti
788 4115 840 4168 Po
860 4117 1040 4185 consequenti
1057 4116 1085 4168 B
1170 4112 1263 4184 quasi]
1282 4115 1349 4181 quia
1366 4114 1453 4168 ΒΡω
1536 4136 1589 4173 nec

282 4197 371 4252 otium
390 4218 411 4252 ω
430 4197 574 4268 negotium
593 4198 654 4251 BP
740 4202 772 4249 lb
792 4196 927 4267 nescire]
947 4213 982 4250 ne
1001 4199 1031 4251 et
1047 4197 1117 4252 scire
1138 4196 1187 4248 Pa
1279 4199 1312 4246 16
1331 4191 1397 4260 quia
1414 4195 1589 4264 significetur

282 4277 436 4345 Patrobios,
451 4296 507 4347 qna
520 4278 691 4349 significetur
705 4275 756 4337 Pa
776 4290 859 4343 quam
876 4275 1045 4346 significetur
1060 4277 1085 4329 Β
1155 4275 1232 4328 Haec
1247 4273 1311 4326 sunt
1326 4302 1357 4310 —
1374 4278 1443 4339 29‚2
1460 4277 1588 4345 regulam

284 4357 363 4412 vides
382 4376 443 4413 etan
461 4360 498 4413 iis
516 4375 585 4429 quae
603 4356 681 4421 infra
699 4356 803 4423 scripta
820 4360 898 4420 sunt,
916 4361 964 4422 33,
985 4362 1017 4409 11
1041 4354 1208 4409 brevitatem
1226 4350 1309 4405 huius
1327 4349 1418 4406 libelli
1437 4385 1470 4394 -
1490 4373 1541 4425 per
1559 4374 1588 4411 se

283 4437 391 4491 censeri
408 4441 521 4507 poterat
538 4438 684 4494 cartianxit
703 4437 835 4490 b'senerns
852 4452 920 4489 raas.
937 4437 1011 4490 rhen.
1026 4452 1050 4491 a.
1068 4435 1152 4489 XXI
1159 4434 1183 4486 V
1197 4452 1224 4502 p.
1235 4438 1272 4488 94
1284 4449 1338 4502 sqq.
1366 4451 1399 4487 ca
1416 4452 1486 4503 qnae
1504 4437 1588 4490 inur-

279 4516 372 4583 pasita
389 4522 467 4582 sant,
485 4518 539 4572 Per
558 4537 573 4573 e
592 4535 655 4572 cum
674 4515 838 4571 adverbium
856 4515 1037 4583 temporis-
1057 4514 1279 4584 pronuntientur,
1298 4515 1336 4568 ad
1355 4513 1490 4569 Varronis
1504 4516 1589 4570 libros

282 4595 315 4647 de
332 4608 451 4648 sertnone
469 4597 557 4652 latriae
574 4600 646 4652 Mem
659 4598 801 4651 revocavit.
829 4596 925 4648 borum
939 4595 1087 4648 niaximum
1101 4601 1209 4663 partem
1227 4596 1259 4648 in
1275 4595 1408 4650 Varronis
1426 4595 1589 4664 [rapnoentis

278 4673 374 4741 pontit
398 4672 598 4731 lt'ilmannsins
615 4679 647 4730 de
667 4676 747 4732 Varr.
768 4677 829 4729 libr.
847 4691 959 4742 mantnt.
978 4691 1007 4740 p.
1023 4678 1079 4727 214
1092 4690 1147 4742 sqq.
1219 4673 1299 4742 potui
1318 4692 1346 4729 se
1366 4678 1444 4743 (corr.
1464 4673 1500 4743 si)
1519 4674 1587 4743 qaid

179 4796 185 4805 .
281 4753 309 4805 Β
328 4752 421 4821 potuit
439 4753 474 4806 he
493 4755 516 4806 si
535 4756 602 4823 qnid
621 4757 677 4822 (sed
695 4756 731 4809 he
750 4754 774 4808 si
793 4755 852 4807 alia
870 4769 954 4806 mann
972 4754 1048 4820 add.)
1069 4752 1105 4818 P,
1123 4751 1203 4820 potui
1223 4752 1331 4808 Thesea
1355 4752 1432 4821 qaod
1451 4774 1472 4806 ω
1497 4755 1587 4823 potui,

282 4829 403 4901 Thesea,
423 4831 446 4886 si
466 4832 532 4902 quid
554 4835 701 4888 Pntsebias
