3316 5474
541 363 716 420 EXEMPLA
734 362 1002 420 noocv'rlortvu
1360 361 1423 427 471

118 463 300 520 ummo

121 554 241 612 evenit
265 600 271 613 .
296 554 394 613 evenit
416 551 463 612 his
487 550 559 612 mihi
587 551 787 631 incommode,
814 549 882 610 Ter.
906 548 995 629 Hecy.
1018 549 1066 621 (V
1084 549 1177 623 ι119)
1204 550 1425 612 incommode

121 659 208 719 mihi
231 661 370 739 nuptiis
392 660 513 719 evenit
536 706 543 719 .

209 766 341 847 Expedio
360 784 406 826 me
424 766 479 827 hac
498 784 545 847 rc,
568 763 828 845 Cic.proCorn.1
847 766 926 825 eius
945 763 1038 824 modi
1057 763 1142 824 mitri
1166 764 1255 824 duos
1279 764 1425 844 laqueos

121 876 156 934 in
179 892 285 934 cansa
309 892 389 934 esse
412 873 636 954 propositos,
665 880 716 952 ut,
743 873 773 931 si
797 889 848 932 mc
872 870 986 932 altero
1010 870 1251 953 expedissem,
1278 880 1426 933 tenerer

93 979 234 1041 saltoro
259 1027 266 1040 .
289 979 413 1060 expedio
446 998 492 1042 me
527 998 563 1039 cx
595 978 649 1038 hac
681 996 729 1059 re,
760 978 828 1039 Ter.
851 978 932 1039 adet.
961 978 1027 1051 (IV
1047 978 1115 1053 4,9)
1145 998 1211 1058 quo
1240 980 1341 1040 modo
1374 1000 1425 1041 me

121 1087 304 1168 expediam
328 1106 368 1147 ex
391 1087 455 1148 hac
478 1083 606 1148 turba?

208 1189 349 1255 Excessit
372 1194 428 1254 hoc
451 1194 530 1274 loco,
553 1192 637 1273 Verg.
661 1194 732 1256 Aen.
756 1192 782 1252 11
806 1194 897 1267 (351)

365 1320 557 1362 excessere
580 1319 704 1362 omnes
728 1301 845 1381 adytis
868 1301 1014 1380 arisque
1037 1300 1181 1362 relictis

364 1409 444 1469 dii.

80 1531 106 1570 xo
120 1518 248 1576 excessit
265 1534 300 1576 ex
320 1516 375 1576 hoc
394 1520 473 1591 loco,
496 1515 564 1576 Ter.
583 1515 673 1596 Hecy.
693 1515 864 1590 (111212)
884 1522 919 1575 ct
937 1533 1024 1575 cura
1046 1534 1086 1575 ex
1111 1515 1218 1577 corde
1243 1519 1424 1578 excessit.

208 1621 366 1683 Excrucias
390 1640 435 1683 me
460 1623 507 1683 iiia
531 1642 577 1705 re,
605 1624 664 1684 Cic.
688 1624 724 1684 de
752 1631 892 1704 praetura
921 1625 967 1696 (in
998 1624 1082 1683 Verr.
1107 1624 1425 1699 aet.see.117,45)

120 1731 257 1790 socium
281 1729 312 1789 P.
336 1730 369 1790 R.
393 1740 500 1810 atque
529 1733 680 1791 amicum
708 1731 802 1791 iumo
831 1731 1080 1790 excruciatum
1111 1728 1242 1807 [unde]
1271 1730 1426 1810 reliquit

120 1839 360 1898 semivivum.

208 1942 296 2003 Elicit
319 1943 375 2004 hoc
399 1942 443 2004 rel
466 1943 549 2024 huic,
572 1942 658 2022 Verg.
681 1961 761 2022 geor.
785 1942 798 2002 1
822 1943 914 2016 (198)

81 2065 106 2106 15
374 2069 458 2110 ecce
483 2049 683 2129 supercilio
707 2049 836 2111 clivosi
859 2052 1018 2111 tramitis
1041 2050 1171 2111 undam

373 2156 506 2218 elicit.
727 2153 732 2162 ’

119 2263 199 2325 elicit
218 2263 254 2324 ab
273 2264 342 2346 hoc,
366 2265 425 2326 Cic.
445 2283 499 2345 pro
519 2263 657 2325 Deiotaro
676 2265 754 2339 (19)
773 2266 808 2325 in
832 2283 900 2344 qua
922 2267 1137 2344 quaestione
1161 2265 1264 2326 dolor
1288 2266 1422 2326 eiicere

120 2390 237 2432 veram
260 2390 381 2432 vocem
406 2374 524 2452 possit
547 2375 655 2432 etiam
677 2370 717 2432 ab
740 2373 856 2432 inrito
881 2419 887 2432 .

208 2477 336 2539 Exercet
358 2478 436 2539 illam
459 2497 539 2560 rem,
562 2476 647 2558 Verg.
671 2479 742 2540 Aoo.
766 2478 806 2539 111
829 2479 919 2553 (281)

79 2600 108 2640 ao
342 2594 516 2646 exercent
539 2588 676 2664 patrias
699 2585 777 2647 oleo
801 2586 946 2647 labente
971 2586 1172 2667 palaestras
1196 2636 1202 2648 .

36 2696 39 2703 '
119 2701 277 2752 exercetur
299 2690 348 2751 ilia
371 2710 417 2773 re,
440 2690 500 2752 Cic.
523 2691 561 2752 de
585 2695 679 2772 signis
702 2696 748 2766 (io
780 2694 864 2755 Verr.
885 2694 935 2754 IV
950 2694 1061 2770 25,56)
1085 2693 1166 2754 dom
1189 2696 1296 2755 armis
1320 2713 1422 2755 exer-

120 2807 254 2859 cetur.

209 2905 301 2965 Enixa
325 2905 430 2978 tilium,
455 2905 539 2986 Verg.
563 2907 633 2967 den.
657 2905 708 2966 vlt
732 2907 827 2981 (329)
851 2909 955 2986 ignes
978 2910 1084 2968 enixa
1108 2909 1255 2988 iugales.

208 3010 319 3072 Exsors
333 3012 422 3072 huius
437 3017 496 3087 rei,
516 3011 601 3092 Verg.
617 3014 688 3073 Aen.
704 3011 741 3073 Vl
760 3014 854 3087 (128)
878 3033 967 3094 quos
991 3015 1107 3076 duicis
1131 3018 1224 3076 ritae
1248 3024 1420 3078 exsortes.

79 3135 106 3175 es
208 3117 334 3179 Excudit
362 3119 431 3179 huic
460 3124 520 3195 rei,
549 3118 634 3199 Verg.
658 3121 728 3180 Aen.
753 3121 765 3181 1
790 3122 884 3194 (171)
918 3121 1015 3182 silici
1049 3122 1244 3183 scintillam
1278 3122 1424 3183 excudit

120 3225 272 3286 Achates
296 3273 302 3284 .
326 3245 468 3287 excussos
495 3225 550 3287 hac
573 3212 620 3307 re,
649 3225 734 3307 Verg.
757 3227 828 3288 Aen.
853 3226 902 3287 Vll
927 3229 1020 3303 (299)
1048 3232 1133 3308 quin
1165 3233 1275 3291 etiam
1307 3230 1424 3309 patria

120 3333 328 3407 excussos!
1336 3402 1340 3408 ,

209 3439 304 3500 Effeta
327 3438 416 3499 huius
441 3442 498 3519 rei,
521 3437 606 3519 Verg.
630 3440 702 3502 Aen.
726 3440 776 3500 Vll
796 3443 895 3515 (149)
919 3444 1067 3522 verique
1092 3445 1203 3506 effeta
1227 3451 1424 3505 senectus.

209 3546 262 3606 Est
285 3564 423 3627 cernere,
446 3545 531 3626 Verg.
552 3548 622 3609 Aen.
642 3547 679 3606 Vi
699 3549 792 3622 (595)
816 3557 938 3610 terrae
962 3552 1222 3631 omnipotentis
1246 3548 1423 3610 alumnum

80 3672 271 3715 aocernere
296 3662 385 3733 erat,
409 3655 451 3713 sic
475 3672 555 3732 geor.
580 3654 634 3715 1111
657 3657 755 3729 (117)
780 3676 894 3736 neque
923 3666 980 3718 est
1008 3666 1040 3718 te
1070 3657 1198 3718 tallere
1222 3659 1424 3737 quicquam,

120 3760 186 3822 buc.
211 3759 338 3834 (10,de
363 3778 426 3820 nec
450 3763 497 3820 sit
519 3761 605 3822 mihi
629 3762 779 3824 credere
802 3772 941 3825 tantum
965 3813 971 3824 .

210 3978 300 4032 Codex
318 3975 465 4031 Parrhasii
520 3983 534 4031 1
558 3977 653 4032 evenit
681 3977 726 4033 his
754 4011 788 4020 -
815 3979 921 4050 nuptiis
944 3979 1038 4034 evenit
1056 3984 1121 4048 post
1157 3984 1174 4032 4
1202 3980 1311 4033 tenerer
1334 3979 1424 4034 altero

119 4061 237 4128 scripto,
265 4058 311 4112 aed
330 4058 464 4125 adpositis
485 4059 573 4125 upana
595 4059 627 4111 in
645 4073 725 4111 suum
744 4059 831 4112 locem
853 4063 978 4127 revocato
999 4063 1065 4112 sunt
1161 4063 1193 4111 10
1217 4058 1279 4113 loco
1301 4074 1351 4113 om.

121 4149 309 4202 excruciatum
337 4145 410 4199 unde
437 4145 553 4214 reliquit
577 4131 649 4200 semi
738 4153 771 4201 19
800 4146 929 4217 Exercet]
958 4145 1062 4201 Exoroe
1153 4152 1187 4200 24
1215 4145 1256 4201 rei
1284 4163 1333 4202 om.

120 4228 281 4283 mmm
355 4224 515 4295 fflfflm

210 4448 226 4495 4
245 4439 418 4511 praepositos
437 4439 475 4493 Μ
553 4442 569 4491 ὁ
589 4453 645 4506 quo
664 4438 747 4493 modo
766 4439 819 4494 hac
837 4457 882 4494 me
901 4440 1048 4510 expediam
1070 4440 1154 4495 turbs
1176 4440 1277 4495 codices
1302 4439 1425 4496 Terentii

122 4530 154 4576 11
174 4522 340 4577 Excruciare
353 4521 404 4575 illa
417 4537 447 4575 re
463 4521 500 4574 Μ
509 4564 514 4576 ,
525 4520 641 4586 sonasse
653 4519 827 4575 excruciatus
841 4520 891 4575 ille
904 4538 934 4576 ro
1006 4527 1039 4576 12
1053 4521 1094 4575 ibi
1108 4520 1251 4576 homiuem
1263 4517 1423 4586 ingenuum,

121 4604 197 4658 domi
211 4603 347 4671 nobilem,
362 4599 459 4671 populi
469 4601 588 4655 Romani
601 4600 707 4654 socium
721 4603 805 4670 atquc
820 4603 954 4670 amicum,
968 4601 1045 4656 fumo
1055 4602 1244 4656 excruciatum
1258 4599 1424 4655 semivivum

121 4684 236 4752 reliquit
255 4684 348 4737 Cicero
419 4687 453 4735 23
473 4684 589 4749 fortasse
606 4679 696 4736 Enixa
713 4680 812 4750 fetum,
837 4682 920 4752 Verg.
939 4682 1008 4736 Aen.
1027 4681 1066 4734 111
1086 4687 1135 4735 391
1163 4681 1281 4748 triginta
1299 4679 1424 4750 capitum

120 4764 194 4818 setus
213 4762 307 4829 enixa,
325 4761 400 4816 idem
419 4763 487 4817 Aen.
507 4762 559 4815 Vll
579 4767 631 4816 320
648 4761 728 4831 ignes
744 4778 799 4831 sqq.
816 4762 910 4830 priore
927 4761 1046 4831 exempto
1063 4777 1130 4815 mua
1143 4759 1185 4815 'eat
1198 4761 1310 4815 Notum
1319 4777 1351 4830 p.
1364 4766 1424 4816 296

157 4850 191 4897 ts
209 4846 324 4909 sortasse
342 4842 463 4896 Excedit
480 4843 547 4897 huic
566 4841 607 4896 rei
626 4841 705 4897 illem
723 4858 784 4896 rem
855 4848 888 4897 at
907 4860 943 4898 ne
962 4841 1000 4898 sit
1017 4840 1044 4896 θ
