3316 5474
344 1292 768 1391 pernoctarunt
802 1291 991 1389 ALBINI
1025 1289 1288 1389 MAGISTRI

374 1550 419 1610 lle
444 1549 520 1627 legat
542 1550 679 1626 antiquas
703 1550 803 1628 cupiat
826 1550 878 1627 qni
901 1549 977 1608 scire
1001 1547 1143 1629 loquelas,

432 1674 478 1715 me
503 1673 649 1734 spernens
672 1654 805 1733 loquitur
828 1671 895 1714 mox
919 1657 982 1715 sine
1007 1654 1071 1732 lege
1095 1664 1220 1733 patrum.

159 1774 179 1809 p.
195 1763 248 1802 scm
263 1761 286 1801 ε.

248 1837 408 1916 Aeternns,
437 1843 530 1912 aetas,
558 1851 662 1893 aevum
688 1852 742 1912 per
766 1834 824 1893 duo
849 1853 885 1914 u,
914 1836 1060 1914 aequitas,
1087 1851 1200 1912 aequus
1228 1834 1256 1893 id
1287 1843 1332 1894 est
1360 1836 1465 1915 iustus,

131 1944 231 2004 ⁵haec
250 1947 348 2003 omnia
368 1962 423 2022 per
442 1960 475 2001 ae
495 1941 697 2020 diphthongon
717 1940 872 2001 scribenda
893 1951 977 2021 sunt;
1002 1959 1111 2020 equus,
1135 1943 1160 2001 si
1178 1941 1284 2001 arrimal
1312 1944 1466 2023 significat,

159 2071 213 2130 per
237 2050 400 2129 simplicem
424 2069 448 2109 ε,
494 2051 626 2109 hccnsso
650 2067 704 2127 per
727 2047 786 2108 diro
810 2067 826 2107 c
855 2056 886 2107 et
912 2066 967 2126 per
990 2047 1049 2108 duo
1073 2067 1087 2107 s
1111 2047 1200 2108 scribi
1228 2048 1329 2129 debet,
1357 2047 1465 2108 accedo

160 2177 213 2238 per
237 2158 295 2218 dno
319 2178 344 2218 c.
391 2158 484 2237 Saepe
509 2156 543 2215 ad
568 2155 733 2235 euphoniae
757 2174 845 2215 cansa
869 2157 899 2215 iu
924 2165 1098 2234 sequentem
1119 2154 1281 2216 mutabitur
1301 2173 1464 2216 consonan-

159 2276 233 2346 tem,
258 2273 290 2324 ut
313 2265 408 2329 afficio
428 2264 517 2323 altitio
536 2263 624 2323 allido
643 2283 798 2323 ammoneo
818 2282 916 2324 annuo
940 2281 1056 2342 appono
1080 2265 1190 2343 arripio
1214 2282 1341 2324 assumo.
1379 2264 1464 2344 alligo

159 2390 212 2450 ρετ
236 2371 295 2432 dno
319 2371 341 2450 l,
365 2389 462 2430 aiiriuo
486 2390 540 2450 per
564 2371 622 2431 duo
647 2391 679 2451 n,
704 2388 830 2451 appareo
854 2388 909 2448 per
932 2368 991 2429 dito
1015 2389 1048 2451 p,
1071 2370 1155 2430 attuli
1179 2390 1233 2449 ρετ
1256 2371 1315 2431 dno
1339 2382 1350 2431 t
1374 2370 1465 2431 scribi

26 2480 33 2491 '
119 2491 145 2532 1⁰
159 2478 276 2538 debent.
314 2479 363 2559 At,
388 2481 413 2537 si
437 2480 607 2539 coniunctio
627 2486 686 2558 est,
709 2485 789 2557 pert
812 2476 1003 2537 scribentium
1022 2484 1081 2555 est,
1105 2479 1130 2536 si
1153 2479 1341 2556 praepositio,
1364 2478 1464 2556 perd.

155 2594 246 2664 atque
269 2588 340 2646 item
365 2588 534 2646 coniunctio
559 2586 720 2662 composita
745 2602 798 2662 ρετ
822 2592 833 2642 1
857 2583 993 2642 similitor
1012 2581 1167 2642 scribenda
1188 2593 1241 2643 est.
1279 2583 1355 2662 apud
1380 2604 1463 2663 prae·

151 2695 265 2772 positio
289 2696 318 2752 iu
343 2693 360 2752 d
386 2694 512 2753 finiatur.
550 2691 593 2751 ab
617 2701 684 2751 artu
707 2689 844 2770 artubus,
868 2688 904 2748 ab
928 2697 991 2748 arte
1015 2688 1144 2768 artibus3
1173 2690 1308 2749 similiter
1332 2691 1367 2750 ab
1392 2710 1461 2752 arcu

157 2798 301 2877 arcubuS,
329 2798 365 2857 ab
393 2818 460 2882 arce
485 2797 604 2859 arcibus
627 2795 785 2857 dicendum
809 2806 863 2856 est,
909 2796 1005 2873 Aeger
1023 2797 1141 2874 auimo,
1164 2806 1303 2874 aegrotus
1327 2816 1463 2880 corpore,

157 2914 317 2985 ntrttmque
345 2925 399 2985 ρετ
427 2906 629 2986 diphthongon
660 2904 810 2963 scribitur.
851 2902 928 2961 nutu
957 2902 1013 2962 alio
1041 2901 1120 2981 loco,
1149 2902 1219 2962 alias
1243 2903 1299 2962 alio
1328 2915 1463 2985 tempore
1550 2979 1558 2993 δ

31 3080 37 3088 ‚
118 3015 310 3091 ¹⁵‚siguiiicat
346 3010 411 3074 'her
435 3012 608 3092 disyllabum
633 3020 679 3070 est
703 3020 731 3069 et
755 3028 814 3069 non
838 3008 927 3068 habet
955 3007 1098 3088 pltrralem
1123 3027 1280 3069 numerum
1310 3014 1366 3071 nisi
1395 3031 1462 3072 aera

157 3127 285 3199 tantum,
319 3139 368 3179 aes
397 3119 629 3199 monosyllabum
657 3127 711 3177 est.
765 3116 888 3195 attero,
922 3115 949 3176 id
979 3125 1024 3174 cst
1057 3114 1158 3174 abiero
1187 3114 1205 3174 b
1235 3117 1263 3175 iu
1293 3137 1312 3177 n
1342 3130 1461 3181 mutata.

157 3228 232 3286 Ατετ
258 3228 326 3286 lacit
350 3227 502 3304 pluraliter
525 3228 599 3303 acri,
623 3226 699 3282 acris
723 3222 876 3301 pluraliter
900 3223 969 3281 lacit
992 3239 1084 3281 acres,
1126 3222 1168 3282 Ad
1193 3227 1373 3304 praepositio
1396 3246 1460 3289 cor·

157 3335 318 3414 rumpitur,
346 3336 369 3392 si
399 3352 528 3411 sequens
556 3331 679 3391 verbum
709 3348 725 3388 a
750 3336 930 3388 consonante
960 3331 1077 3408 incipit,
1106 3338 1137 3389 nt
1166 3334 1287 3410 apponit
1314 3337 1460 3396 ammittit.

157 3438 252 3499 Alium
271 3450 301 3499 et
320 3439 431 3500 (lolium
450 3460 504 3520 per
523 3443 533 3500 i
552 3437 721 3499 scribenda:
741 3434 887 3514 Vergilius
905 3428 1018 3517 (bucol.
1032 3435 1061 3509 2,
1076 3430 1129 3518 II)
1150 3431 1233 3498 ‘alia
1253 3440 1460 3520 serpillum·

245 3611 267 3663 S
284 3614 366 3666 codex
385 3613 573 3683 Sanpallcnsis
591 3616 648 3666 249
711 3652 715 3660 .

246 3692 282 3743 Μ
300 3694 383 3746 coclea
403 3694 660 3762 Montepessulanus
680 3694 708 3743 H
725 3695 780 3745 306

240 3790 262 3839 p
282 3775 365 3826 editio
385 3773 508 3828 Pntschia'
527 3790 560 3826 ar
578 3774 668 3826 coelice
685 3771 821 3824 Bernensi
839 3777 897 3827 338
915 3788 1042 3840 expressa
1089 3801 1096 3812 ·

262 3860 398 3915 INCIPIT
419 3860 681 3915 ORTOGRAPHIA
701 3860 823 3913 ututur
842 3860 1019 3916 MAGISTRI
1038 3863 1141 3917 codices
1155 3863 1351 3918 Laudurwnsr's
1366 3870 1420 3920 448
1437 3874 1461 3920 et

155 3941 303 3995 Parisinus
326 3947 411 4007 4841,
436 3941 512 3994 Bede
535 3940 669 3993 Sacerdos
692 3941 727 3993 de
751 3941 952 4010 orthographia
972 3959 1007 4009 p,
1031 3958 1081 3995 orn.
1101 3942 1161 3995 SM
1231 3943 1311 3997 2Me
1330 3945 1408 4014 legat
1425 3977 1460 3986 -

154 4025 265 4089 patrum
285 4023 386 4076 codices
407 4022 602 4074 Lairdunensis
620 4026 675 4075 ets
698 4021 847 4075 Parisinus
864 4026 935 4076 4841
960 4022 1109 4075 Beruenses
1129 4027 1194 4087 338,
1218 4024 1262 4075 Με
1286 4023 1364 4091 legat
1388 4026 1459 4079 anti-

155 4121 224 4170 ques
244 4103 294 4171 qni
312 4103 375 4156 uult
393 4102 467 4170 (uult
486 4101 534 4169 qui
550 4102 600 4168 Μ)
619 4101 743 4168 proferre
763 4100 890 4169 loquelus
904 4118 949 4154 me
963 4101 1012 4168 qui
1026 4116 1081 4153 non
1096 4101 1222 4170 seqnitur
1236 4103 1299 4155 uult
1317 4103 1377 4156 sine
1396 4104 1459 4174 lege

154 4182 232 4252 loqui
258 4184 293 4235 Μ
318 4183 420 4236 codices
444 4182 593 4235 Bernensis
616 4186 672 4234 330
696 4186 720 4233 ct
738 4180 887 4234 Parisinus
910 4185 993 4244 7533,
1016 4197 1065 4235 ort.
1087 4180 1108 4233 S
1179 4187 1196 4234 4
1221 4183 1357 4235 Aeternus
1381 4185 1460 4237 aetas

155 4262 283 4328 aequitas
297 4278 401 4332 aequus
415 4262 443 4316 id
460 4263 502 4314 est
514 4260 604 4314 iustus
619 4276 667 4329 per
682 4260 737 4315 duo
752 4280 769 4314 u
784 4262 831 4316 sed
850 4265 945 4315 tamen
960 4261 1138 4315 haecomnia
1154 4261 1190 4312 M
1249 4266 1265 4313 6
1279 4278 1380 4315 accuso
1395 4262 1462 4316 SM

190 4348 205 4394 't
226 4358 309 4410 saepe
328 4343 364 4396 ed
382 4361 404 4410 p
423 4358 505 4410 saepe
525 4341 560 4394 ab
580 4342 601 4392 S
609 4341 645 4393 M
716 4346 732 4393 9
751 4357 874 4409 appareo
890 4340 940 4408 pS
957 4357 1064 4410 ερρετο
1085 4341 1120 4392 Μ
1193 4346 1221 4393 11
1244 4340 1374 4394 similiter
1391 4341 1458 4396 scri-

153 4422 276 4476 bendum
300 4427 343 4476 est
365 4424 429 4476 SM
454 4420 620 4490 simpliciter
642 4419 789 4473 scribenda
812 4423 855 4473 est
874 4438 895 4487 p
987 4426 1020 4472 14
1044 4436 1093 4489 per
1111 4437 1144 4474 se
1167 4420 1361 4490 diphthongon
1380 4422 1459 4478 Beda

153 4521 178 4569 ρ.
195 4509 264 4568 262,
284 4509 320 4556 1&
378 4510 409 4555 15
428 4504 494 4570 Aer]
512 4501 684 4554 scribendum
701 4505 760 4554 erat
774 4501 870 4569 potius
889 4502 944 4553 Αετ
962 4500 1129 4569 disyllabum
1150 4504 1205 4567 esi,
1224 4517 1272 4554 ees
1290 4502 1459 4570 monosylla-

155 4587 220 4637 bum
236 4587 264 4637 ετ
278 4600 334 4637 non
349 4583 434 4638 hebet
454 4581 590 4650 pluralem
605 4597 752 4635 nnmerum
771 4582 824 4635 nisi
843 4598 910 4635 aera
928 4583 1046 4635 tontum.
1073 4581 1120 4634 sed
1138 4587 1294 4650 corruptam
1315 4583 1346 4634 in
1360 4583 1458 4637 codici·

154 4663 204 4716 tas
222 4661 316 4716 Bedae
333 4665 500 4730 scraptnraan
515 4679 544 4728 p.
564 4666 634 4725 20¹2,
653 4666 686 4713 31
706 4661 803 4714 habuit
822 4662 941 4715 Albinus
974 4694 976 4699 ·
1015 4665 1046 4714 18
1074 4660 1191 4730 apponis
1210 4661 1348 4716 ammittis
1369 4664 1405 4715 Μ

156 4748 187 4795 19
202 4742 267 4795 Alis
281 4745 310 4796 et
324 4742 418 4796 dolum
435 4759 483 4811 per
495 4741 504 4794 i
520 4740 666 4796 scribenda
680 4730 860 4810 ut‘nergilius
874 4740 931 4794 alie
945 4740 1150 4810 serpellumque
1165 4744 1226 4812 (om.
1237 4743 1310 4812 peri
1325 4743 1407 4812 dixit)
1423 4745 1460 4798 Μ

190 4822 289 4875 allium
312 4853 340 4861 -
361 4821 469 4876 altiss
