3316 5474
241 367 281 436 re
775 363 874 417 vanu
892 364 1004 419 rreum

238 466 366 525 sumn

238 562 422 640 guitudincm
446 581 466 621 u
490 561 604 620 litterae
629 568 777 640 sonarent,
801 568 833 620 ut
856 561 886 620 in
912 559 973 618 viro
998 569 1027 619 et
1052 559 1169 638 virtute,
1192 577 1289 637 neque
1309 574 1415 616 rursus
1434 577 1540 618 secuu-

238 668 308 729 dum
332 669 355 749 †
383 669 473 728 latum
506 667 620 727 litterae
649 684 755 726 senum
784 669 1024 746 enuntiarentur,
1057 672 1092 725 ut
1123 667 1153 724 in
1187 684 1221 724 co
1255 663 1333 743 quaed
1368 673 1414 725 est
1441 665 1540 744 legere

238 775 378 836 scribere.
425 776 524 852 itaque
554 772 690 833 audimus
720 773 862 852 quosdam
895 772 980 851 plena
1013 773 1041 832 oi
1066 771 1173 850 syllaba
1202 770 1300 831 dicere
1324 774 1393 849 qrroi
1418 780 1448 832 et
1471 772 1539 832 lroic

237 901 291 961 pro
320 884 427 948 cui.et
455 880 533 960 huic,
565 878 643 958 qrrod
672 878 764 940 multo
788 881 921 940 vitiosius
945 888 1000 960 est,
1023 897 1109 958 quam
1135 880 1159 937 si
1184 881 1357 938 tenuitatem
1381 898 1398 956 y
1422 877 1538 938 litterae

237 988 430 1050 custodirent.
468 996 513 1046 est
533 995 632 1047 autem
652 984 701 1045 ubi
725 986 900 1065 pinguitudo
924 1006 942 1046 ιι
968 986 1082 1046 litterae
1106 985 1260 1046 decentius
1285 994 1428 1065 servatur,
1452 994 1485 1045 ut
1507 988 1566 1045 in⁵

237 1114 271 1155 eo
295 1095 374 1174 qued
398 1103 445 1155 est
467 1094 602 1154 velumus
630 1094 768 1154 uolumus
796 1110 962 1173 possumne.
1008 1102 1037 1153 at
1060 1095 1089 1152 iu
1114 1094 1272 1152 coritimaci
1296 1092 1401 1152 melius
1429 1100 1501 1171 puto
1531 1095 1539 1152 i

238 1204 363 1263 servari:
393 1205 474 1263 venit
499 1203 577 1262 enim
602 1220 617 1261 a
642 1199 871 1281 cerrtemneude,
900 1203 1016 1259 tametsi
1045 1199 1134 1259 Nisus
1162 1206 1191 1258 et
1215 1208 1419 1258 contumacem
1441 1218 1538 1278 paru
1640 1236 1648 1246 ·

236 1317 320 1389 putat
343 1328 430 1388 posse
454 1309 512 1369 dici
535 1327 551 1368 a
576 1318 700 1369 tumere.

326 1416 495 1495 Comprime
520 1434 637 1496 queque
661 1434 715 1495 per
739 1417 747 1474 i
772 1416 847 1475 malo
871 1413 970 1493 scribi,
994 1416 1126 1492 quamvis
1150 1432 1339 1492 compressus
1358 1413 1486 1493 dicatur,
1510 1421 1540 1473 et

140 1606 142 1611 k
235 1543 251 1583 e
276 1526 425 1583 contrarie
453 1523 555 1582 decem
584 1522 724 1583 audacius
748 1522 887 1599 dixerim,
915 1522 1048 1599 quamvis
1075 1519 1143 1579 iude
1168 1520 1266 1579 decies
1291 1520 1437 1601 trabatur,
1465 1539 1537 1599 que·
1554 1535 1579 1572 ιο

234 1633 326 1709 niam,
351 1640 491 1710 utsupra
515 1631 588 1710 dixi,
612 1648 685 1690 sono
709 1631 862 1689 usitatiore
886 1627 993 1707 gaudet
1017 1627 1142 1687 auditus

323 1737 394 1798 Nise
423 1740 511 1798 etiam
534 1737 630 1817 placet
658 1746 691 1797 ut
714 1735 859 1796 benificus
886 1754 940 1814 per
968 1737 977 1795 i
1006 1734 1162 1814 scribatur,
1190 1753 1248 1814 quo
1273 1732 1359 1792 ruodo
1384 1734 1537 1808 malificus,

233 1843 311 1922 qued
336 1843 420 1903 videa
443 1844 688 1904 consuetudinem
719 1842 899 1922 repudiasse.
946 1859 1005 1901 nen
1029 1842 1117 1920 euim,
1141 1843 1165 1899 si
1189 1841 1243 1901 hae
1267 1841 1342 1901 duae
1367 1841 1497 1922 litterae,
1521 1861 1537 1901 e

140 2034 143 2040 Ι
234 1959 264 2010 et
283 1953 301 2031 i,
324 1968 378 2030 per
402 1953 449 2010 ius
472 1950 630 2009 adfinitatis
654 1951 803 2028 recipiunt
825 1947 1069 2025 immutationem,
1092 1945 1158 2009 ideo
1183 1968 1305 2009 necesse
1327 1956 1374 2008 est
1392 1947 1456 2008 illas
1480 1950 1537 2009 uti·

322 2157 413 2212 Gades
431 2157 579 2211 Parrlmsii
615 2163 630 2209 3
651 2155 734 2224 plena
747 2156 823 2209 omni
842 2155 951 2224 syllaba
969 2156 1061 2211 dicere
1078 2138 1170 2228 iiuoec
1188 2159 1284 2210 teoeos
1303 2172 1353 2225 pro
1368 2155 1415 2224 qui
1435 2159 1465 2210 et
1482 2156 1537 2211 tibi

232 2239 306 2307 quod
326 2238 415 2292 multo
488 2244 503 2291 6
522 2237 597 2306 quod
615 2239 659 2290 est
676 2236 805 2291 nolumus
823 2235 952 2289 uolumus
975 2253 1122 2305 pessumus
1141 2240 1171 2292 at
1194 2237 1223 2290 in
1243 2235 1417 2290 contumacia
1436 2235 1537 2290 melius

298 2342 313 2391 '1
333 2339 363 2390 et
381 2335 539 2390 contumaci
559 2323 650 2403 Tper
668 2353 686 2387 u
763 2339 779 2386 9
799 2336 828 2387 et
847 2335 1021 2389 econtrario
1101 2341 1133 2390 ta
1152 2334 1300 2405 malificus]
1323 2335 1465 2389 maleficus

234 2422 265 2471 13
284 2415 377 2487 video]
397 2415 461 2470 uide
534 2421 568 2468 14
587 2415 696 2485 utique]
717 2415 820 2496 ubique

323 2611 339 2658 2
359 2605 447 2659 latum
465 2602 577 2657 litterae
596 2617 706 2670 sonum,
725 2603 750 2655 si
767 2618 860 2656 aerum
873 2607 920 2668 est,
937 2603 1132 2670 prammuticus
1150 2602 1199 2655 troc
1213 2602 1269 2656 laco
1283 2603 1357 2657 dicit
1370 2603 1537 2674 productam

231 2686 337 2740 litterae
359 2685 370 2738 i
392 2686 433 2739 cel
455 2703 474 2737 u
496 2682 717 2736 enuntiationem.
751 2681 836 2735 latius
860 2684 1002 2737 enuntiari
1024 2683 1035 2736 i
1060 2685 1179 2738 litteram
1201 2685 1370 2738 interiectam
1396 2685 1537 2737 vocalibus

234 2766 345 2819 dicuat
368 2781 455 2832 supro
474 2783 504 2833 p.
524 2769 568 2832 55,
583 2769 608 2817 7.
633 2780 671 2815 aa
690 2762 840 2816 secundum
860 2763 1018 2817 naturalem
1036 2765 1046 2818 i
1064 2764 1176 2819 litterae
1195 2771 1312 2818 sonum?
1335 2779 1388 2832 quo
1406 2761 1485 2816 medo
1504 2764 1537 2817 de

231 2845 322 2899 eaden
341 2845 432 2898 ldteru
450 2846 596 2913 disputares
615 2845 719 2897 locutus
737 2848 775 2897 est
795 2843 961 2898 Priscianus
974 2847 1073 2913 partit.
1092 2848 1174 2902 duod.
1192 2864 1257 2901 cers.
1278 2847 1347 2899 Aera.
1365 2848 1473 2912 pido,
1491 2848 1536 2912 17,

228 2921 311 2976 video
330 2922 460 2976 videbam
475 2924 589 2977 videbo:
609 2922 676 2992 quia
694 2921 723 2976 in
741 2923 785 2976 his
803 2923 978 2992 temporibus
991 2923 1021 2977 vi
1039 2925 1199 2995 corripitur,
1218 2926 1340 2980 mutavit
1354 2942 1451 2980 sonum
1465 2924 1494 2977 in
1507 2943 1536 2994 y,

229 3001 258 3055 in
276 3000 430 3070 praeterito
449 3005 544 3057 autem
562 3003 686 3073 perfecto
705 3001 782 3057 etin
801 3001 877 3070 aliis,
897 3000 926 3055 in
946 3003 1046 3071 quibus
1065 3005 1240 3075 producitur,
1265 3006 1423 3060 naturalem
1444 3021 1536 3059 serva-

229 3081 271 3136 vit
295 3099 406 3151 sonum,
431 3085 463 3136 ut
488 3081 546 3137 vidi
571 3083 696 3136 videram
720 3083 852 3137 vidissem
870 3082 976 3137 videre.
1016 3083 1129 3153 Leuyus
1153 3087 1220 3154 auid
1244 3087 1372 3151 coluerit,
1398 3086 1536 3152 corruptis

228 3165 356 3232 exemptas
379 3179 449 3232 quae
472 3163 655 3231 adscripscrat
677 3164 734 3218 dici
756 3166 804 3218 vix
821 3168 917 3232 potest.
957 3164 1065 3217 uidetur
1087 3170 1176 3237 autern
1202 3171 1266 3234 pest
1289 3185 1307 3220 u
1331 3171 1355 3219 et
1378 3164 1388 3217 i
1417 3164 1535 3219 litteram

226 3244 394 3312 siyuificatio
416 3259 529 3312 praseae
552 3243 658 3296 litterae
680 3263 698 3311 y
727 3244 893 3309 desiderari,
918 3260 987 3311 quae
1011 3246 1042 3298 irs
1064 3245 1136 3298 laune
1158 3247 1267 3299 medune
1289 3246 1397 3300 restitui
1415 3250 1535 3312 poterat,

227 3341 317 3392 neque
336 3341 428 3400 rursus
446 3322 597 3376 secrtndum
621 3340 739 3391 graecae
761 3342 784 3399 ,y
807 3323 917 3378 litterae
937 3340 1036 3377 sonum
1056 3327 1277 3392 entmtiarentur,
1300 3327 1333 3379 ut
1357 3326 1386 3378 in
1405 3341 1438 3379 eo
1457 3325 1533 3393 quod

228 3406 271 3459 est
294 3405 360 3474 gula
383 3405 433 3472 (uei
452 3402 578 3471 Ligures)
603 3403 633 3455 et
655 3403 805 3472 scripulus:
826 3406 860 3472 cf.
882 3405 958 3461 Mar.
983 3405 1052 3459 Vict.
1072 3423 1103 3473 p.
1122 3411 1213 3474 20,1.
1242 3408 1309 3477 gula
1332 3408 1431 3476 tepitur
1457 3406 1535 3474 aprrd

228 3485 390 3538 Char-ieiuni
403 3502 432 3553 p.
452 3487 515 3548 103,
534 3488 583 3547 28,
601 3481 767 3551 scriptulum
786 3486 827 3538 ecl
844 3486 996 3554 scripulum
1019 3488 1055 3542 ib.
1070 3504 1100 3556 p.
1120 3492 1182 3553 105,
1202 3492 1220 3542 5
1291 3488 1384 3558 legere
1413 3486 1534 3541 scribtus

228 3568 319 3618 tuetur
341 3564 543 3617 Brambaclu'us
565 3565 682 3631 ortbopr.
707 3565 753 3617 lat.
775 3582 804 3632 p.
824 3571 879 3620 125
903 3568 1020 3620 medium
1045 3568 1117 3620 iuter
1141 3582 1156 3620 e
1180 3571 1204 3620 et
1228 3565 1238 3620 i
1260 3583 1356 3620 serrum
1379 3567 1536 3636 sipuificarr'

227 3644 395 3700 criminans.
435 3643 527 3713 legere
553 3645 642 3698 eodem
671 3646 748 3698 uredo
777 3645 934 3709 defenderat
965 3645 1117 3715 Seyfertus,
1148 3645 1240 3701 dicere
1270 3647 1390 3701 scribere
1420 3648 1535 3701 couiecd

227 3721 410 3776 Scbuer'derus
481 3729 497 3775 3
518 3722 616 3791 ltaque
635 3722 762 3778 audimus
781 3724 917 3793 quosdam
936 3726 1021 3794 plena
1039 3725 1116 3779 omni
1134 3726 1243 3797 syllaba
1261 3725 1328 3796 quei
1346 3727 1376 3780 et
1393 3726 1464 3780 tibei
1482 3744 1533 3797 pro

227 3800 272 3854 eui
289 3802 319 3855 et
336 3801 396 3868 tibi,
411 3804 486 3871 quod
505 3804 594 3857 multo
609 3803 736 3857 vitiosius
751 3807 806 3872 est,
826 3822 911 3877 quam
928 3803 953 3859 si
970 3807 1136 3862 tenuitatem
1155 3808 1165 3861 i
1183 3807 1294 3861 litterae
1309 3807 1482 3861 custodirent
1495 3808 1532 3874 R,

228 3881 277 3933 ubi
295 3881 407 3936 omniuo
422 3901 476 3952 pro
490 3883 568 3939 omui
585 3886 756 3940 scribendum
770 3887 884 3939 coniecit
898 3887 1038 3942 Scrutaris.
1068 3887 1135 3956 quoi
1149 3889 1178 3941 et
1196 3886 1259 3941 hoie
1272 3888 1372 3955 scripsi
1377 3930 1384 3955 ,
1403 3892 1434 3941 ut
1448 3906 1533 3943 maea-

227 3961 294 4015 data
322 3963 399 4017 tectio
422 3966 603 4033 exhiberetur,
633 3968 757 4034 quamuis
780 3983 812 4019 ea
834 3968 981 4020 nonsatis
1009 3971 1109 4020 certam
1136 3967 1215 4034 fidem
1238 3983 1256 4020 a
1279 3972 1410 4036 corrupta
1433 3969 1535 4023 codicis

226 4043 366 4111 scriptura
390 4044 495 4098 babeat.
532 4064 550 4099 u
577 4048 683 4112 autem,
710 4047 838 4114 quamvis
864 4048 1053 4114 contractum,
1079 4047 1198 4101 eundem
1224 4048 1330 4111 tamen,
1358 4047 1411 4102 hoo
1438 4051 1481 4101 est
1506 4068 1534 4118 y,

227 4138 325 4177 sonum
344 4122 432 4177 babet
449 4124 522 4179 inter
541 4143 558 4193 q
578 4128 608 4180 et
627 4143 641 4179 e
660 4125 705 4178 vel
724 4123 734 4176 i
753 4126 798 4179 vel
817 4143 850 4180 ae
869 4127 1077 4196 diphthongum
1096 4127 1231 4196 pesitum,
1256 4128 1289 4180 ut
1307 4143 1361 4195 que
1380 4127 1442 4196 quis
1462 4145 1533 4196 quae

187 4214 189 4219 '
228 4203 392 4257 Priscianus
415 4204 432 4260 l.
453 4205 474 4256 Ι
493 4223 520 4273 p.
542 4211 630 4272 7,1u.
659 4205 704 4259 cui
727 4211 751 4258 et
779 4205 843 4259 huic
868 4208 1016 4276 composuit
1038 4207 1109 4261 idem
1131 4207 1148 4260 l.
1174 4205 1241 4258 VII
1259 4224 1288 4275 p.
1308 4211 1445 4273 303,14,
1469 4208 1533 4262 hoie

224 4300 278 4353 pro
302 4282 368 4337 huic
386 4285 489 4337 dictum
509 4287 652 4339 adnotarat
672 4286 787 4339 Murius
811 4285 968 4341 Victorinus
987 4304 1016 4355 p.
1037 4293 1083 4352 12,
1102 4292 1121 4341 2
1230 4293 1245 4340 6
1269 4289 1301 4340 at
1321 4287 1350 4340 in
1374 4288 1532 4341 contumaci

226 4361 326 4418 melius
345 4364 372 4417 R
390 4369 414 4417 et
433 4366 515 4418 codex
540 4365 642 4420 Vrsini.
671 4367 787 4432 sortasse
810 4369 840 4419 at
862 4366 891 4420 in
916 4366 1083 4421 cantunacia
1106 4366 1205 4420 melius
1225 4372 1248 4419 ct
1267 4367 1363 4420 deimie
1381 4367 1410 4420 et
1434 4368 1500 4421 cont
1522 4399 1532 4407 -

225 4443 344 4497 muciam
363 4460 414 4512 per
429 4462 447 4497 u
520 4451 534 4498 7
555 4447 585 4499 et
603 4446 759 4500 contumaci
779 4463 829 4516 per
842 4465 861 4499 u
879 4449 961 4515 putat
979 4447 1006 4499 R
1081 4453 1112 4499 12
1132 4448 1165 4499 ut
1182 4446 1321 4499 beneficus
1340 4463 1390 4516 per
1404 4447 1414 4500 i
1428 4446 1530 4503 scribe-

225 4523 285 4589 tur,
305 4524 445 4589 quomodo
459 4524 614 4593 maleficus,
634 4527 708 4595 quod
729 4528 806 4582 vides
824 4528 1051 4582 consuetudinem
1066 4525 1225 4595 repudiasse
1245 4525 1272 4579 R
1344 4527 1483 4594 quomedo
1503 4531 1533 4581 et

226 4600 367 4654 maleficus
381 4606 495 4658 coniecit
509 4605 643 4660 ›S'errrlerus
699 4614 730 4661 13
745 4626 760 4661 e
775 4611 804 4661 et
817 4608 827 4661 i
841 4608 917 4676 prius
932 4608 1079 4661 affinitatis
1095 4607 1122 4660 a
1178 4612 1211 4658 14
1226 4605 1290 4659 illas
1306 4607 1409 4676 ubique
1423 4624 1531 4677 sompes

224 4680 376 4734 immutari.
408 4684 479 4737 Item
504 4685 634 4753 antiquos
658 4686 698 4739 ait
721 4705 771 4756 per
793 4705 808 4741 e
831 4691 860 4741 ct
883 4687 892 4740 i
916 4687 1106 4756 scribendum,
1134 4685 1209 4754 qnod
1233 4685 1372 4755 siguificat
1396 4688 1530 4756 antiquet,

225 4758 300 4893 ιὲιιοό
322 4760 393 4891 spilli
414 4761 547 4831 frigidum
569 4765 604 4820 R,
642 4765 751 4820 ‘malim
774 4767 843 4820 item
866 4767 992 4849 antigoni
1013 4773 1038 4820 et
1060 4783 1124 4820 raon
1147 4781 1201 4834 pro
1223 4764 1363 4834 antiquei‚
1387 4768 1529 4837 antiquos'

247 4854 414 4898 emmanue.
