3316 5474
434 1219 591 1317 Vllbll
623 1218 787 1317 LONGI
818 1217 891 1315 llll
925 1211 1350 1312 carucatarum

236 1409 257 1445 p.
273 1398 326 1439 221³
340 1398 364 1437 Ρ.

327 1509 534 1571 Necessarium
548 1510 678 1573 arbitror
692 1511 728 1572 de
743 1510 953 1590 orthographia
967 1527 1134 1570 sermonem
1153 1514 1320 1571 instituenti
1340 1523 1356 1564 a
1374 1505 1543 1566 litterarum

235 1626 381 1695 potestate
409 1620 527 1678 initium
556 1619 662 1678 iacere.
700 1621 828 1697 primum
855 1618 947 1694 igitur
974 1614 1108 1676 delinitio
1136 1615 1252 1676 litterae
1283 1619 1360 1677 raria
1384 1617 1440 1678 luit
1463 1619 1542 1698 apud

235 1722 401 1802 plerosque.
439 1725 486 1784 alii
511 1727 590 1785 enirn
615 1728 657 1785 sic
682 1726 869 1804 definierunt,
899 1719 1011 1783 ‘littera
1036 1733 1081 1782 est
1104 1725 1222 1784 initium
1241 1726 1321 1782 vocis
1340 1721 1543 1804 explanatae':

189 1830 196 1841 ’
234 1828 282 1888 alii
311 1834 367 1910 sic,
396 1827 510 1891 ‘littera
539 1841 585 1891 est
612 1833 729 1891 initium
758 1832 838 1890 vocis
867 1824 1090 1909 significantis':
1120 1829 1168 1888 alii
1201 1825 1316 1890 ‘littera
1346 1841 1392 1891 est
1420 1835 1542 1893 minima

235 1953 305 2015 pars
334 1932 493 1997 orationis'
523 1937 567 2013 [et
589 1937 712 1997 verbum
741 1948 839 1997 estet
863 1938 1033 1996 coniunctio
1056 1947 1086 1996 et
1108 1935 1313 2015 praepositio}
1350 1936 1406 1995 boc
1430 1941 1570 2017 impro·⁶

235 2040 339 2101 bantes
363 2042 410 2102 alii
434 2042 574 2103 dixemnt
597 2039 706 2103 ‘littera
726 2054 772 2103 est
795 2044 912 2102 initium
931 2042 1071 2121 scriptilis
1090 2037 1191 2102 rocis’.
1229 2041 1420 2103 excluserunt
1440 2054 1541 2105 autem

233 2165 337 2207 omnes
363 2148 441 2208 illam
470 2148 685 2228 definitionem,
718 2168 806 2229 quarn
835 2147 954 2227 quidam
983 2147 1135 2229 dixerunt,
1165 2149 1293 2208 litteram
1324 2167 1390 2209 esse
1421 2152 1541 2213 initium

234 2257 315 2314 rocis
343 2255 549 2335 significantis,
578 2255 645 2315 ideo
669 2257 808 2334 quoniam
831 2254 975 2333 quaedam
1004 2273 1091 2313 voces
1120 2253 1210 2313 scribi
1239 2265 1377 2336 possunt,
1405 2261 1541 2335 quamvis

233 2359 304 2419 nibil
333 2361 513 2441 significent,
541 2365 628 2423 sicuti
658 2362 881 2427 cumdicimus
909 2363 998 2421 tittir:
1026 2379 1092 2420 uam
1121 2360 1177 2420 boc
1205 2360 1295 2420 scribi
1324 2370 1437 2443 potest,
1466 2363 1540 2424 nihil

232 2484 303 2525 vero
326 2468 479 2544 significat.
518 2471 616 2529 verius
639 2478 685 2529 est
708 2448 793 2548 illud,
821 2471 938 2529 initium
967 2467 1107 2545 scriptilis
1136 2470 1215 2526 vocis
1238 2476 1288 2527 aut
1315 2469 1433 2529 initium
1457 2472 1538 2529 rocis
1555 2475 1581 2512 ¹⁰

232 2571 410 2651 explanatae.
448 2575 566 2654 qttidam
595 2594 664 2635 reru
692 2593 796 2634 omnes
824 2574 938 2635 litteras
967 2573 1081 2633 vocales
1105 2592 1171 2661 esse
1195 2573 1334 2633 dixerunt
1357 2573 1539 2635 arbitrantes

231 2677 341 2738 nullam
375 2682 467 2758 magis
500 2683 634 2741 minusve
667 2681 865 2740 necessariam
897 2698 977 2759 esse,
1014 2688 1044 2738 et
1076 2681 1143 2756 quia
1177 2697 1280 2737 omnes
1304 2677 1425 2761 ⁸litterae
1449 2699 1539 2741 voces

231 2785 396 2863 explanant.
435 2786 483 2846 alii
507 2786 646 2847 dixerunt
669 2804 772 2845 omnes
796 2803 862 2845 csse
886 2793 1092 2863 consonantes
1115 2786 1255 2862 quoniam
1278 2787 1308 2843 in
1327 2783 1438 2846 Catone
1463 2789 1537 2846 scri-

231 2889 328 2951 bendo
355 2909 414 2951 non
445 2895 542 2952 miuus
571 2902 656 2952 sonet
679 2911 695 2950 a
718 2895 821 2952 littero
845 2910 913 2952 cum
937 2911 967 2961 c,
996 2909 1084 2969 quam
1108 2909 1123 2949 c
1148 2891 1245 2950 littera
1269 2909 1337 2951 cum
1360 2911 1386 2952 a.
1423 2895 1537 2954 scimus

231 3006 328 3059 mutan
351 2997 536 3060 subtiliorem
560 3000 665 3059 iactam
689 3019 755 3059 esse
779 3000 962 3078 divisionem,
986 3009 1018 3058 ut
1041 2998 1156 3057 vocales
1176 2997 1240 3057 illae
1259 2997 1380 3076 quidem
1399 2999 1536 3059 diceren·
1552 3005 1578 3044 ¹⁵

229 3111 293 3185 tur,
320 3107 384 3166 sine
409 3108 517 3186 quibus
540 3104 650 3186 syllaba
673 3107 738 3166 lieri
762 3125 820 3166 non
848 3108 956 3185 possit,
984 3114 1100 3165 ceterae
1129 3116 1340 3186 consonantes,
1366 3122 1537 3183 quaecum
1630 3186 1634 3197 Ι

230 3209 277 3269 bis
300 3224 420 3275 sonent:
443 3233 511 3275 nam
530 3212 603 3273 nihil
627 3220 758 3273 mutatur
782 3231 818 3271 ex
842 3210 959 3290 syllaba.
996 3213 1107 3269 triventi
1131 3220 1201 3272 sum
1224 3220 1323 3271 tanmn
1342 3214 1393 3290 qui
1416 3220 1448 3272 et
1470 3216 1537 3273 sine

229 3319 321 3380 vocali
340 3329 446 3399 putent
464 3339 552 3399 posse
571 3319 710 3398 syllabam
729 3320 802 3379 lieri.
831 3336 898 3377 nam
917 3317 1177 3378 animadvertimus
1195 3317 1272 3398 apud
1290 3321 1422 3378 comicos
1440 3338 1456 3378 s
1474 3329 1505 3379 et
1524 3329 1537 3381 t

227 3428 341 3504 pariter
364 3429 489 3506 scriptas
512 3426 635 3506 litteras,
658 3435 692 3486 ut
715 3424 792 3504 apud
816 3424 989 3485 Terentium
1012 3428 1043 3483 in
1067 3423 1245 3485 Phormione

910 3527 932 3607 †
956 3549 1024 3590 tion
1049 3532 1078 3589 is
1101 3530 1253 3590 obsecro
1277 3541 1345 3612 est,
1550 3546 1577 3585 ²⁰

387 3658 490 3717 quem
515 3649 548 3700 te
573 3657 713 3716 semper
737 3637 869 3697 dicunt.
908 3636 947 3695 St
970 3636 1055 3715 quid
1079 3637 1140 3697 bas
1164 3647 1303 3703 metues
1327 3639 1439 3701 iores:

229 3774 274 3791 w·-
305 3777 440 3786 -··-·-—

317 3842 407 3898 Codex
426 3846 573 3899 Parrhasii
619 3796 818 3914 tinstituendi
837 3844 876 3898 0:
895 3847 908 3898 t
925 3860 1056 3913 superscr.
1076 3848 1113 3899 c*
1188 3847 1313 3900 afinitto
1395 3848 1535 3904 'tlinitu‘o-

225 3940 289 3977 nem
362 3925 515 3979 ildicimua
533 3941 583 3978 om.
605 3924 634 3987 0,
653 3926 685 3976 in
702 3941 787 3994 ororp.
808 3925 906 3978 addc
978 3933 1009 3978 11
1030 3926 1140 3980 vocales
1159 3943 1209 3981 om.
1225 3925 1260 3991 0,
1278 3928 1309 3978 in
1327 3943 1415 3995 ortorp.
1434 3927 1535 3982 addc

283 4009 315 4056 12
334 4002 460 4076 litterae]
480 4007 588 4060 litteras
663 4012 694 4057 14
714 4021 768 4058 non
789 4004 879 4057 minus
897 4009 976 4058 sonet
993 4022 1011 4058 a
1030 4021 1114 4072 quam
1133 4022 1148 4057 c
1167 4005 1264 4060 littera
1286 4022 1350 4059 cum
1369 4023 1387 4060 a

228 4124 438 4133 ————.-

313 4183 341 4238 R
359 4187 442 4240 editio
459 4187 587 4255 princeps
606 4183 709 4237 Romae
728 4201 754 4235 α.
773 4188 847 4236 1587

312 4266 445 4321 VELIVS
465 4264 611 4320 LONGVS
632 4264 679 4316 DE
699 4261 988 4319 ORTHOGRAPHIA
1009 4264 1036 4317 R
1100 4265 1293 4319 uniuersum
1307 4268 1391 4320 codar
1406 4266 1533 4323 Vrsiniu·

221 4364 276 4400 oua
295 4349 326 4399 in
344 4365 429 4416 toury.
449 4352 479 4401 et
497 4345 610 4400 verbum
625 4350 668 4399 eat
686 4349 716 4399 et
733 4345 893 4398 coniunctio
907 4349 936 4398 et
955 4343 1133 4413 praepositio,
1152 4363 1222 4412 quac
1235 4348 1345 4414 seclusi,
1365 4364 1399 4400 a
1413 4349 1532 4404 adnoto-

222 4429 295 4479 tione
313 4429 345 4480 de
359 4429 490 4495 portibus
508 4427 643 4480 orationis
663 4427 692 4477 in
711 4428 833 4494 „torpore
851 4427 990 4492 adscripta
1011 4426 1090 4478 illoto
1108 4442 1162 4478 asse
1181 4427 1307 4480 ridentur
1397 4434 1412 4481 'i
1433 4430 1530 4500 quam]

222 4522 279 4573 qua
297 4506 380 4558 codex
398 4506 565 4559 l'rat'nionus
583 4508 614 4557 ira
632 4523 717 4572 morp.
783 4511 815 4557 12
834 4507 950 4571 sortasse
967 4504 1073 4558 nullam
1093 4505 1183 4575 magia
1201 4505 1327 4560 minuare
1342 4507 1531 4562 necessariam

221 4601 281 4639 esse
301 4602 387 4652 qnam
406 4585 491 4638 aliam
566 4592 597 4638 13
617 4584 767 4652 explanent
786 4585 938 4640 Patrobios.
968 4602 1006 4637 oo
1025 4584 1226 4652 explanarent?
1301 4593 1333 4640 lt
1358 4603 1413 4641 nou
1438 4587 1530 4640 minus

222 4669 303 4718 sonet
322 4682 339 4718 a
358 4681 441 4732 quam
461 4682 476 4717 c
496 4666 592 4717 littera
609 4681 672 4716 cum
692 4679 709 4715 a
727 4663 755 4716 tt
838 4671 869 4717 16
888 4665 1003 4728 sortasse
1022 4663 1080 4716 fieri
1100 4681 1154 4717 nou
1173 4669 1270 4732 posset
1289 4696 1322 4704 —
1342 4670 1478 4720 sonarent

225 4751 257 4798 tt
277 4747 402 4798 mutatur
420 4743 448 4797 in
468 4745 578 4813 syllaba
596 4742 624 4795 R
691 4748 721 4794 19
741 4743 769 4795 in
790 4742 967 4811 Phormione]
994 4742 1119 4807 V1,1t›'
1183 4749 1217 4796 to
1237 4761 1293 4798 non
1311 4744 1336 4798 is
1353 4745 1470 4800 obsecro
1490 4763 1529 4800 es.

219 4840 303 4895 qnam
318 4828 470 4893 sempecta
485 4839 544 4879 esso
559 4822 715 4877 meduaci?
741 4821 790 4875 Ch.
807 4820 846 4874 St
862 4820 907 4874 So.
928 4821 1001 4887 Quid
1016 4823 1066 4874 has
1082 4822 1184 4875 metuis
1199 4822 1291 4878 fores?
1310 4822 1338 4877 R
1351 4840 1386 4877 aa
1402 4824 1531 4885 Terentio
