3316 5474
224 383 289 449 326
796 383 954 441 AVDAOIS

224 497 244 534 p.
258 487 271 526 e
286 486 316 525 11.

204 573 382 651 exaequari
406 589 464 631 nou
489 573 598 652 potuit,
623 571 806 650 temporibus
830 580 1021 650 exaequetur.
1059 571 1140 643 Quae
1164 570 1309 632 vocalium
1336 568 1402 631 loco
1426 589 1532 630 conso·

226 681 360 740 nantium
384 675 559 758 ponuntur?
593 678 603 738 Ι
628 687 657 738 11
681 697 701 737 1
720 726 726 738 .
747 674 893 750 Quando?
931 677 1005 738 Cum
1024 686 1076 739 aut
1094 680 1174 757 ipsae
1194 679 1273 738 inter
1293 696 1325 737 se
1344 680 1536 757 geminantur

225 792 276 846 aut
299 804 368 846 erim
392 785 456 846 aliis
482 784 630 846 vocalibus
654 787 831 867 iunguntur,
859 792 893 847 ut
920 793 992 864 puta
1020 783 1111 846 veluti
1133 789 1161 845 si
1183 787 1222 845 sit
1249 788 1398 865 incapite
1427 804 1534 847 versus

224 886 388 970 ‘periurus'
412 900 463 953 aut
487 887 653 954 ‘volvitur’:
677 894 787 972 quippe
811 910 870 952 non
895 893 1006 972 poterit
1027 894 1122 971 prima
1142 891 1250 971 syllaba
1274 894 1421 972 positione
1444 891 1533 972 longa

223 998 301 1079 fieri,
331 999 388 1058 nisi
417 1016 546 1078 sequens
573 999 682 1058 vocalis
710 998 775 1059 loco
803 1000 994 1060 consonantis
1023 999 1114 1059 luerit
1141 1009 1274 1080 accepta,
1303 999 1382 1079 quod
1411 999 1562 1080 quideme

223 1123 278 1166 suo
297 1102 362 1165 loeo
377 1105 549 1166 docebimus
565 1154 571 1166 .
587 1105 818 1167 Consouantium
834 1107 949 1186 species
969 1113 1041 1185 quot
1060 1102 1151 1166 sunt?
1183 1106 1263 1167 Duae
1279 1155 1285 1167 .
1301 1103 1405 1178 Quae?
1437 1106 1533 1167 Semi·

223 1213 338 1273 vocales
353 1222 383 1274 et
399 1220 506 1273 mutae.
540 1212 736 1274 Semivocales
752 1209 934 1293 quaesunt?
963 1212 1044 1285 Quae
1065 1213 1183 1292 quidem
1203 1212 1310 1274 habent
1331 1216 1360 1274 in
1384 1215 1533 1292 principio

224 1329 338 1399 partem
354 1319 531 1401 vocalitatis,
550 1338 618 1380 cum
634 1338 734 1399 perse
750 1321 957 1402 proteruntur,
977 1328 1074 1380 tamen
1090 1307 1189 1399 perse
1206 1320 1344 1399 syllabam
1360 1322 1455 1381 tacere
1472 1339 1532 1379 non

223 1427 454 1506 possunt.Quot
470 1422 561 1486 stunt?
585 1425 719 1507 Septem,
739 1428 752 1487 l
764 1426 772 1487 l
789 1445 817 1486 m
833 1446 851 1487 1
867 1445 882 1487 1
897 1445 944 1486 sx
959 1474 966 1487 .
982 1425 1064 1498 Quae
1083 1427 1188 1496 harum
1208 1427 1335 1507 liquidae
1355 1435 1437 1505 suut,
1458 1444 1534 1504 quas

224 1532 328 1593 Graeci
352 1523 459 1614 ὑγράς
481 1529 650 1613 appellant?
687 1532 762 1592 Lm
787 1552 804 1592 1
829 1529 1284 1611 r.Liquidaeuudedictae?
1321 1531 1406 1605 Quod
1430 1534 1533 1592 1111111
1550 1548 1576 1585 10

224 1641 330 1699 virium
360 1638 487 1700 babeant
516 1648 546 1699 11
573 1641 603 1699 11
632 1641 874 1719 pronuntiatione
907 1638 1073 1718 liquescant
1105 1648 1193 1718 atque
1227 1639 1392 1719 solvantur,
1425 1641 1464 1699 ita
1499 1650 1534 1701 ut

223 1749 370 1826 positione
395 1746 510 1825 longam
534 1745 672 1826 syllabam
698 1746 795 1805 lacere
819 1764 878 1806 non
909 1748 1032 1825 possint.
1074 1745 1160 1816 Quae
1179 1746 1397 1806 semivocalium
1422 1745 1534 1825 duplex

223 1849 291 1913 est?
327 1851 506 1923 X.Quare
537 1848 668 1931 duplex?
711 1852 779 1913 ldeo
808 1851 886 1931 quod
915 1870 951 1912 ex
979 1852 1095 1913 duabus
1123 1853 1230 1913 litteris
1258 1861 1387 1914 constat:
1416 1863 1533 1915 constat

224 1961 302 2019 enim
327 1967 378 2019 aut
401 1978 436 2018 ex
461 1978 480 2038 g
502 1968 532 2020 et
556 1978 570 2019 s
593 1968 644 2019 aut
668 1978 703 2018 11
727 1978 743 2018 1
767 1968 797 2019 11
820 1976 848 2038 1,
871 1967 905 2019 ut
928 1977 980 2018 rex
1005 1961 1097 2040 regis,
1125 1961 1176 2038 pix
1198 1961 1275 2039 picis
1298 2006 1305 2020 .
1329 1962 1438 2040 quippe
1462 1970 1532 2021 ante

224 2065 804 2145 1111111111111111111111,1111111111
829 2067 858 2125 in
883 2065 1091 2145 compendium
1120 2069 1237 2127 iuventa
1266 2075 1325 2147 est,
1355 2085 1406 2127 rex
1434 2085 1489 2146 per
1512 2083 1574 2146 gu

224 2183 254 2234 et
278 2193 292 2233 s
317 2176 519 2248 11111111ρί1·
534 2191 593 2248 per
611 2190 629 2233 c
648 2181 677 2233 et
695 2191 710 2232 s
729 2172 842 2232 litteras
867 2181 982 2232 veteres
1002 2171 1172 2233 scribebant
1195 2173 1300 2243 Quae
1321 2182 1390 2234 11111
1410 2170 1532 2234 mutae?

224 2281 306 2351 Quae
331 2299 427 2360 neque
452 2282 532 2360 ipsae
556 2299 666 2359 perse
694 2280 821 2359 proierri
852 2288 976 2358 possunt
1005 2298 1101 2358 neque
1130 2279 1269 2359 syllabam
1299 2282 1395 2341 lacere
1420 2328 1427 2340 .
1452 2280 1532 2352 Quot

225 2383 316 2447 sunt?
353 2385 445 2467 Vllll,
468 2386 496 2446 id
522 2394 567 2446 cst
591 2385 609 2444 b
633 2405 649 2445 1
673 2386 691 2446 d
716 2406 734 2464 g
756 2385 775 2444 h
801 2385 819 2445 11
843 2405 862 2464 p
886 2403 904 2463 q
928 2393 941 2444 t
965 2433 971 2446 .
996 2384 1077 2470 Quae
1097 2395 1168 2446 suut
1187 2406 1221 2446 ex
1241 2386 1288 2446 his
1307 2384 1531 2467 supervacuae?

227 2493 306 2554 liet
330 2513 349 2573 q
373 2542 379 2554 .
404 2493 503 2566 Quare
527 2492 667 2553 dicuutur
691 2488 913 2571 supervacuae?
949 2490 992 2552 lio
1021 2492 1100 2571 quod
1129 2512 1145 2552 1
1173 2493 1272 2554 littera
1300 2493 1403 2554 harum
1432 2492 1530 2553 locum

226 2603 320 2681 possit
343 2601 462 2680 explere
487 2648 493 2661 .
519 2619 621 2661 rerum
645 2599 697 2660 has
721 2618 839 2678 quoque
864 2601 1047 2659 necessarias
1071 2599 1297 2680 orthographiae
1318 2603 1393 2661 ratio
1412 2600 1503 2661 efficit
1522 2649 1529 2660 .
1545 2617 1572 2656 so

226 2727 292 2769 uam
316 2710 454 2787 quotiens
478 2727 493 2768 a
518 2710 667 2787 sequitur,
691 2706 787 2786 perh
812 2705 1003 2766 scribendum
1027 2715 1086 2787 est,
1111 2715 1143 2766 ut
1167 2707 1243 2767 hano
1264 2707 1404 2767 kalendae
1424 2707 1530 2788 haput3

225 2819 363 2895 quotiens
387 2835 420 2896 u,
442 2834 497 2895 per
521 2833 554 2895 q,
577 2823 611 2874 ut
634 2816 774 2893 quoniam
792 2812 938 2892 Quirites3
963 2815 1101 2891 quotiens
1125 2813 1256 2892 reliquae
1279 2813 1408 2894 vocales,
1432 2832 1485 2894 per
1505 2833 1530 2895 c,

225 2933 259 2985 ut
282 2931 383 2983 certus
407 2924 478 2984 civis
502 2922 675 2983 commodus
696 2971 701 2982 .
722 2919 799 2991 Quid
823 2919 859 2980 de
883 2919 903 2979 h
927 2918 1195 2999 respondebimus?
1232 2920 1317 2992 Quod
1342 2923 1530 3000 aspirationis

225 3040 307 3105 nota,
336 3049 396 3090 nou
424 3030 521 3090 littera
546 3031 745 3108 existimatur,
775 3026 826 3087 sed
857 3034 956 3086 tamen
985 3028 1014 3086 in
1044 3038 1140 3089 metro
1168 3027 1346 3106 aliquotiens
1373 3037 1404 3089 et
1432 3027 1530 3088 littera

225 3137 458 3217 deprehenditur
478 3185 484 3196 .
505 3140 586 3208 Quae
607 3144 677 3195 sunt
695 3135 810 3194 litterae
830 3130 1026 3213 peregrinae?
1063 3132 1086 3192 Y
1105 3140 1135 3194 et
1153 3154 1168 3194 z
1188 3182 1194 3195 .
1215 3134 1312 3205 Quare
1334 3136 1530 3214 peregrinae?
1545 3153 1572 3191 11

296 3296 330 3344 25
350 3290 375 3343 Y
395 3293 424 3344 et
443 3290 469 3361 a]
491 3290 625 3344 lulianus
643 3290 675 3342 de
693 3288 785 3341 littera
801 3304 829 3355 p.
846 3291 881 3340 10
900 3285 1031 3342 11111111.
1052 3286 1121 3342 Yet
1140 3307 1153 3341 1
1168 3292 1321 3358 remanent,
1339 3307 1408 3358 quas
1421 3289 1530 3344 litteras

224 3374 341 3440 propter
364 3386 466 3439 graeca
488 3369 601 3424 nomina
620 3365 784 3423 admisimus
804 3412 809 3422 .
828 3368 882 3421 Pro
906 3366 1036 3434 qualibus
1059 3367 1244 3422 nominihus?
1269 3369 1387 3438 Propter
1409 3369 1530 3438 hymnus

224 3457 254 3508 et
275 3453 411 3522 zephyrus
437 3494 443 3506 .
468 3467 540 3518 quae
558 3450 587 3514 si
611 3449 778 3515 adsumptae
803 3464 860 3502 non
885 3445 1017 3513 fuissent,
1046 3447 1178 3517 sepherns
1205 3451 1234 3502 et
1261 3448 1411 3519 diepherus
1438 3447 1530 3504 dicere

224 3532 371 3588 debuimus
391 3576 397 3588 .
418 3547 570 3599 quarumy
594 3527 668 3581 inter
686 3526 797 3595 vocales
815 3527 965 3594 habemus,
988 3546 1003 3579 a
1026 3542 1092 3581 vero
1116 3527 1191 3582 inter
1214 3532 1410 3597 consonantes,
1435 3530 1464 3583 et
1487 3531 1531 3582 est

225 3612 341 3683 duplex,
361 3614 393 3665 ut
411 3611 577 3678 Mezentius,
596 3607 663 3675 quia
682 3606 706 3661 si
721 3625 735 3660 z
750 3623 804 3661 non
823 3596 936 3671 fuisset,
954 3621 1004 3674 per
1018 3622 1033 3659 c
1047 3608 1076 3660 et
1089 3624 1102 3659 1
1117 3608 1144 3674 (l.
1161 3608 1223 3663 det
1237 3613 1260 3676 s)
1275 3607 1360 3662 scribi
1375 3607 1530 3683 debebatur

261 3706 504 3804 'nauffinna
527 3734 585 3787 1111
612 3748 662 3785 om.
694 3730 730 3782 M
800 3737 816 3783 e
844 3730 868 3785 11
895 3729 1047 3795 111111,
1071 3731 1134 3785 aaa.
1166 3731 1191 3784 V
1262 3732 1400 3803 aprima]
1419 3749 1475 3785 una
1495 3733 1530 3784 M

31 3844 35 3852 ·
118 3799 119 3803 Ἰ
225 3823 306 3870 usco
321 3813 569 3885 loeo]p,328,3de
582 3813 695 3883 syllabis
706 3811 842 3879 positione
856 3810 945 3878 loupis
981 3810 1050 3878 quot
1064 3812 1129 3864 suut
1144 3812 1181 3864 Μ
1193 3815 1263 3881 quot
1276 3815 1348 3879 sunt,
1368 3816 1399 3864 11
1412 3812 1529 3875 uidetur,

224 3898 270 3950 sed
296 3913 365 3950 corr.
394 3896 429 3948 al.
458 3910 491 3949 m.
521 3893 596 3962 quod
625 3893 669 3945 est
692 3891 720 3943 Β
793 3896 807 3943 'l
832 3892 912 3958 parte
938 3889 976 3941 M
1045 3893 1062 3941 8
1086 3905 1148 3943 cum
1173 3908 1224 3961 pro
1248 3909 1277 3946 se
1300 3892 1478 3961 proferuntur
1501 3893 1529 3945 B

225 3982 241 4028 9
261 3974 337 4040 Quae
357 3975 456 4028 barum
475 3971 647 4042 liquidae-
664 3976 696 4023 12
716 3968 807 4023 iacere
821 3986 877 4023 non
895 3968 1004 4037 possint
1023 3968 1054 4021 111
1072 3967 1144 4022 libro
1165 3970 1301 4025 Victorini
1319 3973 1418 4025 11111111
1437 3974 1529 4041 119111-

224 4061 272 4108 1111
290 4054 365 4122 apud
384 4053 503 4106 Atilium
521 4050 759 4105 Fortunatiauum
782 4065 808 4116 p.
829 4052 932 4112 eruto
1004 4047 1036 4101 u.
1055 4063 1125 4114 quas
1144 4050 1239 4118 graeci
1262 4051 1333 4104 itrac
1356 4051 1530 4120 appellanti

225 4153 252 4188 m
274 4151 293 4187 u
317 4152 331 4186 r
353 4132 425 4186 BM
497 4137 527 4185 11
553 4129 720 4199 liquieseant
747 4128 783 4181 Μ
856 4134 887 4182 ta
910 4131 1030 4197 possunt
1054 4128 1091 4181 Μ
1168 4136 1200 4183 ta
1230 4147 1263 4184 ex
1291 4131 1400 4185 duabus
1428 4131 1530 4186 litteris

225 4213 336 4267 constat
358 4214 407 4267 aut
425 4230 459 4267 ex
477 4230 496 4282 g
515 4216 544 4267 et
563 4230 575 4265 s
599 4214 649 4266 aut
672 4227 705 4262 ex
729 4226 744 4262 1
763 4210 791 4262 et
810 4228 823 4263 s
841 4211 874 4263 ut
896 4225 944 4262 rex
967 4207 1041 4277 regis
1063 4208 1111 4278 pix
1135 4208 1206 4277 picis
1230 4208 1325 4278 (piscis
1351 4211 1398 4277 lli)
1421 4214 1531 4265 constat

224 4294 299 4348 enim
324 4294 428 4363 quippe
454 4296 518 4347 ante
542 4311 560 4346 x
582 4292 707 4345 litteram
730 4305 801 4357 quae
824 4292 889 4358 post
906 4288 1065 4343 incendium
1089 4289 1205 4344 inuenta
1224 4293 1267 4344 est
1284 4291 1358 4346 ΒΜ
1430 4299 1462 4346 15
1483 4311 1529 4347 rex

223 4397 274 4449 per
293 4394 312 4446 g
331 4376 360 4430 et
378 4392 391 4427 s
409 4372 534 4442 itemque
553 4372 600 4441 pix
623 4388 673 4439 per
691 4387 706 4423 c
725 4371 754 4422 et
771 4387 783 4422 s
806 4368 915 4422 litteras
935 4370 1043 4422 ueteres
1062 4368 1220 4423 scribebant
1244 4370 1271 4424 V
1286 4389 1334 4426 rex
1352 4391 1402 4442 per
1420 4374 1450 4442 ig
1468 4377 1529 4427 ets

224 4455 334 4511 litteras
357 4457 467 4509 11111111
492 4451 652 4507 scribebant
676 4449 704 4501 B
733 4465 780 4502 rex
808 4465 859 4517 per
887 4467 905 4517 g
929 4449 958 4502 et
981 4466 993 4501 s
1018 4451 1127 4502 ueteres
1154 4450 1296 4506 scribebat
1320 4454 1357 4506 M
1429 4459 1462 4507 18
1485 4474 1529 4509 su-

224 4551 381 4604 prauaeuae
403 4539 518 4603 utroque
540 4534 597 4587 loco
621 4529 657 4582 M
730 4534 762 4581 19
786 4527 978 4582 alitterarnm
996 4529 1089 4583 locum
1107 4530 1181 4583 ΒΜ
1252 4537 1284 4584 21
1311 4533 1388 4604 nam]
1417 4551 1472 4588 non
1496 4535 1534 4588 M

259 4632 310 4684 per
327 4615 346 4667 k
366 4613 542 4668 scribendum
561 4615 605 4667 est
622 4612 655 4664 ut
673 4625 743 4662 cano
763 4612 841 4675 (corr.
857 4607 942 4675 hano)
960 4608 1106 4664 banendae
1126 4612 1216 4681 lrapnt
1234 4613 1343 4682 quoties
1362 4612 1373 4666 i
1392 4629 1442 4681 per
1460 4631 1477 4680 q
1498 4616 1530 4665 ut

223 4701 270 4764 qm
290 4695 407 4763 quirites
426 4693 454 4747 Β
472 4710 523 4763 per
541 4693 579 4747 lxa
597 4690 773 4746 scribendum
798 4690 841 4742 est
859 4692 892 4741 ut
914 4688 988 4742 hano
1007 4688 1127 4743 kalende
1147 4693 1237 4761 capud
1258 4692 1386 4761 quotiens
1407 4712 1422 4747 u
1442 4712 1492 4763 per
1511 4714 1528 4764 q

222 4774 254 4826 ut
282 4772 393 4840 qnando
421 4772 544 4840 quirides
575 4773 610 4824 M
686 4776 720 4823 ⁴23
750 4767 832 4837 ciris]
861 4767 940 4821 cuius
969 4770 1007 4822 M
1081 4778 1116 4825 24
1146 4772 1335 4844 existimatur]
1364 4775 1470 4828 extima
1495 4778 1532 4830 M

223 4853 424 4906 1111111111
