3316 5474
644 398 692 453 DE
712 395 999 453 OR'PHOGRAPHIA
1406 397 1465 462 131

165 603 228 644 rem
256 566 528 662 diligentissimum,
563 585 614 660 qui
643 582 713 642 mihi
743 585 829 643 etiarn
858 583 991 643 eiusdem
1020 585 1149 643 auctoris
1185 582 1226 642 Dc
1254 582 1469 664 orthographia

165 692 399 768 manuscriptum
413 707 564 768 nunquam
579 699 664 749 antea
679 688 800 763 editum,
815 689 960 769 praebuit
983 688 1122 750 Nonnihil
1137 699 1289 767 praeterea
1306 689 1469 751 industriae

164 805 194 856 ct
217 796 325 857 laboris
345 798 410 856 rint.
427 795 591 857 Fontanoni
614 798 645 855 in
665 795 768 855 eodem
787 796 880 857 Paris.
897 796 1007 856 Senatu
1027 795 1165 857 Advocati
1188 796 1272 878 huic,
1296 806 1329 859 ut
1348 796 1468 877 quibus·

163 903 229 961 darn
249 902 314 962 aliis
333 900 473 980 operibus
493 896 642 962 accessit'.
674 901 779 962 eodem
799 902 927 963 Danielis
946 901 1021 962 libro
1041 901 1153 981 aliquot
1172 906 1256 964 aunis
1275 914 1342 965 ante
1360 904 1469 965 Petrus

163 1007 304 1068 Pithoeus
335 1010 364 1067 iu
396 1007 632 1068 adversariorum
666 1006 889 1069 subsecivorum
926 1006 1002 1068 libro
1034 1011 1133 1087 priore
1167 1028 1191 1069 a.
1227 1006 1310 1071 1564
1340 1012 1468 1089 primum

163 1113 241 1174 edito
270 1111 339 1174 cb
370 1134 398 1193 p.
421 1110 465 1175 25
492 1114 537 1174 ed.
561 1112 646 1174 Basil.
674 1133 698 1174 a.
726 1113 810 1176 1574
840 1134 912 1176 usus
940 1124 1016 1196 erat,
1048 1134 1116 1175 cunr
1144 1115 1308 1177 adamantii
1337 1115 1468 1196 Martyrii

162 1220 250 1280 verba
279 1222 356 1301 apud
380 1221 508 1283 Cassiod.
532 1240 560 1301 p.
584 1219 670 1283 2299
700 1225 796 1284 berno
824 1228 895 1284 iicet
923 1242 978 1298 epo
1007 1227 1173 1284 invenerim
1196 1242 1260 1303 sqq.
1291 1219 1338 1283 ‘ex
1370 1234 1468 1284 vetere

162 1326 290 1388 Danielis
318 1325 494 1408 exemplari'
522 1328 714 1390 adscriberet.
752 1349 818 1390 nam
847 1332 950 1410 paucis
978 1349 1053 1409 quae
1082 1332 1145 1408 ipse
1175 1328 1317 1390 Pithoeus
1346 1333 1469 1390 mutavit

161 1437 293 1513 exceptis
321 1453 354 1495 ea
383 1454 451 1496 cum
475 1435 607 1497 Parisino
636 1435 765 1497 editione
799 1439 998 1497 consentiunt.
1040 1435 1168 1496 Danielis
1192 1444 1290 1497 autem
1313 1434 1382 1495 olim
1414 1437 1469 1496 luit

161 1549 191 1599 et
208 1539 300 1599 codex
315 1539 475 1601 Derneusis
490 1538 564 1621 243,
578 1544 656 1602 sicut
674 1562 764 1622 supra
783 1543 894 1604 dictum
911 1553 964 1624 est,
979 1552 1010 1602 et
1030 1541 1231 1622 apographum
1250 1549 1333 1601 sexto
1353 1541 1467 1602 decimo

161 1647 279 1707 saeculo
308 1666 342 1707 ex
372 1646 428 1708 hoe
457 1648 566 1709 lactum
594 1657 624 1708 et
652 1651 682 1708 in
711 1651 768 1710 fine
798 1649 983 1730 suppletum,
1014 1647 1092 1727 quod
1120 1666 1198 1707 rrunc
1226 1649 1323 1726 ipsum
1348 1665 1466 1726 quoque

160 1755 239 1814 inter
270 1754 388 1816 codices
418 1755 584 1816 Beruenses
615 1764 750 1817 servatur
781 1776 808 1817 n.
843 1753 912 1817 175.
959 1757 989 1815 in
1022 1756 1152 1832 margine
1183 1753 1342 1833 apographi
1379 1773 1466 1815 manu

162 1860 289 1921 Danielis
317 1865 503 1923 coniecturas
532 1873 562 1923 et
591 1866 684 1944 ipsius
713 1873 743 1925 et
772 1864 895 1924 Puteani
923 1870 953 1922 et
983 1869 1121 1940 excerpta
1149 1859 1261 1939 aliquot
1285 1855 1336 1920 ‘er
1365 1861 1466 1923 codice

154 1963 270 2027 .veteri'
299 1968 446 2049 adscripta
475 1988 540 2030 esse
569 1969 640 2030 dicit
669 1969 807 2049 Hagenus
834 1969 917 2029 catal.
946 1968 1009 2028 cod.
1038 1966 1125 2027 Beru.
1153 1986 1181 2046 p.
1210 1963 1284 2027 237.
1333 1976 1466 2029 ceterum

160 2072 292 2134 Parisina
316 2075 406 2136 editio
432 2074 531 2136 multis
554 2075 628 2136 locis
651 2095 718 2137 cunr
742 2075 843 2137 codice
867 2074 1032 2154 Puteaueo,
1055 2075 1106 2151 qui
1130 2091 1209 2134 nuuc
1232 2071 1386 2135 Parisinus
1409 2082 1464 2156 est,

159 2182 199 2240 ita
223 2184 383 2262 consentit,
412 2192 444 2242 ut
473 2182 602 2243 dubitari
631 2192 759 2262 nequeat
782 2185 853 2262 quin
886 2184 911 2242 is
939 2198 1057 2261 quoque
1082 2181 1117 2241 ad
1146 2199 1210 2242 earu
1233 2180 1393 2243 editionem
1417 2181 1465 2241 ad·

160 2285 274 2347 hibitus
298 2291 344 2349 sit.

246 2394 359 2456 Eodem
387 2414 477 2478 anno,
506 2415 564 2475 quo
588 2396 721 2458 Parisino
749 2397 838 2457 editio
868 2396 942 2456 lacta
970 2405 1047 2477 erat,
1080 2395 1157 2456 liber
1191 2395 1227 2455 de
1256 2395 1464 2475 orthographia

158 2520 174 2559 a
204 2501 385 2563 Ludovico
416 2503 588 2564 Carrione
619 2522 654 2563 ex
685 2503 785 2563 codice
812 2502 981 2563 Coloniensi
1009 2504 1167 2582 separatim
1199 2501 1296 2562 editus
1327 2510 1373 2561 est
1405 2500 1462 2562 hoc

159 2609 258 2691 titulo,
287 2606 399 2690 ‘lllagni
428 2610 538 2672 Aurelii
568 2609 735 2669 Cassiodori
764 2609 916 2670 Senatoris
945 2608 976 2668 V.
1006 2608 1036 2668 C.
1067 2609 1104 2669 de
1139 2608 1347 2688 orthographia
1378 2608 1462 2691 liber,

159 2715 264 2777 edente
289 2725 319 2777 et
342 2716 517 2777 emendante
537 2715 685 2776 Ludorico
705 2714 845 2776 Carrione
864 2715 1025 2793 Brugense.
1064 2717 1253 2798 antverpiae,
1276 2714 1320 2776 Er
1344 2717 1460 2777 ollrcina

158 2821 363 2902 Christophori
384 2822 509 2883 Plautini
533 2821 798 2902 Architypographi
819 2822 911 2900 Regii.
935 2817 1133 2882 leLlleX'.
1170 2822 1206 2882 de
1232 2841 1319 2883 manu
1344 2825 1464 2903 scriptis

159 2938 257 2990 autem
276 2929 360 2990 libris
380 2929 488 3008 quibus
507 2929 610 2989 Carrio
629 2949 702 2990 usus
721 2939 785 2990 erat
808 2932 838 2989 in
859 2929 982 3008 epistula
1003 2929 1037 2989 ad
1057 2928 1247 2990 Theodorum
1266 2926 1462 2989 Pulmanuum

159 3034 225 3096 data
249 3055 273 3097 a.
298 3037 324 3096 d.
349 3036 407 3096 Vll.
432 3035 552 3096 Kalend.
577 3036 666 3116 April.
690 3035 863 3096 lllDLXlllX
887 3035 991 3096 scribit
1014 3034 1099 3116 haec,
1123 3031 1219 3105 ‘Quod
1246 3034 1331 3113 quale
1355 3036 1407 3114 sit,
1429 3043 1463 3095 ut

158 3143 262 3203 melius
291 3144 485 3222 intelligatur,
513 3142 679 3203 Cassiodori
709 3146 763 3203 viri
791 3143 928 3204 omnibus
955 3140 1118 3202 honoribus
1146 3144 1177 3200 in
1206 3159 1258 3202 sua
1288 3159 1349 3221 rep.
1373 3143 1462 3222 aucti,

157 3258 201 3331 et,
224 3261 258 3312 ut
281 3251 327 3310 illa
351 3259 484 3330 tempora
509 3250 656 3330 lcrebaut,
679 3269 739 3310 non
761 3250 903 3310 ineruditi
923 3247 1169 3327 orthographiam
1193 3267 1228 3307 ex
1252 3248 1461 3308 diversissimis

159 3356 356 3435 scriptoribus
375 3356 574 3438 compilatam,
594 3366 624 3417 et
642 3355 798 3435 aliquando
817 3359 905 3416 etiarn
925 3353 1045 3434 ab‘ipso
1060 3354 1235 3414 Cassiodoro
1254 3353 1477 3433 interpolatam

158 3480 236 3521 nunc
259 3461 294 3521 ad
325 3472 352 3522 te
376 3465 475 3542 mitto,
503 3472 533 3523 et
556 3463 612 3524 sub
635 3474 687 3525 tuo
719 3466 850 3545 nomine,
878 3462 979 3523 nitidis
1008 3460 1066 3520 illis
1094 3462 1309 3522 accuratissimi
1334 3460 1460 3520 Plautini

123 3602 126 3609 ·
157 3570 251 3629 nostri
274 3568 496 3629 characteribus
515 3569 706 3652 descriptam,
729 3573 759 3631 in
778 3569 897 3648 vulgum
917 3571 996 3630 exire
1017 3566 1113 3629 iubeo
1130 3566 1275 3627 —Notas
1294 3567 1461 3647 adiicerem,

157 3694 229 3753 quas
260 3676 328 3736 olim
360 3677 523 3755 fragmento
552 3674 619 3735 libri
646 3676 879 3756 Gemblacensis,
907 3685 938 3736 et
964 3675 1021 3736 illis
1050 3673 1229 3736 membranis
1258 3691 1462 3754 apposueram,

158 3801 229 3860 quas
256 3803 272 3842 a
299 3783 435 3843 Cornelio
465 3781 640 3862 Gualthero,
669 3782 786 3843 homine
815 3785 998 3861 antiquitatis
1026 3781 1256 3855 studiosissimo,
1284 3780 1462 3841 Franciscus

156 3887 310 3949 lllartinius
331 3892 413 3949 omni
438 3889 656 3949 immortalitate
678 3889 882 3971 dignissimuS,
907 3908 1032 3969 meoque
1052 3897 1082 3950 et
1100 3890 1173 3967 reip.
1205 3888 1365 3949 litterariae
1386 3885 1461 3945 malo

157 3995 312 4056 immature
337 3998 500 4056 exstinctus
524 3995 559 4055 ad
583 4014 630 4056 me
655 3999 789 4079 miserat,
812 3999 868 4057 nisi
892 3996 956 4057 illas
980 3995 1064 4075 mihi,
1088 4005 1122 4055 ut
1145 4003 1244 4054 cetera
1268 3995 1330 4054 lere
1350 3995 1460 4072 scripta

155 4119 219 4161 mea
244 4105 359 4180 omnia,
383 4120 439 4161 una
460 4120 527 4161 cum
547 4104 720 4162 suavissimo
740 4103 929 4165 lovaniensis
949 4103 1113 4163 academiae
1133 4119 1267 4181 secessu,
1290 4102 1460 4181 etiamnum,

156 4210 267 4268 utinam
292 4226 329 4267 ne
352 4216 520 4288 aeternum,
549 4207 685 4268 militaris
712 4208 857 4269 invideret
885 4211 1001 4270 iniuria.
1040 4226 1105 4267 uam
1130 4225 1204 4284 quac
1228 4225 1308 4267 nunc
1337 4205 1460 4285 edimus,

155 4312 222 4373 libri
246 4313 448 4393 Coloniensis,
471 4332 559 4392 quem
583 4332 598 4373 a
617 4313 776 4374 Melcbiore
796 4314 943 4394 Hittorpio
963 4315 1094 4375 omnium
1118 4310 1264 4372 bonorum
1287 4310 1459 4371 doctissimo

155 4428 185 4479 et
212 4418 368 4478 doctorum
397 4421 507 4497 optimo
536 4420 718 4498 accepimuS,
748 4418 835 4479 fidem
865 4426 1044 4498 sequuntur,
1072 4421 1195 4497 eiusque
1223 4419 1397 4478 auctoritate
1426 4434 1459 4476 se

156 4527 232 4585 tueri
255 4521 390 4584 debeut'.
428 4526 591 4604 fragmento
612 4523 829 4606 Gemblaoe'nsi,
853 4527 939 4585 cuius
961 4535 1080 4605 praeter
1099 4525 1304 4585 Coloniensem
1325 4523 1458 4584 codicem

155 4630 210 4692 hoc
234 4631 299 4691 loco
323 4632 503 4691 mentionem
528 4632 609 4712 lacit,
634 4650 706 4693 usus
730 4642 793 4693 erat
816 4641 901 4692 antea
924 4634 954 4691 iu
978 4634 1166 4710 antiquarum
1195 4631 1355 4693 lectionum
1379 4649 1457 4691 coru-

154 4740 298 4798 mentario
318 4738 448 4798 secundo
472 4736 537 4799 οἳ
561 4738 597 4798 dc
616 4739 781 4799 Adamantii
800 4738 930 4819 Martyrii
955 4737 1053 4800 vorbis
1076 4739 1153 4818 apud
1178 4738 1309 4799 Cassiod.
1326 4758 1353 4818 p.
1368 4734 1459 4801 2295,

154 4847 206 4904 illa
235 4863 354 4920 proque
383 4848 518 4919 nornine,
548 4864 676 4920 priorum
706 4849 843 4907 secundo
870 4847 989 4922 syllaba
1017 4849 1048 4905 in
1077 4864 1096 4904 a
1126 4848 1228 4907 littero
1256 4848 1366 4907 desinit
1393 4862 1457 4923 sqq.

763 4952 765 4954 ,
1207 4950 1245 4999 9*
