3316 5474
622 407 670 460 oa
690 406 981 462 conuenturam
1199 456 1213 480 ‚
1408 409 1449 471 81

143 517 166 553 p.
181 506 235 545 2238
248 506 273 545 P.

145 589 398 671 subducebantur,
421 592 446 649 si
466 589 494 649 id
514 598 565 650 aut
584 591 674 650 decor
698 594 920 671 compositionis
939 600 989 651 ant
1009 593 1095 651 metri
1120 594 1281 652 necessitas
1306 560 1469 672 exigebat,⁸

144 705 179 756 ut
203 691 307 756 ‘adeo
331 698 366 757 in
389 698 529 756 teneris
547 715 793 757 consuescere
817 697 967 758 muitum
991 693 1070 757 cst'.

236 801 277 861 De
305 802 518 884 adspiratione,
549 804 606 862 nisi
633 803 730 884 satior,
760 803 869 882 aliquid
894 806 950 864 iam
979 803 1070 865 locuti
1098 823 1210 865 sumus.
1257 806 1451 885 repetendum

145 917 247 969 tamen
267 911 430 970 existimavi
449 928 617 970 sermonem
636 918 759 989 propter
778 927 829 970 eos
844 913 895 988 qui
909 909 1085 989 Hymnidem
1104 910 1293 989 hyacinthum
1308 920 1338 972 et
1352 911 1450 991 hyme-

117 1033 254 1076 anaeum
282 1019 361 1077 varie
390 1019 585 1095 scripserunt.
631 1016 679 1076 alii
703 1019 782 1076 enim
811 1016 1049 1096 praeponendam
1078 1016 1305 1097 adspirationem
1331 1026 1450 1098 putave-

146 1132 226 1198 runt,
241 1123 290 1183 alii
309 1133 458 1201 tamquam
477 1140 537 1182 non
556 1123 754 1182 necessariam
772 1107 947 1203 omiserunt,
961 1123 1101 1201 quoniam
1121 1123 1233 1184 scilicet
1252 1127 1282 1184 in
1302 1128 1451 1185 communi

145 1229 246 1308 lingua
265 1229 446 1289 Graecorum
470 1245 631 1305 numquam
655 1246 714 1287 nou
738 1227 967 1308 adspirationem
990 1232 1021 1289 in
1041 1248 1073 1289 se
1097 1229 1186 1290 habet
1209 1250 1225 1309 y
1248 1230 1355 1312 littera,
1379 1249 1450 1310 quo·

144 1337 224 1396 tiens
252 1335 371 1395 inchoat
400 1354 495 1397 voces.
537 1353 604 1395 nam
627 1334 707 1413 quod
733 1334 769 1394 ad
792 1334 879 1394 latina
903 1337 1046 1416 pertinet,
1074 1338 1104 1396 in
1128 1336 1237 1416 quihus
1259 1337 1318 1398 late
1342 1337 1450 1417 aliquid

145 1441 320 1522 ambigitur,
348 1444 537 1521 antiquorum
562 1442 746 1503 consuetudo
770 1442 954 1521 respicienda
979 1451 1039 1523 est,
1067 1443 1175 1521 quibus
1204 1446 1294 1504 moris
1318 1445 1373 1505 init
1396 1465 1451 1525 pro

100 1567 129 1606 ιο
145 1548 201 1608 hac
229 1548 427 1628 adspiratione
456 1549 585 1609 litteram
613 1548 712 1608 dicere
736 1549 766 1608 i:
801 1552 900 1627 itaque
929 1550 1068 1609 harenam
1098 1551 1205 1610 iustius
1238 1552 1305 1628 quis
1334 1550 1451 1633 dixerit,
1564 1623 1571 1637 θ

145 1658 287 1734 quoniam
310 1656 387 1734 apud
412 1658 549 1734 antiquos
574 1655 673 1714 iasena
697 1663 773 1734 erat,
802 1664 832 1715 et
854 1654 1012 1735 hordeum,
1038 1658 1107 1734 quia
1131 1655 1280 1737 iordeum,
1302 1666 1345 1738 ct,
1373 1659 1451 1718 sicut

147 1780 239 1841 supra
263 1761 400 1842 dimmus,
423 1761 532 1843 hircos,
556 1763 694 1840 quoniam
718 1762 783 1821 tirei
807 1771 900 1842 erant,
923 1771 953 1822 et
976 1762 1095 1842 haedos,
1117 1763 1256 1841 quoniam
1280 1762 1364 1823 iaedi.

237 1932 327 2013 Codex
347 1933 521 1988 Parrhasii·
551 1940 563 1985 1
589 1931 684 2002 exigat
773 1939 789 1986 6
811 1935 947 2004 tauquam
969 1932 1153 1987 necessariam
1179 1932 1203 1987 0
1224 1949 1294 1989 corr.
1317 1935 1452 2002 tanquam

577 2024 591 2052 0

145 2081 204 2119 non
222 2066 405 2120 necessariam
424 2082 438 2120 c
523 2071 539 2119 8
561 2065 651 2134 vices:
674 2064 767 2118 tinea
785 2068 909 2135 oprimo
921 2085 1012 2122 manu
1030 2067 1216 2135 menapia
1300 2073 1317 2120 9
1336 2066 1453 2135 antiqua

144 2143 347 2199 consuetudine
365 2144 540 2214 respicienda
613 2150 643 2197 11
665 2143 804 2214 fordeum]
822 2146 947 2201 sordeam
1021 2153 1053 2201 12
1080 2145 1185 2200 haedos
1203 2145 1336 2214 qnoniam
1354 2146 1450 2217 foedi!

144 2222 211 2277 Veli
229 2223 319 2294 Longi
338 2224 373 2278 de
392 2221 593 2293 orthographia
608 2224 613 2291 i
628 2222 713 2278 Liber
731 2224 803 2294 ‘eirp'h
823 2225 960 2281 foeliciter

238 2390 251 2436 1
277 2383 372 2453 exiget
390 2383 418 2437 tt
507 2389 524 2436 2
547 2381 608 2436 ada'
627 2381 656 2435 in
678 2383 782 2438 teneris
800 2401 958 2440 assuescere
981 2385 1137 2440 multum'at
1156 2385 1348 2439 Gomoaeiinna:
1374 2384 1451 2454 Vero.

143 2480 236 2534 9qu.
255 2465 372 2521 11272
427 2471 443 2518 3
463 2462 552 2518 locuti
569 2463 835 2533 sumus]p.68,14
900 2470 915 2518 7
935 2483 954 2518 u
971 2463 1067 2519 littera
1084 2462 1112 2517 R
1167 2470 1183 2517 9
1202 2463 1320 2532 antiqua
1338 2480 1452 2518 consue-

144 2545 217 2598 tudo
235 2543 263 2597 R
281 2550 306 2599 et
324 2546 407 2600 codex
431 2544 526 2598 Vrsini
599 2549 631 2596 12
651 2544 681 2597 et
698 2543 794 2613 hoedi,
814 2543 946 2614 quoniam
965 2542 1052 2597 Foadi
1069 2542 1098 2597 R

206 4966 361 4999 (issffl'l'tcl
375 4967 461 4999 hennil
480 4965 524 4998 vn.
