3316 5474
567 366 637 421 ΑΗΒ
656 366 704 420 DE
725 364 1014 422 ORTHOGRAPHIA
1382 367 1445 431 117

141 483 163 519 p.
177 471 230 512 eres
243 472 267 510 u.

140 558 223 635 poris
246 563 277 616 et
305 557 400 617 iuturi
422 554 542 616 adlatim
564 554 757 614 inveniuntur
781 551 929 634 exempla,
956 553 1008 612 sed
1035 554 1201 632 praesentis
1224 553 1342 635 demus,
1366 554 1445 633 quod

140 662 289 726 difficilius
312 662 443 742 videtur,

299 771 408 831 litora
432 768 524 848 quod
548 768 698 829 tumidis
717 766 942 828 submersum
961 766 1131 828 tunditur
1149 766 1232 827 olim

298 875 491 939 fluctibus:

97 1003 111 1041 s
300 984 475 1064 quondam
498 985 605 1044 etiam
628 984 736 1043 victis
759 981 856 1042 redit
879 983 914 1042 in
937 980 1152 1060 praecordia
1175 983 1310 1043 virtus:

141 1089 452 1172 ‘expergiscimini
476 1089 669 1169 aliquando
693 1098 727 1149 et
750 1091 929 1167 capessite
953 1107 1027 1148 rem
1049 1083 1261 1167 publicam'.

231 1198 427 1260 Conscribere
456 1206 502 1259 est
529 1195 620 1257 multa
648 1195 736 1257 simul
768 1194 915 1277 seribere,
947 1195 1116 1257 exscribere
1144 1195 1224 1275 quod
1251 1195 1319 1258 alibi
1352 1200 1443 1277 scrip·

141 1316 204 1367 tum
232 1309 272 1367 sit
299 1305 475 1385 transterre;
503 1302 716 1383 transcribere,
744 1321 813 1363 curu
841 1304 887 1363 ius
915 1310 1051 1364 nostrum
1081 1304 1111 1361 in
1139 1302 1229 1364 alium
1252 1307 1372 1384 transit,
1400 1307 1443 1366 in·

139 1412 272 1474 seribere
313 1413 522 1492 accusationis,
559 1409 728 1472 adscribere
761 1409 986 1490 adsignationis,
1021 1408 1192 1471 describere
1223 1409 1362 1472 dictionis
1398 1412 1443 1472 vel

99 1538 126 1576 ιο
140 1519 343 1580 ordinationis,

226 1626 388 1688 Exstruere
408 1636 455 1688 est
472 1628 503 1687 in
523 1625 615 1687 altum
634 1632 762 1706 struere,
779 1626 929 1685 instruere
944 1625 1038 1685 aciem
1052 1623 1098 1684 vel
1112 1626 1267 1706 actionem,
1286 1625 1441 1688 adstruere

137 1734 302 1816 adfirmare,
325 1744 500 1795 construere
523 1735 553 1793 in
577 1731 721 1793 struendo
743 1733 939 1813 coniungere,
962 1730 1137 1793 substruere
1161 1749 1194 1791 re
1218 1730 1314 1811 abqrra
1338 1751 1440 1812 super·
1507 1751 1512 1763 ·

137 1843 232 1922 posita
257 1839 360 1902 subter
383 1847 509 1901 struere.

227 1942 362 2006 ‘Memini
385 1965 432 2007 me
455 1942 570 2008 lacere'
594 1946 694 2008 dicere
717 1945 869 2027 debemus,
893 1964 952 2006 non
976 1941 1114 2007 ‘memini
1136 1964 1184 2007 me
1203 1944 1336 2010 lecisse'.
1374 1968 1440 2010 nam

97 2072 124 2111 rs
138 2048 281 2114 ‘memini'
306 2071 404 2114 sermo
423 2064 469 2114 est
487 2062 568 2114 totus
586 2055 741 2133 praeteriti
759 2054 911 2134 temporis,
934 2055 1071 2133 quiante
1095 2054 1202 2114 iactam
1224 2073 1288 2116 rem
1307 2057 1338 2116 in
1356 2074 1440 2135 prae·

137 2179 207 2222 sens
236 2168 369 2241 revocat,
399 2170 429 2221 et
457 2162 484 2224 si
514 2160 624 2221 dixeris
654 2155 791 2221 ‘memini
821 2177 868 2221 me
898 2156 1036 2242 lecisse’,
1072 2160 1131 2222 duo
1163 2164 1324 2240 praeterita
1353 2163 1441 2223 simul

137 2271 250 2348 iungis:
292 2267 396 2329 Cicero
425 2262 585 2327 ‘memini
618 2266 843 2346 Pamphilum
874 2265 1125 2347 Lilybetanum
1157 2268 1243 2328 mihi
1275 2264 1456 2330 narrare''

138 2373 301 2454 [solitum],
323 2374 402 2434 idem
425 2374 501 2434 inira
525 2368 676 2454 ‘respondi
700 2373 831 2455 Metello,
855 2383 889 2434 ut
911 2373 1016 2457 debui,
1039 2377 1128 2437 etiam
1151 2375 1224 2437 illud
1248 2378 1368 2437 memini
1393 2394 1439 2436 me

136 2476 265 2543 dicere':
288 2481 447 2541 Terentius

94 2604 123 2644 ro
296 2606 360 2666 ego
383 2587 479 2648 illam
502 2587 589 2663 vidi,
612 2590 787 2675 virginem
810 2589 921 2650 lorma
944 2587 1036 2650 bona

295 2696 439 2755 memini
462 2712 514 2755 me
538 2694 672 2756 ridere:

135 2799 275 2880 Virgilius

295 2909 472 2969 cautando
497 2907 644 2986 [solitum]
669 2894 813 2971 memini
836 2927 888 2970 me
912 2909 1068 2971 condere
1092 2909 1204 2993 soles,

139 3013 216 3075 idem
240 3009 402 3075 ‘memini
425 3014 613 3075 Auruncos
636 3017 686 3075 ita
714 3016 811 3076 lerre
840 3010 976 3097 senes',
1003 3023 1033 3076 et
1056 3016 1156 3078 multis
1178 3027 1333 3096 praeterea
1355 3020 1438 3081 locis.

98 3137 125 3177 rs
139 3139 235 3201 neque
250 3123 401 3183 invenitur
415 3120 467 3182 ubi
481 3119 517 3181 ab
532 3120 597 3181 aliis
616 3123 730 3200 maguis
753 3121 925 3184 arrctoribus
943 3117 1087 3184 ‘memini'
1106 3126 1237 3203 positum
1256 3127 1303 3206 sit,
1327 3135 1360 3188 ut
1378 3146 1438 3188 non

225 3283 237 3330 1
259 3276 334 3344 quod
352 3274 493 3329 difficilius
513 3276 556 3329 est
574 3275 620 3330 uel
638 3273 753 3329 difficile
772 3274 884 3330 uidetur
901 3275 1017 3331 tumidis
1040 3276 1115 3346 quod
1137 3277 1268 3332 fluctibns
1286 3279 1354 3334 olim
1376 3283 1439 3335 tuu-

134 3354 210 3409 ds'tur
228 3355 370 3424 quondam
388 3355 447 3410 ΒΟ
529 3355 664 3427 3lit0rs]
686 3355 764 3426 Verg.
783 3357 853 3411 Aen.
878 3355 904 3409 V
919 3360 977 3412 215
1058 3357 1247 3428 oquendum]
1272 3358 1349 3430 Verp.
1367 3361 1437 3416 Ares.

135 3435 178 3489 II
193 3441 250 3492 367
322 3435 634 3508 dexpergescemiuiB
654 3435 883 3506 expergescimini
899 3434 933 3491 0:
956 3436 1070 3492 Sallust.
1086 3437 1144 3493 Cat.
1160 3443 1240 3504 52,5
1313 3441 1438 3495 iruulta

135 3512 219 3569 simul
235 3515 296 3570 BG
311 3521 336 3570 ct
353 3516 433 3573 Beda
447 3535 478 3588 p.
497 3520 591 3584 2732,
609 3515 694 3570 simul
711 3515 802 3569 multa
821 3516 859 3569 M
933 3515 1131 3630 excriberitinnqu
1191 3517 1266 3587 quod
1284 3518 1333 3573 alii
1352 3520 1438 3590 scrip·

133 3641 195 3693 tmu
222 3639 260 3694 sit
281 3641 309 3694 Β
336 3641 411 3709 quod
439 3641 488 3696 alii
510 3639 706 3712 {couscriptum
728 3639 766 3695 sit
789 3640 824 3707 0,
851 3656 920 3697 corr.
945 3641 1021 3710 qnod
1045 3641 1114 3696 alibi
1141 3643 1326 3698 conscribitur
1352 3661 1367 3699 c

133 3727 150 3776 8
168 3720 351 3775 transcribere
370 3725 512 3790 (superer.
532 3727 547 3775 e
567 3720 603 3790 G)
623 3720 701 3775 cuins
719 3723 845 3776 nostrum
863 3720 921 3774 ΒΟ
980 3720 1132 3776 inscribere
1150 3723 1336 3778 assumtionis
1348 3725 1437 3792 Beda,

133 3800 283 3855 inscribere
301 3799 484 3855 accusationis
503 3801 549 3855 nel
568 3800 723 3856 occasionis
743 3803 780 3855 M
795 3801 948 3857 inscribere
961 3799 1132 3856 actionisnut
1145 3802 1192 3856 uel
1210 3804 1396 3860 aoensatiouis
1408 3807 1436 3860 Β

132 3880 282 3936 inscribere
301 3879 420 3935 actionis
439 3883 482 3934 est
500 3880 546 3933 uel
564 3879 795 3935 accusationist'
846 3880 1032 3936 ediscubere
1050 3881 1078 3934 B
1143 3888 1177 3936 1ο
1191 3882 1373 3939 ordinationis
1391 3901 1437 3940 ex-

133 3963 223 4016 truere
242 3963 285 4016 est
302 3960 361 4014 BC
377 3958 560 4015 ordinationis
577 3960 622 4014 est
639 3961 779 4016 exsudare
800 3962 838 4015 M
945 3967 977 4015 12
1006 3961 1163 4016 substruere
1181 3979 1211 4016 re
1229 3963 1326 4033 aliqua
1343 3983 1437 4036 super·

132 4040 225 4109 posita
243 4043 340 4109 supter
358 4043 464 4095 struere
485 4039 522 4092 Μ
538 4040 697 4095 substruere
716 4040 813 4109 aliqua
830 4058 915 4110 supra
936 4040 1030 4110 posita
1048 4041 1207 4096 substruere
1225 4042 1253 4095 Β
1277 4045 1323 4099 uel
1341 4046 1437 4117 aliqua

133 4120 326 4189 supraposita
344 4121 503 4174 substruere
522 4118 546 4173 0
616 4126 648 4173 15
668 4122 734 4174 unte
752 4124 845 4176 actum
864 4122 944 4176 Beda
958 4139 988 4190 p.
1007 4126 1081 4177 2791
1157 4127 1190 4175 re
1213 4125 1337 4194 revocat]
1357 4143 1436 4180 reuo-

133 4201 178 4254 cet
190 4200 238 4254 uel
251 4201 365 4254 reuocat
377 4200 405 4253 B
419 4200 532 4254 reuocet
545 4199 624 4265 (corr.
640 4201 695 4269 at)
709 4200 755 4254 nel
769 4203 868 4256 contra
882 4202 905 4256 0
965 4203 995 4255 et
1008 4206 1071 4256 ante
1084 4200 1108 4255 si
1122 4217 1172 4255 om.
1189 4199 1213 4255 G
1273 4208 1305 4256 17
1320 4206 1435 4261 memini

132 4278 310 4348 Pamphilum
325 4279 555 4351 Lilybetanump
569 4276 685 4333 memini
702 4280 878 4349 pamphilum
892 4280 1041 4336 libitaunm
1055 4278 1114 4332 ΒΟ
1128 4297 1174 4333 me
1188 4278 1343 4348 lybitauuru
1357 4301 1435 4353 paru—

131 4357 240 4426 philnm
261 4359 298 4412 M
319 4361 434 4415 memini
456 4377 502 4415 me
525 4354 700 4430 pampliilnm
723 4361 902 4430 Libytsnium
925 4377 955 4419 5:
984 4360 1039 4416 Cic.
1058 4360 1090 4414 in
1114 4357 1189 4412 Verr-
1213 4364 1265 4414 uer.
1283 4376 1332 4415 rec.
1353 4364 1438 4420 IIII

132 4444 181 4504 M,
203 4446 241 4496 32
316 4446 348 4494 18
372 4441 515 4512 respondi]
540 4440 595 4496 Cic.
617 4442 650 4494 in
679 4439 753 4495 Verr.
778 4448 830 4496 act.
853 4458 902 4496 see.
927 4441 1011 4494 ΙΙΙΙ
1033 4445 1084 4504 66,
1103 4441 1157 4490 147
1268 4440 1383 4497 metello
1406 4448 1436 4501 et

132 4518 228 4587 debui,
246 4522 294 4576 sed
311 4523 403 4576 deletis
416 4538 441 4576 s.
456 4526 486 4576 et
503 4521 587 4576 debui
606 4521 630 4576 0
690 4519 773 4594 illud]
792 4521 871 4576 alind
886 4525 923 4578 Μ
985 4528 1019 4576 20
1038 4535 1104 4588 ergo
1119 4532 1187 4571 corr.
1203 4533 1256 4586 ego
1272 4519 1305 4574 Cr
1327 4522 1433 4583 reos.

132 4601 221 4656 Andr.
236 4604 368 4669 115,1r
440 4609 473 4656 21
492 4601 607 4656 memini
627 4603 664 4656 M
667 4601 725 4655 ΒΟ
741 4619 796 4671 qua
810 4602 925 4658 memini
943 4619 958 4657 e
1028 4605 1062 4653 23
1082 4595 1234 4668 cantando]
1256 4598 1333 4671 Verg.
1347 4603 1433 4663 bucol.

132 4687 158 4747 9,
181 4687 219 4738 52
310 4688 345 4736 rt
366 4681 441 4736 idem
464 4711 499 4721 -
522 4697 600 4736 senes
622 4697 673 4736 om.
698 4680 723 4735 G
814 4681 929 4736 memini
952 4700 997 4738 me
1020 4692 1156 4736 auruncos
1179 4676 1229 4730 M:
1262 4679 1339 4752 Vrrg.
1363 4687 1432 4742 Aen,

93 4812 105 4826 ,
137 4759 204 4814 VII
219 4767 277 4818 205
341 4760 433 4833 senes]
452 4759 574 4816 seniores
591 4761 619 4814 Β
681 4760 722 4833 et]
742 4761 818 4816 sxO
877 4765 1025 4832 praeterea
1042 4760 1072 4816 iu
1089 4757 1159 4815 locis
1180 4756 1218 4812 Μ
1279 4766 1313 4817 25
1327 4768 1431 4838 neque]

131 4857 193 4898 raro
213 4841 237 4897 G
603 4839 605 4842 ’
