3316 5474
166 370 231 434 532
427 368 613 441 [CORNELII
637 367 860 440 FRON'FONIS]
886 368 934 423 DF
960 366 1222 424 DIFFFRENTIIS

164 483 187 522 p.
201 473 256 512 moe
268 471 294 513 Ρ.

253 554 382 617 Fidelem
406 563 437 617 et
464 555 563 616 ddum.
609 552 704 615 tidelis
732 554 779 634 lit,
805 562 840 614 ut
866 556 986 616 ἀοιιιὶιιο
1012 556 1247 635 sensualitate
1278 564 1431 627 numm
1455 558 1496 615 ita

165 668 246 725 alter
270 671 402 741 tempore
425 666 632 740 coenoscttur,
655 665 735 723 alter
757 680 876 740 semper
899 665 1059 724 inuenitur.

253 769 384 832 Laudem
407 779 439 832 et
460 769 667 831 laudationem.
713 768 778 830 laus
801 770 870 830 lacti
893 771 1126 831 instrumentum
1152 776 1214 844 est,
1246 767 1398 831 laudatio
1427 787 1494 830 rere

165 885 212 938 est
234 895 335 937 rerum
358 887 508 957 gestarum
532 876 645 937 relatio.

253 984 329 1045 Fere
349 992 379 1045 et
398 983 554 1065 aliquando
574 991 604 1043 et
623 1001 853 1063 nonnumquam.
892 985 954 1045 lere
974 984 1107 1044 luturum
1127 983 1297 1065 significat,
1325 983 1515 1065 aliquando⁵

166 1100 197 1153 ot
221 1110 442 1171 nonnumquam
466 1090 544 1172 quod
568 1092 766 1151 intermittere
791 1109 850 1151 non
873 1093 993 1171 patitur.

253 1201 363 1280 Aptum
390 1208 421 1261 et
447 1198 519 1260 utile
548 1206 578 1259 et
605 1197 752 1259 idoneum.
804 1206 905 1278 aptum
937 1197 1002 1258 loco
1035 1199 1115 1258 venit
1146 1205 1177 1258 et
1208 1203 1376 1281 tempore,
1411 1197 1489 1280 quod

164 1306 254 1367 habet
282 1308 500 1385 summetriam3
537 1305 609 1367 utile
642 1307 738 1367 lemur
770 1301 794 1383 †
825 1307 870 1366 uti
901 1304 1057 1385 prudentis
1089 1304 1218 1386 litterae;
1253 1304 1411 1367 idoneum
1444 1304 1489 1367 rel

165 1415 293 1476 amicum
316 1431 370 1493 per
393 1411 515 1473 consilia
538 1412 664 1473 dicimus
688 1410 733 1472 vel
756 1429 876 1472 serrum
898 1413 929 1472 in
952 1431 1009 1474 uso
1033 1411 1144 1473 domini
1167 1412 1222 1473 eui.

255 1519 365 1580 Saxum
387 1528 418 1580 et
441 1517 575 1599 lapidem.
602 1535 725 1602 ‚saxum
748 1515 881 1578 naturale
900 1525 959 1598 est,
982 1515 1056 1596 lapis
1075 1520 1126 1598 qui
1145 1536 1179 1578 ex
1200 1535 1274 1579 saxo
1294 1537 1412 1582 caesus
1432 1529 1522 1581 esto

257 1627 457 1688 Certationem
489 1634 519 1686 et
552 1633 713 1686 certamen.
764 1625 888 1685 certatio
921 1632 968 1684 est
999 1623 1287 1707 administrantium,
1324 1635 1485 1690 certamen

164 1736 273 1815 operis.

254 1841 406 1901 Victimam
430 1850 460 1901 et
483 1840 617 1901 hostiam.
664 1840 780 1900 victima
805 1839 897 1898 maior
921 1847 979 1912 est,
1003 1838 1098 1900 hostia
1121 1840 1227 1899 minor.

178 1965 316 1972 ————

256 2018 269 2066 1
290 2011 415 2067 Fidelem
434 2012 513 2066 Bwa
530 2015 632 2073 27344
652 2055 658 2066 .
678 2010 753 2064 Inter
772 2008 858 2063 fidum
877 2012 907 2065 et
924 2009 1034 2065 fidelem
1055 2054 1060 2066 .
1081 2009 1171 2065 tidelis
1189 2008 1297 2066 amicus
1318 2015 1381 2082 est,
1405 2013 1480 2068 lidus

165 2108 259 2147 servus
283 2093 339 2147 eod.
365 2093 456 2146 Movet.
542 2099 558 2146 3
582 2092 658 2147 Inter
680 2091 793 2146 undem
816 2093 845 2144 et
866 2089 1083 2146 laudationem.
1104 2090 1165 2145 laus
1188 2091 1283 2145 estin
1307 2109 1370 2162 qua
1387 2091 1481 2149 virtus

165 2172 265 2240 enitet,
284 2173 409 2228 laudatm
423 2172 567 2241 inquisitio
583 2217 588 2228 .
603 2171 654 2228 alii
667 2171 765 2226 dicunt
776 2169 889 2225 landem
903 2187 963 2225 esse
977 2171 1037 2233 eius
1051 2170 1099 2240 qni
1113 2170 1257 2235 landatur,
1277 2171 1480 2229 laudationem

165 2252 225 2306 eius
243 2253 291 2322 qui
309 2253 407 2309 laudat
425 2255 482 2309 cod.
503 2253 594 2308 Meni.
667 2253 779 2306 tlnter
800 2252 897 2319 aptum
922 2253 950 2306 et
974 2251 1073 2306 utilem
1096 2253 1125 2306 et
1148 2250 1280 2305 idoneum
1299 2294 1305 2306 .
1326 2256 1416 2323 aptus
1435 2247 1482 2309 eet

165 2332 227 2386 loeo
246 2332 291 2386 rel
312 2333 451 2401 tempore;
470 2332 540 2386 utile
560 2332 595 2385 ad
614 2331 643 2384 id
662 2328 793 2399 refertur,
811 2333 843 2385 ut
861 2332 890 2385 in
908 2331 1039 2400 prudenti
1058 2332 1145 2387 latere
1164 2332 1191 2399 (l.
1212 2331 1281 2385 utile
1305 2333 1344 2386 ad
1365 2333 1479 2402 aliquid

166 2411 296 2479 refertur,
320 2413 353 2466 ιιι
376 2411 535 2481 inprudenti
559 2412 680 2478 litterae)
704 2408 787 2464 utiles
811 2413 888 2477 suut;
911 2411 1043 2466 idoneum
1069 2411 1187 2466 dicimus
1211 2411 1268 2482 [rel
1288 2411 1406 2482 spons]
1427 2416 1479 2468 aut

165 2492 286 2548 amicum
306 2510 356 2562 per
374 2492 491 2547 consilia
509 2495 559 2548 aat
576 2510 686 2546 servum
704 2492 734 2545 in
748 2508 799 2545 neu
814 2490 920 2546 domini
933 2488 976 2545 sni
991 2493 1048 2546 cod.
1065 2492 1154 2546 Mont.
1230 2496 1262 2544 10
1282 2491 1361 2546 Inter
1374 2509 1477 2547 saxum

166 2575 195 2627 et
208 2572 331 2642 lapidem
347 2615 353 2626 .
371 2590 468 2628 saxum
482 2576 583 2628 natura
597 2575 651 2640 est,
671 2571 743 2642 lapis
757 2570 806 2640 qai
821 2570 856 2625 de
870 2587 937 2626 saxo
952 2570 1053 2626 cecidit
1066 2570 1112 2624 vel
1126 2570 1230 2625 mcisus
1245 2573 1289 2625 est
1302 2573 1362 2628 cod.
1380 2572 1477 2629 Most.

201 2660 233 2708 11
254 2654 329 2708 Inter
347 2655 487 2708 certamen
507 2656 537 2709 et
555 2654 782 2710 contentionem.
798 2654 938 2708 certamen
953 2651 1065 2706 virtutis
1079 2649 1231 2706 aemulatio
1249 2652 1305 2718 est,
1325 2653 1477 2708 contentio

164 2731 325 2788 alteratium
345 2735 373 2803 (l.
393 2734 599 2804 altercantium)
618 2736 735 2790 estred.
757 2734 846 2788 Morti.

256 2901 269 2948 1
290 2896 322 2948 ιιι
340 2895 453 2950 domino
472 2928 503 2935 —
524 2896 665 2950 invenitur
688 2912 738 2950 oro.
757 2894 791 2948 N
805 2899 830 2948 et
852 2893 954 2948 laeam
975 2894 1101 2948 indicata
1120 2909 1136 2951 ς
1156 2935 1163 2947 .
1181 2892 1370 2962 suspensas
1391 2911 1478 2963 prae·

166 2975 225 3029 buit
243 2975 322 3029 Beda
341 3019 346 3029 .
367 2974 456 3029 fidelis
475 2975 520 3043 fit,
539 2977 609 3030 fidus
628 2975 752 3030 nascitur
770 2974 921 3031 Fabricius
992 2982 1009 3030 3
1028 2991 1093 3029 uero
1112 2988 1129 3032 ς
1147 2979 1165 3028 ῑι
1185 2974 1220 3043 (t.
1239 2990 1260 3028 e.
1281 2975 1348 3042 non)
1369 2974 1402 3027 N

166 3055 288 3109 thabat
306 3072 385 3110 suam
404 3055 551 3110 materiam
571 3093 577 3108 .
597 3055 672 3110 Vtile
691 3055 793 3111 fecits
873 3054 1003 3109 idoneum
1022 3057 1054 3108 ut
1075 3053 1232 3110 amicnms·
1313 3052 1478 3110 tdicimus

166 3137 198 3189 ut
216 3151 362 3193 seruante
433 3136 539 3189 domini
553 3135 608 3205 sui]
624 3133 744 3190 hominis
763 3133 819 3191 Ne
893 3141 925 3189 10
939 3135 1158 3204 estprioreloco
1172 3148 1254 3190 σηις
1329 3139 1363 3187 13
1378 3135 1480 3194 hostia

165 3216 256 3270 minor
271 3219 274 3283 Ι
292 3215 433 3284 Explicita
452 3217 518 3269 sunt
536 3215 658 3271 Cornelii
677 3213 824 3270 Frontonis
843 3213 1016 3283 Fragmenta
1033 3214 1068 3269 de
1087 3211 1256 3268 Differentiia
1274 3211 1425 3268 nominum
1447 3218 1480 3271 et

165 3295 348 3353 verboruma·
