3316 5474
704 367 753 422 DE
778 367 1033 422 alessuanrtts
1458 362 1523 427 525

221 480 243 519 p.
258 469 318 508 arev.
331 467 385 508 ares
399 468 422 507 s.

313 553 396 613 Onns
420 562 450 613 et
473 555 627 613 sarcinam.
664 571 740 613 onus
764 551 966 614 vehiculorum
986 563 1016 613 et
1034 555 1127 613 maius
1146 561 1205 632 est,
1229 555 1342 613 sarcina
1362 552 1523 613 bominum.

310 660 435 721 Sumere
469 671 498 720 et
530 662 674 740 accipere.
725 662 870 721 sumimus
902 678 977 740 quae
1010 650 1122 739 posita'
1138 669 1221 733 sunt,
1254 661 1415 739 accipimus
1448 678 1522 738 quae

220 770 423 848 porriguntur.

309 874 500 954 Locupletem
525 884 555 935 et
578 874 698 936 divitem
722 885 751 935 et
774 875 948 956 opulentum
971 887 1001 936 et
1023 884 1175 955 potentem
1195 883 1225 934 et
1243 873 1361 934 beatum
1382 882 1412 933 et
1430 874 1522 933 lortu·

179 997 193 1037 s
221 990 322 1042 natum
352 991 382 1042 et
409 984 612 1062 pecuniosum.
659 980 791 1062 locuples
819 1000 834 1041 a
863 983 946 1062 copia
975 981 1121 1061 locorum3
1154 980 1249 1061 dives,
1277 984 1344 1060 quia
1373 977 1522 1040 dividendi

220 1087 390 1150 facultatem
416 1088 518 1170 babet3
550 1088 709 1169 opulentus
741 1088 777 1148 ab
810 1088 930 1169 opibus3
963 1097 1082 1169 potens,
1114 1091 1182 1167 quia
1210 1088 1290 1167 quod
1317 1088 1378 1148 vult
1410 1096 1521 1166 potest3

220 1197 388 1257 lortunatus
423 1198 472 1257 cni
503 1197 579 1256 lorte
613 1195 723 1274 aliquid
753 1197 890 1277 contigit3
922 1195 1028 1256 beatus
1060 1197 1171 1270 auimo,
1204 1197 1255 1275 qui
1288 1195 1364 1275 apud
1393 1195 1521 1255 Graecos

218 1295 383 1384 μακάριος
405 1313 465 1384 est3
488 1305 669 1383 pecuniosus
693 1305 744 1381 qui
767 1301 857 1363 habet
879 1305 1034 1383 pecuniam
1059 1302 1104 1362 vel
1127 1321 1243 1381 pecora.

308 1408 457 1469 Grandem
481 1419 511 1470 et
534 1426 673 1488 magnum
700 1418 730 1469 et
756 1411 914 1470 inmanem.
959 1408 1070 1488 grande
1100 1413 1130 1469 in
1158 1411 1356 1489 incremento,
1383 1426 1522 1488 magnum

180 1518 249 1576 oin
273 1515 479 1597 amplitudine,
501 1516 618 1577 inmane
642 1518 819 1596 praecipuae
842 1514 1052 1596 amplitudinis.

307 1622 448 1684 Poeticen
471 1632 501 1684 et
523 1625 626 1703 poesin
650 1631 680 1683 et
703 1641 807 1703 poema
831 1631 861 1683 et
884 1625 1043 1702 poeticum
1089 1625 1204 1702 poetice
1229 1625 1355 1696 estrei,
1379 1634 1412 1683 nt
1430 1622 1520 1682 bisto-

219 1731 295 1811 rice‚
321 1731 421 1809 poesis
445 1748 570 1811 operum
592 1738 764 1812 contextus,
791 1747 895 1810 poema
919 1731 1009 1790 certis
1037 1729 1162 1809 pedibus
1186 1739 1216 1790 et
1244 1730 1382 1809 legitimis
1409 1731 1521 1792 inclusa

219 1839 355 1918 materia,
378 1839 528 1917 poeticum
551 1840 581 1898 in
604 1846 692 1918 poeta
714 1837 786 1899 utile
811 1846 864 1898 est

307 1943 529 2024 Homonymiam
553 1953 583 2004 et
606 1946 816 2024 synonymiam.
862 1943 1047 2024 homonymia
1076 1963 1134 2005 una
1158 1963 1229 2004 voce
1253 1944 1344 2005 multa
1368 1947 1521 2026 significat,

178 2065 204 2106 1s
219 2053 390 2131 synonymia
413 2050 513 2111 multis
538 2051 659 2112 vocibus
682 2051 760 2112 idem
784 2059 918 2113 testatur.

306 2157 451 2238 Clupeum
475 2167 504 2219 et
528 2158 671 2238 clypeum.
718 2157 854 2239 clypeum
877 2177 1041 2239 armorum,
1065 2159 1202 2239 clupeum
1225 2160 1369 2237 imaginis.

306 2265 433 2326 Parvum
458 2273 488 2325 et
511 2264 599 2326 breve
619 2274 649 2326 et
668 2268 807 2345 exiguum
826 2273 856 2326 ct
874 2265 1022 2346 pusillum.
1069 2283 1190 2346 parvum
1211 2267 1240 2325 iu
1261 2274 1408 2348 tempore,
1431 2267 1520 2327 breve

218 2375 248 2432 in
272 2375 380 2453 spatio,
404 2375 543 2452 exiguum
566 2374 596 2433 in
621 2392 745 2453 corpore
769 2374 906 2456 inlautis,
929 2374 1068 2454 pusillum
1092 2375 1123 2434 in
1146 2390 1271 2452 corpore
1295 2375 1475 2452 pumilionis.

308 2478 439 2539 involare
467 2487 498 2539 et
525 2478 690 2560 subripere.
741 2477 851 2540 involat
879 2481 931 2559 qui
958 2481 988 2539 in
1018 2478 1065 2540 die
1095 2481 1186 2561 venit,
1219 2479 1346 2561 subripit
1374 2481 1462 2562 clam,
1490 2482 1518 2541 id

175 2602 203 2640 so
218 2595 263 2647 cst
286 2587 402 2647 lurtive.

307 2691 442 2773 Speciem
467 2701 497 2752 et
520 2694 732 2771 specialitatem
755 2703 786 2755 et
809 2695 1009 2774 specietatem.
1055 2695 1170 2773 species
1193 2693 1298 2755 divisio
1321 2704 1367 2756 est
1392 2697 1519 2775 generis,

217 2799 384 2879 specialitas
407 2801 473 2860 ticta
498 2810 543 2859 est
566 2800 602 2860 ab
625 2803 774 2862 Antonino
798 2804 1002 2881 grammatico,
1026 2803 1171 2881 specietas
1195 2801 1327 2881 qualitas.
1354 2798 1357 2882 ζ

305 2905 515 2966 Praeverbium
539 2917 568 2967 et
587 2907 767 2968 adverbium.
813 2907 1020 2988 praeverbium
1039 2918 1085 2970 est
1104 2908 1275 2990 euphonou:
1299 2908 1470 2970 adverbium
1489 2919 1519 2969 et

217 3014 355 3074 vitiosum
379 3022 409 3074 et
433 3014 534 3073 lictum
557 3024 616 3096 est,
640 3024 737 3075 tamen
761 3017 792 3075 in
815 3033 903 3076 usum
927 3025 973 3076 est
997 3025 1159 3096 receptum.

175 3136 203 3176 ee
308 3119 522 3199 Compendium
546 3130 576 3181 et
599 3121 785 3202 dispendium
809 3131 840 3182 et
862 3121 1001 3183 damnum
1025 3132 1055 3184 et
1079 3123 1289 3184 detrimentum
1312 3132 1343 3184 et
1366 3126 1517 3184 iacturam.

216 3227 424 3306 compendium
447 3228 578 3308 uvidique
603 3228 638 3289 ad
662 3229 778 3309 pondus
801 3231 945 3310 pertinet,
976 3229 1163 3310 dispendium
1187 3231 1332 3292 deteritur
1356 3232 1385 3290 in
1408 3229 1516 3309 ponde-

215 3332 312 3414 ribus,
332 3333 472 3395 damnum
490 3335 539 3395 dat
558 3335 708 3416 omnibus,
725 3336 939 3397 detrimentum
959 3356 1016 3398 usu
1035 3339 1150 3418 tritnm3
1174 3339 1286 3397 iactura
1307 3355 1382 3416 quae
1402 3339 1517 3417 iacitur,

214 3449 249 3501 ut
271 3439 385 3501 levetur
409 3461 499 3501 oriere
525 3444 613 3503 navis.

304 3549 432 3624 Aegrum
456 3559 486 3609 et
509 3560 670 3629 aegrotum.
716 3569 804 3631 aeger
827 3553 940 3633 animo,
963 3561 1102 3629 aegrotus
1125 3569 1259 3631 corpore.

307 3745 319 3791 1
336 3737 412 3792 Onus
426 3740 505 3795 Beda
519 3746 630 3808 282‚22
688 3749 720 3798 16
736 3740 871 3814 clupeum
885 3741 965 3797 Beda
978 3746 1084 3808 267,12
1139 3747 1173 3796 29
1188 3743 1310 3810 Aegrum
1321 3740 1400 3794 Beda
1409 3744 1518 3808 26218

305 3907 414 3962 lOnns
433 3911 463 3963 eb
481 3912 619 3966 sarcinam
638 3927 655 3971 ς
675 3911 751 3967 Onus
769 3915 799 3968 eb
816 3910 925 3966 sarcina
943 3911 977 3964 N
1058 3917 1075 3966 4
1097 3911 1272 3965 furtunatum
1296 3909 1330 3962 N
1412 3913 1428 3960 5
1451 3907 1518 3974 quia

216 3984 361 4040 diuidendi
379 3988 543 4045 facultatem
559 4006 575 4048 ς
594 3991 643 4060 qui
661 4008 679 4046 a
697 3991 726 4045 di
744 3990 909 4046 facultatem
923 3989 957 4043 N
1025 3996 1041 4045 6
1061 3989 1110 4058 qui
1129 3989 1204 4057 quod
1222 3988 1285 4041 uult
1304 4004 1320 4045 ς
1393 3992 1408 4039 7
1427 3986 1517 4040 furtu-

213 4070 296 4121 natus
314 4067 348 4120 N
424 4070 598 4140 contingits
678 4071 784 4141 animo]
803 4084 906 4126 ueros
987 4068 1128 4138 dgrande
1151 4067 1323 4123 incremento
1341 4066 1398 4122 Ns
1484 4069 1517 4117 10

213 4145 335 4200 immane
349 4162 366 4206 ς
379 4147 518 4204 inmanem
533 4151 566 4203 N
628 4158 660 4205 12
675 4154 705 4206 et
717 4149 853 4219 legitimis
866 4148 988 4203 numeris
1002 4147 1111 4201 inclusa
1124 4146 1275 4200 Fabricius
1341 4150 1373 4196 16
1387 4141 1517 4210 clupeum

213 4243 354 4282 armorum
382 4229 511 4298 clypeum
539 4229 669 4300 imaginis
697 4244 714 4288 ς
801 4234 834 4283 18
860 4226 1021 4298 pumilionis
1048 4243 1064 4285 s
1092 4223 1268 4280 humillionis
1291 4221 1325 4274 N
1409 4227 1441 4274 19
1467 4220 1517 4288 qui

213 4319 292 4420 inditi
314 4353 349 4407 N
425 4360 458 4407 21
479 4353 588 4424 generis
607 4369 624 4411 ς
642 4360 727 4424 genef
747 4354 806 4423 (boc
823 4357 861 4409 eat
879 4353 1023 4423 generum)
1041 4351 1075 4404 N
1152 4355 1187 4402 22
1206 4345 1330 4401 Antonio
1355 4359 1371 4401 ς
1395 4343 1516 4398 Antonio

216 4477 387 4549 [Gnipboue]
407 4479 558 4533 Fabricius
639 4477 783 4547 qualitatis
802 4492 819 4537 ς
899 4482 934 4530 23
953 4473 1148 4545 praeverbium
1168 4472 1223 4541 est]
1241 4437 1408 4524 iduerbium
1426 4469 1470 4520 est
1486 4467 1520 4521 N

249 4558 406 4644 euphorion
412 4559 576 4625 Fabricius,
595 4558 756 4618 eufimions
775 4557 943 4630 euphemion
957 4558 996 4612 ed.
1012 4556 1091 4623 Aac,
1109 4553 1270 4621 euphemon
1284 4548 1430 4601 Putecba‘us
1443 4548 1485 4616 (Ν
1489 4548 1516 4615 ,9)

249 4688 282 4735 24
302 4647 407 4738 uitiosi
424 4685 457 4738 N
535 4691 569 4738 24
587 4684 616 4738 in
634 4703 687 4739 usn
705 4692 723 4739 ir
739 4686 783 4740 est
799 4684 833 4738 N
847 4683 877 4738 in
895 4699 948 4735 usu
966 4696 1038 4737 nunc
1057 4680 1137 4734 ests
1198 4678 1255 4726 ·25
1273 4669 1409 4724 deteritur
1427 4670 1516 4724 Hein-

212 4762 329 4828 d⁰rl3¹⁴⁸2
348 4762 487 4818 delenitur
505 4764 538 4816 N
544 4780 561 4822 ς
576 4785 583 4816 ε
597 4765 631 4831 cf.
652 4765 733 4821 Vorr.
747 4766 780 4820 dc
795 4766 811 4820 l.
827 4765 844 4820 l.
865 4762 955 4817 V183
974 4756 1152 4828 dispendium
1172 4753 1246 4819 ideo,
1261 4750 1341 4842 guod
1359 4750 1387 4804 in
1406 4750 1518 4821 dispen-

213 4842 305 4897 dendo
324 4845 396 4898 solet
413 4843 504 4901 minus
524 4845 583 4899 fieri
654 4851 688 4898 at
707 4845 816 4899 iactura
834 4841 909 4913 quod
927 4839 1027 4896 iacitur
1045 4854 1079 4893 ex
1098 4849 1183 4891 onere
1202 4848 1284 4886 nausa
1303 4845 1320 4889 s
