<?xml version="1.0" encoding="UTF-8"?>
<!DOCTYPE html PUBLIC "-//W3C//DTD XHTML 1.0 Transitional//EN"
    "http://www.w3.org/TR/xhtml1/DTD/xhtml1-transitional.dtd">
<html xmlns="http://www.w3.org/1999/xhtml" xml:lang="en" lang="en">
 <head>
  <title>
</title>
<meta http-equiv="Content-Type" content="text/html;charset=utf-8" />
  <meta name='ocr-system' content='tesseract 3.04.00' />
  <meta name='ocr-capabilities' content='ocr_page ocr_carea ocr_par ocr_line ocrx_word'/>
</head>
<body>
  <div class='ocr_page' id='page_1' title='image "./grammaticilatin00keilgoog/grammaticilatin00keilgoog_0493.png"; bbox 0 0 3316 5474; ppageno 0'>
   <div class='ocr_carea' id='block_1_1' title="bbox 266 392 1072 544">
    <p class='ocr_par' dir='ltr' id='par_1_1' title="bbox 266 392 1072 544">
     <span class='ocr_line' id='line_1_1' title="bbox 266 392 1072 469; baseline 0 -22"><span class='ocrx_word' id='word_1_1' title='bbox 266 394 332 458; x_wconf 77' lang='lat'><strong>474</strong></span> <span class='ocrx_word' id='word_1_2' title='bbox 759 393 933 449; x_wconf 78' lang='lat' dir='ltr'><strong>rausum</strong></span> <span class='ocrx_word' id='word_1_3' title='bbox 951 392 1072 469; x_wconf 82' lang='lat' dir='ltr'><strong>urssu</strong></span> 
     </span>
     <span class='ocr_line' id='line_1_2' title="bbox 266 495 443 544; baseline 0.006 -9"><span class='ocrx_word' id='word_1_4' title='bbox 266 495 443 544; x_wconf 63' lang='lat' dir='ltr'><strong>ammu</strong></span> 
     </span>
    </p>
   </div>
   <div class='ocr_carea' id='block_1_2' title="bbox 195 578 1620 3980">
    <p class='ocr_par' dir='ltr' id='par_1_2' title="bbox 195 578 1620 1069">
     <span class='ocr_line' id='line_1_3' title="bbox 355 578 1588 661; baseline 0.001 -20"><span class='ocrx_word' id='word_1_5' title='bbox 355 580 451 641; x_wconf 85' lang='lat' dir='ltr'><strong>Fruer</strong></span> <span class='ocrx_word' id='word_1_6' title='bbox 475 578 522 640; x_wconf 90' lang='lat' dir='ltr'><strong>illa</strong></span> <span class='ocrx_word' id='word_1_7' title='bbox 546 598 592 653; x_wconf 81' lang='lat' dir='ltr'><strong>re,</strong></span> <span class='ocrx_word' id='word_1_8' title='bbox 615 579 681 640; x_wconf 87' lang='lat' dir='ltr'><strong>Ter.</strong></span> <span class='ocrx_word' id='word_1_9' title='bbox 706 579 785 639; x_wconf 77' lang='lat' dir='ltr'><strong>idel.</strong></span> <span class='ocrx_word' id='word_1_10' title='bbox 810 580 965 655; x_wconf 81' lang='lat'><strong>(1&#39;8‚27)</strong></span> <span class='ocrx_word' id='word_1_11' title='bbox 989 579 1071 639; x_wconf 87' lang='lat' dir='ltr'><strong>huie</strong></span> <span class='ocrx_word' id='word_1_12' title='bbox 1104 579 1224 638; x_wconf 91' lang='lat' dir='ltr'><strong>demus</strong></span> <span class='ocrx_word' id='word_1_13' title='bbox 1253 579 1313 656; x_wconf 92' lang='lat' dir='ltr'><strong>qui</strong></span> <span class='ocrx_word' id='word_1_14' title='bbox 1344 578 1507 641; x_wconf 80' lang='lat' dir='ltr'><strong>fruatur</strong></span> <span class='ocrx_word' id='word_1_15' title='bbox 1535 599 1588 661; x_wconf 88' lang='lat' dir='ltr'><strong>pro</strong></span> 
     </span>
     <span class='ocr_line' id='line_1_4' title="bbox 268 681 1588 767; baseline 0.002 -20"><span class='ocrx_word' id='word_1_16' title='bbox 268 681 339 766; x_wconf 78' lang='lat' dir='ltr'><strong>‘quo</strong></span> <span class='ocrx_word' id='word_1_17' title='bbox 372 681 500 748; x_wconf 79' lang='lat' dir='ltr'><strong>fruatur&#39;</strong></span> <span class='ocrx_word' id='word_1_18' title='bbox 524 735 531 748; x_wconf 89' lang='lat'><strong><em>.</em></strong></span> <span class='ocrx_word' id='word_1_19' title='bbox 555 688 638 746; x_wconf 88' lang='lat' dir='ltr'><strong>lruor</strong></span> <span class='ocrx_word' id='word_1_20' title='bbox 670 685 748 746; x_wconf 89' lang='lat' dir='ltr'><strong>illam</strong></span> <span class='ocrx_word' id='word_1_21' title='bbox 780 704 858 767; x_wconf 85' lang='lat' dir='ltr'><strong>rem,</strong></span> <span class='ocrx_word' id='word_1_22' title='bbox 889 686 967 748; x_wconf 88' lang='lat' dir='ltr'><strong>idem</strong></span> <span class='ocrx_word' id='word_1_23' title='bbox 1001 686 1088 747; x_wconf 86' lang='lat' dir='ltr'><strong>Plror.</strong></span> <span class='ocrx_word' id='word_1_24' title='bbox 1112 685 1251 760; x_wconf 85' lang='lat'><em>(13,13)</em></span> <span class='ocrx_word' id='word_1_25' title='bbox 1280 695 1318 747; x_wconf 90' lang='lat' dir='ltr'><strong>ut</strong></span> <span class='ocrx_word' id='word_1_26' title='bbox 1346 685 1440 748; x_wconf 88' lang='lat' dir='ltr'><strong>mihi</strong></span> <span class='ocrx_word' id='word_1_27' title='bbox 1473 687 1588 750; x_wconf 77' lang='lat' dir='ltr'><strong>liceat</strong></span> 
     </span>
     <span class='ocr_line' id='line_1_5' title="bbox 267 788 1586 876; baseline 0.002 -23"><span class='ocrx_word' id='word_1_28' title='bbox 267 793 358 872; x_wconf 88' lang='lat' dir='ltr'><strong>quod</strong></span> <span class='ocrx_word' id='word_1_29' title='bbox 392 813 466 855; x_wconf 88' lang='lat' dir='ltr'><strong>amo</strong></span> <span class='ocrx_word' id='word_1_30' title='bbox 500 803 566 855; x_wconf 87' lang='lat' dir='ltr'><strong>tam</strong></span> <span class='ocrx_word' id='word_1_31' title='bbox 599 794 659 855; x_wconf 90' lang='lat' dir='ltr'><strong>diu</strong></span> <span class='ocrx_word' id='word_1_32' title='bbox 692 793 766 853; x_wconf 80' lang='lat' dir='ltr'><strong>frui</strong></span> <span class='ocrx_word' id='word_1_33' title='bbox 794 840 800 852; x_wconf 96' lang='lat'>.</span> <span class='ocrx_word' id='word_1_34' title='bbox 829 793 940 854; x_wconf 82' lang='lat' dir='ltr'><strong>fructui</strong></span> <span class='ocrx_word' id='word_1_35' title='bbox 968 792 1040 853; x_wconf 90' lang='lat' dir='ltr'><strong>mihi</strong></span> <span class='ocrx_word' id='word_1_36' title='bbox 1072 800 1119 853; x_wconf 93' lang='lat' dir='ltr'><strong>est</strong></span> <span class='ocrx_word' id='word_1_37' title='bbox 1150 790 1236 871; x_wconf 84' lang='lat' dir='ltr'><strong>illud,</strong></span> <span class='ocrx_word' id='word_1_38' title='bbox 1260 788 1264 871; x_wconf 91' lang='grc' dir='ltr'>Ι</span> <span class='ocrx_word' id='word_1_39' title='bbox 1289 790 1350 853; x_wconf 82' lang='lat' dir='ltr'><strong>Cir..</strong></span> <span class='ocrx_word' id='word_1_40' title='bbox 1380 793 1421 854; x_wconf 88' lang='lat' dir='ltr'><strong>de</strong></span> <span class='ocrx_word' id='word_1_41' title='bbox 1452 796 1586 876; x_wconf 84' lang='lat' dir='ltr'><strong>imperio</strong></span> 
     </span>
     <span class='ocr_line' id='line_1_6' title="bbox 195 898 1585 982; baseline 0.003 -22"><span class='ocrx_word' id='word_1_42' title='bbox 195 929 198 935; x_wconf 91' lang='lat'>·</span> <span class='ocrx_word' id='word_1_43' title='bbox 267 899 388 980; x_wconf 82' lang='lat' dir='ltr'><strong>Pompei</strong></span> <span class='ocrx_word' id='word_1_44' title='bbox 412 898 516 976; x_wconf 69' lang='grc'><em>(616)</em></span> <span class='ocrx_word' id='word_1_45' title='bbox 539 902 724 979; x_wconf 78' lang='lat' dir='ltr'><strong>putatisne</strong></span> <span class='ocrx_word' id='word_1_46' title='bbox 758 918 819 959; x_wconf 88' lang='lat' dir='ltr'><strong>ves</strong></span> <span class='ocrx_word' id='word_1_47' title='bbox 846 899 901 960; x_wconf 90' lang='lat' dir='ltr'><strong>his</strong></span> <span class='ocrx_word' id='word_1_48' title='bbox 929 898 1038 961; x_wconf 88' lang='lat' dir='ltr'><strong>rebus</strong></span> <span class='ocrx_word' id='word_1_49' title='bbox 1066 899 1139 960; x_wconf 87' lang='lat' dir='ltr'><strong>lrui</strong></span> <span class='ocrx_word' id='word_1_50' title='bbox 1166 917 1286 979; x_wconf 85' lang='lat' dir='ltr'><strong>posse,</strong></span> <span class='ocrx_word' id='word_1_51' title='bbox 1315 901 1390 960; x_wconf 89' lang='lat' dir='ltr'><strong>nisi</strong></span> <span class='ocrx_word' id='word_1_52' title='bbox 1426 920 1496 962; x_wconf 88' lang='lat' dir='ltr'><strong>eos</strong></span> <span class='ocrx_word' id='word_1_53' title='bbox 1526 906 1585 982; x_wconf 94' lang='lat' dir='ltr'><strong>qui</strong></span> 
     </span>
     <span class='ocr_line' id='line_1_7' title="bbox 266 1003 1620 1069; baseline -0.004 -3"><span class='ocrx_word' id='word_1_54' title='bbox 266 1007 640 1069; x_wconf 85' lang='lat' dir='ltr'><strong>vebisiructuisunt</strong></span> <span class='ocrx_word' id='word_1_55' title='bbox 664 1003 993 1067; x_wconf 69' lang='lat' dir='ltr'><strong>conservavernis?</strong></span> <span class='ocrx_word' id='word_1_56' title='bbox 1608 1022 1620 1061; x_wconf 81' lang='lat' dir='ltr'><strong>s</strong></span> 
     </span>
    </p>

    <p class='ocr_par' dir='ltr' id='par_1_3' title="bbox 267 1113 1584 1303">
     <span class='ocr_line' id='line_1_8' title="bbox 354 1113 1584 1194; baseline 0.003 -19"><span class='ocrx_word' id='word_1_57' title='bbox 354 1115 487 1176; x_wconf 79' lang='lat' dir='ltr'><strong>Functus</strong></span> <span class='ocrx_word' id='word_1_58' title='bbox 506 1114 553 1175; x_wconf 88' lang='lat' dir='ltr'><strong>illa</strong></span> <span class='ocrx_word' id='word_1_59' title='bbox 573 1133 620 1194; x_wconf 88' lang='lat' dir='ltr'><strong>re,</strong></span> <span class='ocrx_word' id='word_1_60' title='bbox 638 1113 705 1174; x_wconf 83' lang='lat' dir='ltr'><strong>Ter.</strong></span> <span class='ocrx_word' id='word_1_61' title='bbox 720 1113 801 1175; x_wconf 75' lang='lat' dir='ltr'><strong>adel.</strong></span> <span class='ocrx_word' id='word_1_62' title='bbox 817 1115 883 1186; x_wconf 83' lang='lat' dir='ltr'><strong>(IV</strong></span> <span class='ocrx_word' id='word_1_63' title='bbox 891 1115 977 1189; x_wconf 83' lang='lat'><em>3,12)</em></span> <span class='ocrx_word' id='word_1_64' title='bbox 997 1122 1031 1175; x_wconf 90' lang='lat' dir='ltr'><strong>et</strong></span> <span class='ocrx_word' id='word_1_65' title='bbox 1048 1123 1109 1176; x_wconf 89' lang='lat' dir='ltr'><strong>tuo</strong></span> <span class='ocrx_word' id='word_1_66' title='bbox 1128 1115 1254 1175; x_wconf 87' lang='lat' dir='ltr'><strong>ellicio</strong></span> <span class='ocrx_word' id='word_1_67' title='bbox 1273 1113 1394 1175; x_wconf 86' lang='lat' dir='ltr'><strong>lueris</strong></span> <span class='ocrx_word' id='word_1_68' title='bbox 1416 1116 1584 1179; x_wconf 84' lang='lat' dir='ltr'><strong>iunctus</strong></span> 
     </span>
     <span class='ocr_line' id='line_1_9' title="bbox 267 1221 1014 1303; baseline 0 -22"><span class='ocrx_word' id='word_1_69' title='bbox 267 1221 1014 1303; x_wconf 56' lang='lat' dir='ltr'><strong>fflwmffimmmmmmmHHM&amp;</strong></span> 
     </span>
    </p>

    <p class='ocr_par' dir='ltr' id='par_1_4' title="bbox 483 1328 1344 1409">
     <span class='ocr_line' id='line_1_10' title="bbox 483 1328 1344 1409; baseline -0.002 -18"><span class='ocrx_word' id='word_1_70' title='bbox 483 1348 597 1409; x_wconf 90' lang='lat' dir='ltr'><strong>neque</strong></span> <span class='ocrx_word' id='word_1_71' title='bbox 621 1328 785 1389; x_wconf 87' lang='lat' dir='ltr'><strong>liberalis</strong></span> <span class='ocrx_word' id='word_1_72' title='bbox 809 1329 956 1389; x_wconf 85' lang='lat' dir='ltr'><strong>iunctus</strong></span> <span class='ocrx_word' id='word_1_73' title='bbox 979 1337 1035 1389; x_wconf 89' lang='lat' dir='ltr'><strong>est</strong></span> <span class='ocrx_word' id='word_1_74' title='bbox 1057 1329 1221 1390; x_wconf 88' lang='lat' dir='ltr'><strong>ollieium</strong></span> <span class='ocrx_word' id='word_1_75' title='bbox 1246 1330 1313 1389; x_wconf 90' lang='lat' dir='ltr'><strong>viri</strong></span> <span class='ocrx_word' id='word_1_76' title='bbox 1337 1375 1344 1389; x_wconf 89' lang='lat'><strong>.</strong></span> 
     </span>
    </p>

    <p class='ocr_par' dir='ltr' id='par_1_5' title="bbox 265 1434 1619 1624">
     <span class='ocr_line' id='line_1_11' title="bbox 355 1434 1584 1517; baseline 0.005 -22"><span class='ocrx_word' id='word_1_77' title='bbox 355 1435 460 1498; x_wconf 79' lang='lat' dir='ltr'><strong>Frater</strong></span> <span class='ocrx_word' id='word_1_78' title='bbox 495 1436 588 1517; x_wconf 85' lang='lat' dir='ltr'><strong>illius,</strong></span> <span class='ocrx_word' id='word_1_79' title='bbox 624 1434 709 1515; x_wconf 82' lang='lat' dir='ltr'><strong>Verg.</strong></span> <span class='ocrx_word' id='word_1_80' title='bbox 741 1436 812 1496; x_wconf 79' lang='lat' dir='ltr'><strong>Aen.</strong></span> <span class='ocrx_word' id='word_1_81' title='bbox 845 1435 868 1492; x_wconf 91' lang='lat' dir='ltr'>V</span> <span class='ocrx_word' id='word_1_82' title='bbox 905 1436 1000 1510; x_wconf 88' lang='grc'><em>(495)</em></span> <span class='ocrx_word' id='word_1_83' title='bbox 1038 1445 1121 1498; x_wconf 86' lang='lat' dir='ltr'><strong>tuus</strong></span> <span class='ocrx_word' id='word_1_84' title='bbox 1159 1455 1177 1495; x_wconf 90' lang='lat' dir='ltr'><strong>o</strong></span> <span class='ocrx_word' id='word_1_85' title='bbox 1215 1435 1419 1496; x_wconf 81' lang='lat' dir='ltr'><strong>clarissime</strong></span> <span class='ocrx_word' id='word_1_86' title='bbox 1461 1439 1584 1500; x_wconf 83' lang='lat' dir='ltr'><strong>irater</strong></span> 
     </span>
     <span class='ocr_line' id='line_1_12' title="bbox 265 1542 1619 1624; baseline -0.005 -19"><span class='ocrx_word' id='word_1_87' title='bbox 265 1543 426 1605; x_wconf 77' lang='lat' dir='ltr'>Pandare</span> <span class='ocrx_word' id='word_1_88' title='bbox 451 1591 457 1603; x_wconf 94' lang='lat'><strong>.</strong></span> <span class='ocrx_word' id='word_1_89' title='bbox 481 1544 574 1604; x_wconf 80' lang='lat' dir='ltr'><strong>irater</strong></span> <span class='ocrx_word' id='word_1_90' title='bbox 596 1542 651 1624; x_wconf 89' lang='lat' dir='ltr'><strong>illi,</strong></span> <span class='ocrx_word' id='word_1_91' title='bbox 676 1543 732 1602; x_wconf 90' lang='lat' dir='ltr'><strong>Sal.</strong></span> <span class='ocrx_word' id='word_1_92' title='bbox 755 1542 824 1603; x_wconf 89' lang='lat' dir='ltr'><strong>hist.</strong></span> <span class='ocrx_word' id='word_1_93' title='bbox 848 1542 871 1599; x_wconf 87' lang='lat' dir='ltr'>V</span> <span class='ocrx_word' id='word_1_94' title='bbox 894 1545 954 1623; x_wconf 93' lang='lat' dir='ltr'><strong>qui</strong></span> <span class='ocrx_word' id='word_1_95' title='bbox 978 1545 1081 1604; x_wconf 83' lang='lat' dir='ltr'><strong>uxori</strong></span> <span class='ocrx_word' id='word_1_96' title='bbox 1104 1545 1182 1604; x_wconf 92' lang='lat' dir='ltr'><strong>eius</strong></span> <span class='ocrx_word' id='word_1_97' title='bbox 1201 1545 1314 1604; x_wconf 88' lang='lat' dir='ltr'><strong>irater</strong></span> <span class='ocrx_word' id='word_1_98' title='bbox 1337 1552 1418 1604; x_wconf 88' lang='lat' dir='ltr'><strong>erat</strong></span> <span class='ocrx_word' id='word_1_99' title='bbox 1442 1593 1450 1606; x_wconf 94' lang='lat'>.</span> <span class='ocrx_word' id='word_1_100' title='bbox 1594 1558 1619 1598; x_wconf 80' lang='grc' dir='ltr'><strong>ιο</strong></span> 
     </span>
    </p>

    <p class='ocr_par' dir='ltr' id='par_1_6' title="bbox 266 1648 1581 1927">
     <span class='ocr_line' id='line_1_13' title="bbox 356 1648 1581 1733; baseline 0.004 -22"><span class='ocrx_word' id='word_1_101' title='bbox 356 1650 435 1711; x_wconf 89' lang='lat' dir='ltr'><strong>Fluit</strong></span> <span class='ocrx_word' id='word_1_102' title='bbox 467 1650 515 1711; x_wconf 88' lang='lat' dir='ltr'><strong>illa</strong></span> <span class='ocrx_word' id='word_1_103' title='bbox 547 1670 609 1725; x_wconf 88' lang='lat' dir='ltr'><strong>res,</strong></span> <span class='ocrx_word' id='word_1_104' title='bbox 647 1649 732 1730; x_wconf 83' lang='lat' dir='ltr'><strong>Verg.</strong></span> <span class='ocrx_word' id='word_1_105' title='bbox 765 1651 836 1711; x_wconf 79' lang='lat' dir='ltr'><strong>Aen.</strong></span> <span class='ocrx_word' id='word_1_106' title='bbox 869 1648 933 1709; x_wconf 89' lang='lat' dir='ltr'><strong>Vlll</strong></span> <span class='ocrx_word' id='word_1_107' title='bbox 961 1650 1056 1723; x_wconf 88' lang='grc'><em>(445)</em></span> <span class='ocrx_word' id='word_1_108' title='bbox 1089 1649 1169 1711; x_wconf 83' lang='lat' dir='ltr'><strong>fluit</strong></span> <span class='ocrx_word' id='word_1_109' title='bbox 1201 1669 1259 1711; x_wconf 88' lang='lat' dir='ltr'><strong>aes</strong></span> <span class='ocrx_word' id='word_1_110' title='bbox 1291 1651 1380 1710; x_wconf 84' lang='lat' dir='ltr'><strong>rivis</strong></span> <span class='ocrx_word' id='word_1_111' title='bbox 1416 1656 1581 1733; x_wconf 81' lang='lat' dir='ltr'><strong>aurique</strong></span> 
     </span>
     <span class='ocr_line' id='line_1_14' title="bbox 266 1756 1579 1840; baseline 0.002 -20"><span class='ocrx_word' id='word_1_112' title='bbox 266 1759 448 1820; x_wconf 88' lang='lat' dir='ltr'><strong>metallum</strong></span> <span class='ocrx_word' id='word_1_113' title='bbox 473 1807 479 1817; x_wconf 95' lang='lat'><em>.</em></span> <span class='ocrx_word' id='word_1_114' title='bbox 502 1759 568 1819; x_wconf 91' lang='lat' dir='ltr'><strong>lluit</strong></span> <span class='ocrx_word' id='word_1_115' title='bbox 600 1757 647 1818; x_wconf 91' lang='lat' dir='ltr'><strong>illa</strong></span> <span class='ocrx_word' id='word_1_116' title='bbox 680 1777 727 1840; x_wconf 84' lang='lat' dir='ltr'><strong>re,</strong></span> <span class='ocrx_word' id='word_1_117' title='bbox 759 1759 836 1819; x_wconf 91' lang='lat' dir='ltr'><strong>idem</strong></span> <span class='ocrx_word' id='word_1_118' title='bbox 869 1777 949 1838; x_wconf 82' lang='lat' dir='ltr'><strong>geor.</strong></span> <span class='ocrx_word' id='word_1_119' title='bbox 972 1756 999 1818; x_wconf 94' lang='lat' dir='ltr'><strong>ll</strong></span> <span class='ocrx_word' id='word_1_120' title='bbox 1026 1757 1120 1830; x_wconf 89' lang='grc'><em>(166)</em></span> <span class='ocrx_word' id='word_1_121' title='bbox 1154 1767 1259 1838; x_wconf 88' lang='lat' dir='ltr'><strong>atque</strong></span> <span class='ocrx_word' id='word_1_122' title='bbox 1293 1776 1380 1817; x_wconf 90' lang='lat' dir='ltr'><strong>auro</strong></span> <span class='ocrx_word' id='word_1_123' title='bbox 1415 1759 1579 1839; x_wconf 85' lang='lat' dir='ltr'><strong>plurima</strong></span> 
     </span>
     <span class='ocr_line' id='line_1_15' title="bbox 267 1867 889 1927; baseline 0 -1"><span class='ocrx_word' id='word_1_124' title='bbox 267 1867 403 1927; x_wconf 78' lang='lat' dir='ltr'><strong>fluxit.</strong></span> <span class='ocrx_word' id='word_1_125' title='bbox 884 1873 889 1883; x_wconf 92' lang='lat'>&#39;</span> 
     </span>
    </p>

    <p class='ocr_par' dir='ltr' id='par_1_7' title="bbox 266 1970 1617 2267">
     <span class='ocr_line' id='line_1_16' title="bbox 354 1970 1579 2053; baseline 0.002 -20"><span class='ocrx_word' id='word_1_126' title='bbox 354 1972 418 2033; x_wconf 86' lang='lat' dir='ltr'><strong>Flet</strong></span> <span class='ocrx_word' id='word_1_127' title='bbox 450 1972 520 2033; x_wconf 89' lang='lat' dir='ltr'><strong>illud</strong></span> <span class='ocrx_word' id='word_1_128' title='bbox 555 1982 684 2053; x_wconf 87' lang='lat' dir='ltr'><strong>tempus,</strong></span> <span class='ocrx_word' id='word_1_129' title='bbox 717 1972 801 2052; x_wconf 80' lang='lat' dir='ltr'><strong>Verg.</strong></span> <span class='ocrx_word' id='word_1_130' title='bbox 829 1991 909 2052; x_wconf 79' lang='lat' dir='ltr'><strong>geor.</strong></span> <span class='ocrx_word' id='word_1_131' title='bbox 933 1971 985 2032; x_wconf 95' lang='lat' dir='ltr'><strong>llll</strong></span> <span class='ocrx_word' id='word_1_132' title='bbox 1015 1973 1106 2047; x_wconf 86' lang='grc'><em>(514)</em></span> <span class='ocrx_word' id='word_1_133' title='bbox 1139 1981 1172 2031; x_wconf 90' lang='lat' dir='ltr'><strong>at</strong></span> <span class='ocrx_word' id='word_1_134' title='bbox 1203 1970 1265 2031; x_wconf 86' lang='lat' dir='ltr'><strong>illa</strong></span> <span class='ocrx_word' id='word_1_135' title='bbox 1299 1970 1363 2031; x_wconf 85' lang='lat' dir='ltr'><strong>liet</strong></span> <span class='ocrx_word' id='word_1_136' title='bbox 1394 1982 1546 2034; x_wconf 79' lang='lat' dir='ltr'><strong>nortem</strong></span> <span class='ocrx_word' id='word_1_137' title='bbox 1572 2021 1579 2034; x_wconf 91' lang='lat'><strong>.</strong></span> 
     </span>
     <span class='ocr_line' id='line_1_17' title="bbox 266 2073 1617 2159; baseline 0.004 -21"><span class='ocrx_word' id='word_1_138' title='bbox 266 2080 367 2139; x_wconf 89' lang='lat' dir='ltr'><strong>volunt</strong></span> <span class='ocrx_word' id='word_1_139' title='bbox 390 2079 480 2159; x_wconf 83' lang='lat' dir='ltr'><strong>aliqui</strong></span> <span class='ocrx_word' id='word_1_140' title='bbox 504 2075 567 2140; x_wconf 76' lang='lat' dir='ltr'><strong>‘sset</strong></span> <span class='ocrx_word' id='word_1_141' title='bbox 586 2075 714 2140; x_wconf 86' lang='lat' dir='ltr'><strong>noctem&#39;</strong></span> <span class='ocrx_word' id='word_1_142' title='bbox 738 2082 823 2159; x_wconf 87' lang='lat' dir='ltr'><strong>quasi</strong></span> <span class='ocrx_word' id='word_1_143' title='bbox 846 2074 1007 2158; x_wconf 78' lang='lat' dir='ltr'><strong>‘usquead</strong></span> <span class='ocrx_word' id='word_1_144' title='bbox 1028 2073 1157 2139; x_wconf 85' lang='lat' dir='ltr'><strong>nectem&#39;</strong></span> <span class='ocrx_word' id='word_1_145' title='bbox 1180 2076 1316 2157; x_wconf 82' lang='lat' dir='ltr'><strong>intelligi,</strong></span> <span class='ocrx_word' id='word_1_146' title='bbox 1340 2095 1410 2138; x_wconf 89' lang='lat' dir='ltr'><strong>cum</strong></span> <span class='ocrx_word' id='word_1_147' title='bbox 1434 2079 1580 2143; x_wconf 83' lang='lat' dir='ltr'><strong>videatur</strong></span> <span class='ocrx_word' id='word_1_148' title='bbox 1594 2094 1617 2133; x_wconf 81' lang='lat'><strong>¹⁵</strong></span> 
     </span>
     <span class='ocr_line' id='line_1_18' title="bbox 266 2185 1579 2267; baseline 0.001 -21"><span class='ocrx_word' id='word_1_149' title='bbox 266 2185 1579 2267; x_wconf 54' lang='lat' dir='ltr'><strong>mmwwmwmwwmmmfflmmmmqmmmmwmffiw)</strong></span> 
     </span>
    </p>

    <p class='ocr_par' dir='ltr' id='par_1_8' title="bbox 425 2293 1397 2569">
     <span class='ocr_line' id='line_1_19' title="bbox 425 2293 1397 2373; baseline -0.001 -21"><span class='ocrx_word' id='word_1_150' title='bbox 425 2302 560 2373; x_wconf 82' lang='lat' dir='ltr'><strong>septem</strong></span> <span class='ocrx_word' id='word_1_151' title='bbox 584 2294 684 2354; x_wconf 93' lang='lat' dir='ltr'><strong>illum</strong></span> <span class='ocrx_word' id='word_1_152' title='bbox 707 2301 804 2354; x_wconf 86' lang='lat' dir='ltr'><strong>tutes</strong></span> <span class='ocrx_word' id='word_1_153' title='bbox 827 2293 1022 2373; x_wconf 81' lang='lat' dir='ltr'><strong>perhibent</strong></span> <span class='ocrx_word' id='word_1_154' title='bbox 1044 2313 1085 2354; x_wconf 84' lang='lat' dir='ltr'><strong>ex</strong></span> <span class='ocrx_word' id='word_1_155' title='bbox 1107 2293 1234 2354; x_wconf 86' lang='lat' dir='ltr'><strong>ordine</strong></span> <span class='ocrx_word' id='word_1_156' title='bbox 1257 2310 1397 2352; x_wconf 89' lang='lat' dir='ltr'><strong>menses</strong></span> 
     </span>
     <span class='ocr_line' id='line_1_20' title="bbox 425 2399 1325 2485; baseline -0.002 -25"><span class='ocrx_word' id='word_1_157' title='bbox 425 2420 514 2481; x_wconf 89' lang='lat' dir='ltr'><strong>rupe</strong></span> <span class='ocrx_word' id='word_1_158' title='bbox 538 2400 603 2462; x_wconf 90' lang='lat' dir='ltr'><strong>sub</strong></span> <span class='ocrx_word' id='word_1_159' title='bbox 627 2403 725 2461; x_wconf 84' lang='lat' dir='ltr'><strong>aeria</strong></span> <span class='ocrx_word' id='word_1_160' title='bbox 748 2401 887 2462; x_wconf 78' lang='lat' dir='ltr'><strong>deserti</strong></span> <span class='ocrx_word' id='word_1_161' title='bbox 911 2402 951 2463; x_wconf 90' lang='lat' dir='ltr'><strong>ad</strong></span> <span class='ocrx_word' id='word_1_162' title='bbox 975 2401 1178 2485; x_wconf 80' lang='lat' dir='ltr'><strong>Strymonis</strong></span> <span class='ocrx_word' id='word_1_163' title='bbox 1201 2399 1325 2461; x_wconf 90' lang='lat' dir='ltr'><strong>undam</strong></span> 
     </span>
     <span class='ocr_line' id='line_1_21' title="bbox 425 2508 581 2569; baseline 0.006 -2"><span class='ocrx_word' id='word_1_164' title='bbox 425 2508 581 2569; x_wconf 61' lang='lat' dir='ltr'><strong>mmm</strong></span> 
     </span>
    </p>

    <p class='ocr_par' dir='ltr' id='par_1_9' title="bbox 265 2614 1616 2784">
     <span class='ocr_line' id='line_1_22' title="bbox 354 2614 1616 2697; baseline 0.002 -21"><span class='ocrx_word' id='word_1_165' title='bbox 354 2616 497 2676; x_wconf 86' lang='lat' dir='ltr'><strong>Furorem</strong></span> <span class='ocrx_word' id='word_1_166' title='bbox 522 2616 606 2690; x_wconf 78' lang='lat' dir='ltr'><strong>furit,</strong></span> <span class='ocrx_word' id='word_1_167' title='bbox 630 2615 715 2695; x_wconf 85' lang='lat' dir='ltr'><strong>Verg.</strong></span> <span class='ocrx_word' id='word_1_168' title='bbox 734 2617 805 2677; x_wconf 74' lang='lat' dir='ltr'><strong>Aen.</strong></span> <span class='ocrx_word' id='word_1_169' title='bbox 829 2615 882 2676; x_wconf 90' lang='lat' dir='ltr'><strong>Xll</strong></span> <span class='ocrx_word' id='word_1_170' title='bbox 905 2617 1002 2689; x_wconf 87' lang='grc'><em>(686)</em></span> <span class='ocrx_word' id='word_1_171' title='bbox 1026 2616 1133 2697; x_wconf 86' lang='lat' dir='ltr'><strong>hune,</strong></span> <span class='ocrx_word' id='word_1_172' title='bbox 1160 2634 1234 2696; x_wconf 86' lang='lat' dir='ltr'><strong>oro,</strong></span> <span class='ocrx_word' id='word_1_173' title='bbox 1262 2616 1338 2674; x_wconf 88' lang='lat' dir='ltr'><strong>sine</strong></span> <span class='ocrx_word' id='word_1_174' title='bbox 1368 2631 1419 2674; x_wconf 94' lang='lat' dir='ltr'><strong>me</strong></span> <span class='ocrx_word' id='word_1_175' title='bbox 1445 2614 1616 2678; x_wconf 65' lang='lat' dir='ltr'><strong>fureres</strong></span> 
     </span>
     <span class='ocr_line' id='line_1_23' title="bbox 265 2723 552 2784; baseline 0 -1"><span class='ocrx_word' id='word_1_176' title='bbox 265 2723 552 2784; x_wconf 62' lang='lat' dir='ltr'><strong>woeMmmm</strong></span> 
     </span>
    </p>

    <p class='ocr_par' dir='ltr' id='par_1_10' title="bbox 354 2829 1161 2912">
     <span class='ocr_line' id='line_1_24' title="bbox 354 2829 1161 2912; baseline 0 -23"><span class='ocrx_word' id='word_1_177' title='bbox 354 2829 500 2890; x_wconf 88' lang='lat' dir='ltr'><strong>Futurum</strong></span> <span class='ocrx_word' id='word_1_178' title='bbox 523 2829 564 2891; x_wconf 91' lang='lat' dir='ltr'><strong>illi</strong></span> <span class='ocrx_word' id='word_1_179' title='bbox 589 2833 710 2891; x_wconf 87' lang='lat' dir='ltr'><strong>exitium</strong></span> <span class='ocrx_word' id='word_1_180' title='bbox 734 2839 793 2912; x_wconf 88' lang='lat' dir='ltr'><strong>est,</strong></span> <span class='ocrx_word' id='word_1_181' title='bbox 816 2830 900 2911; x_wconf 85' lang='lat' dir='ltr'><strong>Verg.</strong></span> <span class='ocrx_word' id='word_1_182' title='bbox 924 2833 994 2891; x_wconf 83' lang='lat' dir='ltr'><strong>Aen.</strong></span> <span class='ocrx_word' id='word_1_183' title='bbox 1018 2830 1044 2890; x_wconf 92' lang='lat' dir='ltr'><strong>ll</strong></span> <span class='ocrx_word' id='word_1_184' title='bbox 1068 2831 1161 2905; x_wconf 80' lang='lat'><em>(190)</em></span> 
     </span>
    </p>

    <p class='ocr_par' dir='ltr' id='par_1_11' title="bbox 264 2937 1614 3657">
     <span class='ocr_line' id='line_1_25' title="bbox 385 2937 1453 3019; baseline 0.001 -23"><span class='ocrx_word' id='word_1_185' title='bbox 385 2945 458 2997; x_wconf 93' lang='lat' dir='ltr'><strong>tum</strong></span> <span class='ocrx_word' id='word_1_186' title='bbox 482 2955 644 3016; x_wconf 82' lang='lat' dir='ltr'><strong>magnum</strong></span> <span class='ocrx_word' id='word_1_187' title='bbox 669 2939 830 3019; x_wconf 85' lang='lat' dir='ltr'><strong>exitium,</strong></span> <span class='ocrx_word' id='word_1_188' title='bbox 854 2937 945 3017; x_wconf 88' lang='lat' dir='ltr'><strong>qued</strong></span> <span class='ocrx_word' id='word_1_189' title='bbox 970 2938 1004 2998; x_wconf 88' lang='lat' dir='ltr'><strong>di</strong></span> <span class='ocrx_word' id='word_1_190' title='bbox 1028 2940 1132 3017; x_wconf 87' lang='lat' dir='ltr'><strong>prius</strong></span> <span class='ocrx_word' id='word_1_191' title='bbox 1155 2955 1254 2997; x_wconf 83' lang='lat' dir='ltr'><strong>umeri</strong></span> <span class='ocrx_word' id='word_1_192' title='bbox 1278 2938 1312 2997; x_wconf 92' lang='lat' dir='ltr'><strong>in</strong></span> <span class='ocrx_word' id='word_1_193' title='bbox 1338 2938 1453 3016; x_wconf 82' lang='lat' dir='ltr'><strong>ipsum</strong></span> 
     </span>
     <span class='ocr_line' id='line_1_26' title="bbox 385 3044 1453 3126; baseline 0.001 -22"><span class='ocrx_word' id='word_1_194' title='bbox 385 3053 610 3126; x_wconf 54' lang='lat' dir='ltr'><strong>convertauq</strong></span> <span class='ocrx_word' id='word_1_195' title='bbox 633 3045 763 3105; x_wconf 88' lang='lat' dir='ltr'><strong>Priami</strong></span> <span class='ocrx_word' id='word_1_196' title='bbox 788 3046 938 3125; x_wconf 76' lang='lat' dir='ltr'><strong>unperie</strong></span> <span class='ocrx_word' id='word_1_197' title='bbox 962 3044 1237 3124; x_wconf 82' lang='lat' dir='ltr'><strong>Phrygibusque</strong></span> <span class='ocrx_word' id='word_1_198' title='bbox 1262 3045 1453 3105; x_wconf 81' lang='lat' dir='ltr'><strong>iuturuur.</strong></span> 
     </span>
     <span class='ocr_line' id='line_1_27' title="bbox 265 3148 1614 3232; baseline 0.001 -20"><span class='ocrx_word' id='word_1_199' title='bbox 265 3152 384 3212; x_wconf 86' lang='lat' dir='ltr'><strong>iuturus</strong></span> <span class='ocrx_word' id='word_1_200' title='bbox 408 3153 497 3211; x_wconf 83' lang='lat' dir='ltr'><strong>exitio</strong></span> <span class='ocrx_word' id='word_1_201' title='bbox 521 3151 569 3211; x_wconf 92' lang='lat' dir='ltr'><strong>ille</strong></span> <span class='ocrx_word' id='word_1_202' title='bbox 593 3150 648 3232; x_wconf 83' lang='lat' dir='ltr'><strong>itti,</strong></span> <span class='ocrx_word' id='word_1_203' title='bbox 671 3151 749 3212; x_wconf 86' lang='lat' dir='ltr'><strong>idem</strong></span> <span class='ocrx_word' id='word_1_204' title='bbox 769 3154 840 3211; x_wconf 79' lang='lat' dir='ltr'><strong>Aen.</strong></span> <span class='ocrx_word' id='word_1_205' title='bbox 856 3148 933 3209; x_wconf 90' lang='lat' dir='ltr'><strong>Vllll</strong></span> <span class='ocrx_word' id='word_1_206' title='bbox 947 3150 1038 3222; x_wconf 82' lang='lat'><em>(315)</em></span> <span class='ocrx_word' id='word_1_207' title='bbox 1057 3149 1181 3209; x_wconf 91' lang='lat' dir='ltr'><strong>multis</strong></span> <span class='ocrx_word' id='word_1_208' title='bbox 1205 3157 1318 3208; x_wconf 87' lang='lat' dir='ltr'><strong>tamen</strong></span> <span class='ocrx_word' id='word_1_209' title='bbox 1343 3157 1425 3208; x_wconf 90' lang='lat' dir='ltr'><strong>ante</strong></span> <span class='ocrx_word' id='word_1_210' title='bbox 1450 3150 1572 3214; x_wconf 88' lang='lat' dir='ltr'><strong>luturi</strong></span> <span class='ocrx_word' id='word_1_211' title='bbox 1587 3163 1614 3202; x_wconf 80' lang='lat'><strong>²⁵</strong></span> 
     </span>
     <span class='ocr_line' id='line_1_28' title="bbox 265 3255 1573 3337; baseline 0.002 -19"><span class='ocrx_word' id='word_1_212' title='bbox 265 3259 389 3318; x_wconf 83' lang='lat' dir='ltr'><strong>exitio:</strong></span> <span class='ocrx_word' id='word_1_213' title='bbox 422 3256 557 3317; x_wconf 87' lang='lat' dir='ltr'><strong>similiter</strong></span> <span class='ocrx_word' id='word_1_214' title='bbox 581 3256 640 3317; x_wconf 85' lang='lat' dir='ltr'><strong>Cic.</strong></span> <span class='ocrx_word' id='word_1_215' title='bbox 664 3277 717 3337; x_wconf 88' lang='lat' dir='ltr'><strong>pru</strong></span> <span class='ocrx_word' id='word_1_216' title='bbox 741 3255 858 3336; x_wconf 87' lang='lat' dir='ltr'><strong>Ligario</strong></span> <span class='ocrx_word' id='word_1_217' title='bbox 882 3255 983 3329; x_wconf 62' lang='lat' dir='ltr'><strong>(qm)</strong></span> <span class='ocrx_word' id='word_1_218' title='bbox 1014 3255 1123 3316; x_wconf 88' lang='lat' dir='ltr'><strong>saluti</strong></span> <span class='ocrx_word' id='word_1_219' title='bbox 1152 3257 1221 3316; x_wconf 85' lang='lat' dir='ltr'><strong>civi</strong></span> <span class='ocrx_word' id='word_1_220' title='bbox 1250 3256 1460 3316; x_wconf 87' lang='lat' dir='ltr'><strong>calamitoso</strong></span> <span class='ocrx_word' id='word_1_221' title='bbox 1486 3278 1573 3321; x_wconf 88' lang='lat' dir='ltr'><strong>esse</strong></span> 
     </span>
     <span class='ocr_line' id='line_1_29' title="bbox 265 3364 446 3425; baseline 0 -1"><span class='ocrx_word' id='word_1_222' title='bbox 265 3364 446 3425; x_wconf 64' lang='lat' dir='ltr'><strong>mmms</strong></span> 
     </span>
     <span class='ocr_line' id='line_1_30' title="bbox 352 3466 1573 3553; baseline 0.002 -22"><span class='ocrx_word' id='word_1_223' title='bbox 352 3466 1573 3553; x_wconf 49' lang='lat' dir='ltr'><strong>ffimmmmstffiwfflfflffiwstmmmmfflmfflwv</strong></span> 
     </span>
     <span class='ocr_line' id='line_1_31' title="bbox 264 3577 1209 3657; baseline 0.001 -20"><span class='ocrx_word' id='word_1_224' title='bbox 264 3580 478 3639; x_wconf 67' lang='lat' dir='ltr'><strong>etamimtm</strong></span> <span class='ocrx_word' id='word_1_225' title='bbox 502 3577 533 3637; x_wconf 73' lang='lat' dir='ltr'>R</span> <span class='ocrx_word' id='word_1_226' title='bbox 557 3577 724 3655; x_wconf 67' lang='lat' dir='ltr'><strong>R.magm</strong></span> <span class='ocrx_word' id='word_1_227' title='bbox 748 3596 851 3657; x_wconf 89' lang='lat' dir='ltr'><strong>quam</strong></span> <span class='ocrx_word' id='word_1_228' title='bbox 874 3577 1038 3638; x_wconf 66' lang='lat' dir='ltr'><strong>Numidm</strong></span> <span class='ocrx_word' id='word_1_229' title='bbox 1062 3579 1209 3638; x_wconf 63' lang='lat' dir='ltr'><strong>metus.</strong></span> 
     </span>
    </p>

    <p class='ocr_par' dir='ltr' id='par_1_12' title="bbox 354 3682 1614 3762">
     <span class='ocr_line' id='line_1_32' title="bbox 354 3682 1614 3762; baseline 0.001 -19"><span class='ocrx_word' id='word_1_230' title='bbox 354 3682 965 3762; x_wconf 56' lang='lat' dir='ltr'><strong>fffflssmffiwmmmmfflm]</strong></span> <span class='ocrx_word' id='word_1_231' title='bbox 1585 3697 1614 3737; x_wconf 68' lang='lat' dir='ltr'><strong><em>w</em></strong></span> 
     </span>
    </p>

    <p class='ocr_par' dir='ltr' id='par_1_13' title="bbox 265 3789 1570 3980">
     <span class='ocr_line' id='line_1_33' title="bbox 352 3789 1570 3872; baseline 0.003 -21"><span class='ocrx_word' id='word_1_232' title='bbox 352 3792 472 3851; x_wconf 86' lang='lat' dir='ltr'><strong>Festino</strong></span> <span class='ocrx_word' id='word_1_233' title='bbox 501 3790 585 3871; x_wconf 87' lang='lat' dir='ltr'><strong>illud,</strong></span> <span class='ocrx_word' id='word_1_234' title='bbox 613 3789 696 3869; x_wconf 79' lang='lat' dir='ltr'><strong>Verg.</strong></span> <span class='ocrx_word' id='word_1_235' title='bbox 722 3792 791 3850; x_wconf 67' lang='lat' dir='ltr'><strong>alen.</strong></span> <span class='ocrx_word' id='word_1_236' title='bbox 816 3789 868 3849; x_wconf 95' lang='lat' dir='ltr'><strong>llll</strong></span> <span class='ocrx_word' id='word_1_237' title='bbox 892 3791 988 3864; x_wconf 86' lang='grc'><em>(575)</em></span> <span class='ocrx_word' id='word_1_238' title='bbox 1016 3790 1191 3850; x_wconf 80' lang='lat' dir='ltr'><strong>festinare</strong></span> <span class='ocrx_word' id='word_1_239' title='bbox 1220 3792 1350 3872; x_wconf 84' lang='lat' dir='ltr'><strong>lugam,</strong></span> <span class='ocrx_word' id='word_1_240' title='bbox 1379 3791 1435 3851; x_wconf 90' lang='lat' dir='ltr'><strong>Sal.</strong></span> <span class='ocrx_word' id='word_1_241' title='bbox 1459 3792 1531 3855; x_wconf 87' lang='lat' dir='ltr'><strong>hist.</strong></span> <span class='ocrx_word' id='word_1_242' title='bbox 1556 3794 1570 3855; x_wconf 92' lang='lat'>1</span> 
     </span>
     <span class='ocr_line' id='line_1_34' title="bbox 265 3898 781 3980; baseline -0.004 -21"><span class='ocrx_word' id='word_1_243' title='bbox 265 3899 528 3980; x_wconf 73' lang='lat' dir='ltr'><strong>profectionem</strong></span> <span class='ocrx_word' id='word_1_244' title='bbox 553 3898 781 3958; x_wconf 81' lang='lat' dir='ltr'><strong>festinantes.</strong></span> 
     </span>
    </p>
   </div>
   <div class='ocr_carea' id='block_1_3' title="bbox 264 4082 475 4089">
    <p class='ocr_par' dir='ltr' id='par_1_14' title="bbox 264 4082 475 4089">
     <span class='ocr_line' id='line_1_35' title="bbox 264 4082 475 4089; baseline -0.005 0"><span class='ocrx_word' id='word_1_245' title='bbox 264 4082 475 4089; x_wconf 56' lang='grc' dir='ltr'><strong>»μ</strong></span> 
     </span>
    </p>
   </div>
   <div class='ocr_carea' id='block_1_4' title="bbox 263 4192 1568 4346">
    <p class='ocr_par' dir='ltr' id='par_1_15' title="bbox 263 4192 1568 4346">
     <span class='ocr_line' id='line_1_36' title="bbox 352 4192 1568 4265; baseline 0.004 -16"><span class='ocrx_word' id='word_1_246' title='bbox 352 4195 443 4250; x_wconf 68' lang='lat' dir='ltr'><strong>Codex</strong></span> <span class='ocrx_word' id='word_1_247' title='bbox 464 4196 612 4249; x_wconf 67' lang='lat' dir='ltr'><strong>Parrhasii</strong></span> <span class='ocrx_word' id='word_1_248' title='bbox 656 4194 747 4248; x_wconf 77' lang='lat' dir='ltr'><strong>lfrui</strong></span> <span class='ocrx_word' id='word_1_249' title='bbox 764 4192 964 4264; x_wconf 86' lang='lat' dir='ltr'><strong>possessiones:</strong></span> <span class='ocrx_word' id='word_1_250' title='bbox 993 4192 1017 4247; x_wconf 84' lang='lat' dir='ltr'><strong>si</strong></span> <span class='ocrx_word' id='word_1_251' title='bbox 1040 4210 1087 4248; x_wconf 82' lang='lat' dir='ltr'><strong>ess</strong></span> <span class='ocrx_word' id='word_1_252' title='bbox 1111 4195 1159 4263; x_wconf 88' lang='lat' dir='ltr'><strong>qui</strong></span> <span class='ocrx_word' id='word_1_253' title='bbox 1183 4194 1262 4250; x_wconf 85' lang='lat' dir='ltr'><strong>vobis</strong></span> <span class='ocrx_word' id='word_1_254' title='bbox 1351 4195 1470 4265; x_wconf 77' lang='lat' dir='ltr'><strong>9Virg.</strong></span> <span class='ocrx_word' id='word_1_255' title='bbox 1495 4199 1568 4254; x_wconf 81' lang='lat' dir='ltr'><strong>Aen.</strong></span> 
     </span>
     <span class='ocr_line' id='line_1_37' title="bbox 263 4273 1506 4346; baseline -0.001 -15"><span class='ocrx_word' id='word_1_256' title='bbox 263 4293 313 4331; x_wconf 85' lang='lat' dir='ltr'><strong>vos</strong></span> <span class='ocrx_word' id='word_1_257' title='bbox 332 4293 349 4330; x_wconf 89' lang='grc' dir='ltr'>ο</span> <span class='ocrx_word' id='word_1_258' title='bbox 368 4275 518 4329; x_wconf 73' lang='lat' dir='ltr'><strong>clarissime</strong></span> <span class='ocrx_word' id='word_1_259' title='bbox 592 4281 624 4330; x_wconf 82' lang='lat'><strong>16</strong></span> <span class='ocrx_word' id='word_1_260' title='bbox 643 4275 672 4329; x_wconf 89' lang='lat' dir='ltr'><strong>in</strong></span> <span class='ocrx_word' id='word_1_261' title='bbox 691 4275 790 4329; x_wconf 86' lang='lat' dir='ltr'><strong>eodem</strong></span> <span class='ocrx_word' id='word_1_262' title='bbox 809 4273 842 4342; x_wconf 85' lang='lat' dir='ltr'><strong>V,</strong></span> <span class='ocrx_word' id='word_1_263' title='bbox 861 4275 906 4328; x_wconf 73' lang='lat' dir='ltr'><strong>sed</strong></span> <span class='ocrx_word' id='word_1_264' title='bbox 924 4273 1051 4328; x_wconf 73' lang='lat' dir='ltr'><strong>deletoV</strong></span> <span class='ocrx_word' id='word_1_265' title='bbox 1125 4281 1156 4328; x_wconf 78' lang='lat'><strong>17</strong></span> <span class='ocrx_word' id='word_1_266' title='bbox 1176 4275 1253 4330; x_wconf 77' lang='lat' dir='ltr'><strong>illum</strong></span> <span class='ocrx_word' id='word_1_267' title='bbox 1327 4281 1358 4328; x_wconf 86' lang='lat'><strong>31</strong></span> <span class='ocrx_word' id='word_1_268' title='bbox 1381 4273 1446 4346; x_wconf 89' lang='lat' dir='ltr'><strong>llll]</strong></span> <span class='ocrx_word' id='word_1_269' title='bbox 1466 4275 1506 4330; x_wconf 93' lang='lat' dir='ltr'><strong>lll</strong></span> 
     </span>
    </p>
   </div>
   <div class='ocr_carea' id='block_1_5' title="bbox 263 4541 1569 4935">
    <p class='ocr_par' dir='ltr' id='par_1_16' title="bbox 263 4541 1569 4935">
     <span class='ocr_line' id='line_1_38' title="bbox 352 4541 1568 4612; baseline 0.001 -14"><span class='ocrx_word' id='word_1_270' title='bbox 352 4550 367 4597; x_wconf 81' lang='lat'><strong>2</strong></span> <span class='ocrx_word' id='word_1_271' title='bbox 387 4547 420 4598; x_wconf 85' lang='lat' dir='ltr'><strong>ut</strong></span> <span class='ocrx_word' id='word_1_272' title='bbox 437 4542 506 4597; x_wconf 91' lang='lat' dir='ltr'><strong>mihi</strong></span> <span class='ocrx_word' id='word_1_273' title='bbox 526 4541 610 4596; x_wconf 79' lang='lat' dir='ltr'><strong>liceat</strong></span> <span class='ocrx_word' id='word_1_274' title='bbox 629 4545 686 4596; x_wconf 80' lang='lat' dir='ltr'><strong>turn</strong></span> <span class='ocrx_word' id='word_1_275' title='bbox 706 4543 753 4596; x_wconf 89' lang='lat' dir='ltr'><strong>diu</strong></span> <span class='ocrx_word' id='word_1_276' title='bbox 773 4543 847 4612; x_wconf 90' lang='lat' dir='ltr'><strong>quod</strong></span> <span class='ocrx_word' id='word_1_277' title='bbox 866 4559 930 4597; x_wconf 80' lang='lat' dir='ltr'><strong>emo</strong></span> <span class='ocrx_word' id='word_1_278' title='bbox 948 4543 1002 4597; x_wconf 85' lang='lat' dir='ltr'><strong>frui</strong></span> <span class='ocrx_word' id='word_1_279' title='bbox 1025 4542 1167 4596; x_wconf 77' lang='lat' dir='ltr'><strong>Terentius</strong></span> <span class='ocrx_word' id='word_1_280' title='bbox 1238 4546 1255 4593; x_wconf 83' lang='grc'><em>4</em></span> <span class='ocrx_word' id='word_1_281' title='bbox 1274 4543 1415 4609; x_wconf 75' lang='lat' dir='ltr'><strong>putatisne</strong></span> <span class='ocrx_word' id='word_1_282' title='bbox 1438 4560 1489 4597; x_wconf 83' lang='lat' dir='ltr'><strong>vos</strong></span> <span class='ocrx_word' id='word_1_283' title='bbox 1508 4544 1568 4599; x_wconf 80' lang='lat' dir='ltr'><strong>illis</strong></span> 
     </span>
     <span class='ocr_line' id='line_1_39' title="bbox 263 4620 1568 4693; baseline 0.004 -19"><span class='ocrx_word' id='word_1_284' title='bbox 263 4623 345 4675; x_wconf 82' lang='lat' dir='ltr'><strong>rebus</strong></span> <span class='ocrx_word' id='word_1_285' title='bbox 364 4623 418 4677; x_wconf 80' lang='lat' dir='ltr'><strong>frui</strong></span> <span class='ocrx_word' id='word_1_286' title='bbox 437 4640 532 4693; x_wconf 83' lang='lat' dir='ltr'><strong>posse,</strong></span> <span class='ocrx_word' id='word_1_287' title='bbox 552 4624 605 4678; x_wconf 88' lang='lat' dir='ltr'><strong>nisi</strong></span> <span class='ocrx_word' id='word_1_288' title='bbox 626 4623 735 4693; x_wconf 91' lang='lat' dir='ltr'><strong>eosqui</strong></span> <span class='ocrx_word' id='word_1_289' title='bbox 751 4622 943 4677; x_wconf 85' lang='lat' dir='ltr'><strong>vobisfruelui</strong></span> <span class='ocrx_word' id='word_1_290' title='bbox 960 4626 1025 4676; x_wconf 83' lang='lat' dir='ltr'><strong>suni</strong></span> <span class='ocrx_word' id='word_1_291' title='bbox 1039 4621 1234 4676; x_wconf 81' lang='lat' dir='ltr'><strong>conservaritis</strong></span> <span class='ocrx_word' id='word_1_292' title='bbox 1250 4620 1342 4674; x_wconf 83' lang='lat' dir='ltr'><strong>Oieero</strong></span> <span class='ocrx_word' id='word_1_293' title='bbox 1397 4623 1444 4690; x_wconf 90' lang='lat' dir='ltr'><strong>qui</strong></span> <span class='ocrx_word' id='word_1_294' title='bbox 1461 4623 1568 4679; x_wconf 77' lang='lat' dir='ltr'><strong>fructui</strong></span> 
     </span>
     <span class='ocr_line' id='line_1_40' title="bbox 265 4699 1569 4772; baseline 0.001 -16"><span class='ocrx_word' id='word_1_295' title='bbox 265 4703 343 4756; x_wconf 88' lang='lat' dir='ltr'><strong>vobis</strong></span> <span class='ocrx_word' id='word_1_296' title='bbox 359 4707 423 4757; x_wconf 83' lang='lat' dir='ltr'><strong>sunt</strong></span> <span class='ocrx_word' id='word_1_297' title='bbox 437 4705 474 4758; x_wconf 90' lang='lat' dir='ltr'><em>M</em></span> <span class='ocrx_word' id='word_1_298' title='bbox 547 4710 580 4758; x_wconf 89' lang='lat'><strong>10</strong></span> <span class='ocrx_word' id='word_1_299' title='bbox 600 4703 712 4757; x_wconf 81' lang='lat' dir='ltr'><strong>Sallust.</strong></span> <span class='ocrx_word' id='word_1_300' title='bbox 727 4703 790 4757; x_wconf 83' lang='lat' dir='ltr'><strong>hist.</strong></span> <span class='ocrx_word' id='word_1_301' title='bbox 807 4703 845 4756; x_wconf 84' lang='lat' dir='ltr'><strong>tv</strong></span> <span class='ocrx_word' id='word_1_302' title='bbox 864 4703 938 4772; x_wconf 85' lang='lat' dir='ltr'><strong>quod</strong></span> <span class='ocrx_word' id='word_1_303' title='bbox 959 4702 1036 4757; x_wconf 85' lang='lat' dir='ltr'><strong>uxori</strong></span> <span class='ocrx_word' id='word_1_304' title='bbox 1051 4702 1076 4756; x_wconf 87' lang='lat' dir='ltr'><strong><em>G</em></strong></span> <span class='ocrx_word' id='word_1_305' title='bbox 1092 4743 1098 4754; x_wconf 87' lang='lat'><strong>.</strong></span> <span class='ocrx_word' id='word_1_306' title='bbox 1114 4705 1143 4756; x_wconf 78' lang='lat' dir='ltr'><strong>et</strong></span> <span class='ocrx_word' id='word_1_307' title='bbox 1160 4700 1241 4755; x_wconf 84' lang='lat' dir='ltr'><strong>uxori</strong></span> <span class='ocrx_word' id='word_1_308' title='bbox 1259 4718 1292 4753; x_wconf 71' lang='lat' dir='ltr'><strong>ecc</strong></span> <span class='ocrx_word' id='word_1_309' title='bbox 1306 4702 1395 4754; x_wconf 81' lang='lat' dir='ltr'><strong>codiee</strong></span> <span class='ocrx_word' id='word_1_310' title='bbox 1409 4699 1569 4759; x_wconf 64' lang='lat' dir='ltr'><strong>Frontonis</strong></span> 
     </span>
     <span class='ocr_line' id='line_1_41' title="bbox 263 4780 1532 4853; baseline 0.004 -20"><span class='ocrx_word' id='word_1_311' title='bbox 263 4785 328 4834; x_wconf 79' lang='lat' dir='ltr'><strong>olim</strong></span> <span class='ocrx_word' id='word_1_312' title='bbox 346 4783 378 4834; x_wconf 79' lang='lat' dir='ltr'><strong>in</strong></span> <span class='ocrx_word' id='word_1_313' title='bbox 396 4782 526 4836; x_wconf 79' lang='lat' dir='ltr'><strong>Sallustii</strong></span> <span class='ocrx_word' id='word_1_314' title='bbox 543 4785 705 4853; x_wconf 73' lang='lat' dir='ltr'><strong>fraqmeuiis</strong></span> <span class='ocrx_word' id='word_1_315' title='bbox 723 4784 824 4837; x_wconf 75' lang='lat' dir='ltr'><strong>editum</strong></span> <span class='ocrx_word' id='word_1_316' title='bbox 843 4789 881 4838; x_wconf 81' lang='lat' dir='ltr'><strong>est</strong></span> <span class='ocrx_word' id='word_1_317' title='bbox 954 4788 985 4836; x_wconf 84' lang='lat' dir='ltr'><strong>lt</strong></span> <span class='ocrx_word' id='word_1_318' title='bbox 1006 4784 1112 4852; x_wconf 74' lang='lat' dir='ltr'><strong>septem</strong></span> <span class='ocrx_word' id='word_1_319' title='bbox 1133 4782 1211 4835; x_wconf 91' lang='lat' dir='ltr'><strong>illum</strong></span> <span class='ocrx_word' id='word_1_320' title='bbox 1233 4811 1261 4819; x_wconf 92' lang='lat'><em>-</em></span> <span class='ocrx_word' id='word_1_321' title='bbox 1286 4780 1365 4835; x_wconf 85' lang='lat' dir='ltr'><strong>flesse</strong></span> <span class='ocrx_word' id='word_1_322' title='bbox 1389 4780 1532 4850; x_wconf 77' lang='lat' dir='ltr'><strong>Verqilt‘us</strong></span> 
     </span>
     <span class='ocr_line' id='line_1_42' title="bbox 267 4863 813 4935; baseline 0.002 -19"><span class='ocrx_word' id='word_1_323' title='bbox 267 4871 301 4917; x_wconf 81' lang='lat'><strong>26</strong></span> <span class='ocrx_word' id='word_1_324' title='bbox 321 4863 376 4918; x_wconf 84' lang='lat' dir='ltr'><strong>Cle.</strong></span> <span class='ocrx_word' id='word_1_325' title='bbox 396 4880 446 4933; x_wconf 87' lang='lat' dir='ltr'><strong>pro</strong></span> <span class='ocrx_word' id='word_1_326' title='bbox 466 4865 591 4935; x_wconf 80' lang='lat' dir='ltr'><strong>Ligurio]</strong></span> <span class='ocrx_word' id='word_1_327' title='bbox 611 4865 646 4930; x_wconf 75' lang='lat' dir='ltr'><strong>es.</strong></span> <span class='ocrx_word' id='word_1_328' title='bbox 663 4881 692 4932; x_wconf 83' lang='lat' dir='ltr'><strong>p.</strong></span> <span class='ocrx_word' id='word_1_329' title='bbox 711 4868 813 4932; x_wconf 79' lang='lat'><strong><em>493,21</em></strong></span> 
     </span>
    </p>
   </div>
   <div class='ocr_carea' id='block_1_6' title="bbox 0 0 1662 5474">
    <p class='ocr_par' dir='ltr' id='par_1_17' title="bbox 0 0 1662 5474">
     <span class='ocr_line' id='line_1_43' title="bbox 0 0 1662 5474; baseline 0 0"><span class='ocrx_word' id='word_1_330' title='bbox 0 0 1662 5474; x_wconf 95' lang='lat' dir='ltr'><strong> </strong></span> 
     </span>
    </p>
   </div>
  </div>
 </body>
</html>
