3316 5474
531 387 704 442 EXEMPLA
723 387 986 444 ELOOVTIONVM
1344 388 1411 451 455

113 501 134 538 p.
148 490 195 528 eu.
209 491 249 529 215
265 489 288 530 11.

114 572 180 633 Ter.
205 571 284 632 ridel.
309 574 344 645 (1
364 574 452 646 273)
476 592 560 634 ecoe
584 582 699 634 autem
723 572 763 634 de
797 575 953 652 integro,
985 575 1045 632 Cic.
1066 590 1125 649 pro
1152 574 1287 633 Cluentio
1311 572 1411 645 (1128)

115 682 157 740 de
180 682 325 754 inteqro
349 682 458 741 lunus
481 683 548 740 iam
572 680 715 761 sepulto
739 681 823 741 lilio
847 681 965 740 iacit.

203 787 341 867 Adprima
364 788 409 848 vel
438 787 583 870 adprime,
611 787 695 867 Verg.
721 806 805 863 0000.
837 786 862 847 ll
890 780 982 869 (134)
1012 786 1080 847 1100
1108 787 1265 867 adprime
1294 798 1413 868 tenax,

115 892 182 952 Ter,
206 893 279 953 And.
304 895 338 966 (Ι
361 895 443 969 134)
467 895 625 975 adprime
654 899 689 956 in
718 899 894 955 01100000
921 898 1022 961 utile.
1056 896 1133 954 idem
1159 896 1250 972 Heras.
1275 896 1328 967 (Il
1349 895 1412 967 2,5)

76 1014 89 1052 5
117 1002 205 1061 meis
229 1020 280 1060 me
304 1001 470 1062 omnibns
494 1003 670 1063 00100000
695 1000 852 1080 adprime
877 1000 1134 1079 obsequentem
1160 1049 1166 1060 .

204 1108 247 1167 Ad
272 1127 459 1188 pronaque,
484 1107 567 1187 Verg.
591 1127 671 1187 geor.
695 1107 748 1168 llll
773 1108 866 1181 (428)
889 1107 929 1166 ad
954 1107 1074 1168 limum
1099 1108 1210 1168 radiis
1233 1110 1414 1187 tepefacta

117 1215 331 1295 coquebant,
355 1215 431 1276 idem
456 1215 527 1276 den.
552 1214 574 1272 V
597 1215 694 1289 (687)
719 1215 924 1275 sinendum
949 1233 1080 1275 exosus
1103 1216 1142 1276 ad
1168 1234 1281 1276 unum.

206 1321 341 1383 Adleetat
371 1320 448 1382 illam
482 1340 561 1400 rem,
601 1321 685 1401 Verg.
718 1340 798 1401 geor.
832 1320 883 1380 llll
926 1322 1020 1394 (562)
1058 1324 1218 1401 viamque
1255 1322 1416 1384 adieetat

118 1428 278 1508 Olympo,
302 1428 369 1489 Ter.
392 1427 496 1490 lleaut.
520 1417 689 1502 (11366)
709 1430 748 1490 ad
773 1428 931 1489 dominas
955 1431 1014 1508 qui
1038 1429 1196 1490 adieetat
1220 1432 1315 1491 viam.

80 1551 105 1588 ro
208 1533 358 1595 Ambobus
382 1554 435 1615 pro
459 1538 608 1617 utrisque,
639 1537 725 1612 l'erq.
750 1537 820 1596 rien.
845 1534 856 1594 Ι
880 1535 974 1607 (458)

274 1642 418 1703 Atridas
442 1642 690 1722 Priamumque
714 1652 749 1702 et
773 1659 913 1702 saevum
938 1640 1106 1703 ambobus
1129 1642 1274 1708 Vlixem.

207 1750 315 1809 Aureus
339 1752 440 1830 animi,
464 1748 548 1829 Verg.
572 1750 643 1810 den.
668 1749 719 1809 llll
744 1749 839 1822 (203)
862 1751 967 1828 isque
991 1751 1097 1810 animi
1121 1755 1274 1828 amone!

208 1856 376 1917 nollerimur
400 1856 478 1917 laune
502 1857 613 1936 locum,
637 1855 721 1935 Verg.
745 1857 816 1915 Aen.
841 1854 890 1913 Vll
914 1855 1007 1928 (216)

279 1962 432 2023 consilio
456 1962 543 2023 lianc
567 1981 686 2023 omnes
710 1963 910 2041 animisque
934 1962 1139 2025 volentibus
1163 1963 1285 2025 urbem

81 2086 107 2126 15
280 2069 483 2130 adierimnr.

211 2175 409 2237 adsimulatus
437 2177 478 2238 illi
503 2176 598 2258 vultu,
625 2175 712 2255 Verg.
736 2176 807 2236 den.
831 2175 883 2235 llll
912 2176 1006 2249 (224)
1035 2178 1179 2237 lormam
1207 2178 1419 2241 adsimulata

123 2282 308 2344 Camerti.

212 2391 361 2450 Attonitus
385 2391 438 2451 liae
463 2410 509 2472 re,
532 2389 615 2469 Verg.
636 2390 706 2450 den.
727 2388 778 2449 llll
793 2389 889 2463 (616)
913 2392 1081 2470 coniugis
1104 2394 1282 2452 attonitus
1306 2393 1420 2454 iactis.

213 2497 343 2558 ‚itlnixus
367 2497 421 2557 lme
445 2515 491 2577 re,
514 2495 598 2576 Verg.
622 2495 693 2556 den.
718 2495 770 2555 Xll
794 2496 866 2570 (92)
889 2499 1029 2576 ingenti
1052 2497 1180 2558 adnixa
1204 2499 1377 2561 columna.

83 2624 111 2661 eo
214 2605 358 2663 Admonet
381 2603 460 2664 illius
483 2604 541 2681 rei,
565 2601 621 2662 Sal.
641 2600 723 2663 Catil.
743 2602 843 2677 (21,4)
867 2601 1078 2664 admonebat
1100 2605 1206 2665 alium
1231 2609 1422 2689 egestatis,

124 2710 231 2771 alium
254 2709 470 2790 cupiditatis
493 2728 576 2771 suae
600 2756 607 2769 .
631 2708 769 2769 admonet
791 2708 847 2769 lroc
870 2709 952 2791 fieri,
973 2707 1058 2788 Verg.
1082 2710 1152 2770 Aen.
1178 2713 1231 2771 1l'l
1251 2714 1342 2785 (252)

368 2817 510 2877 iatalem
534 2816 685 2876 Aeneam
709 2814 899 2875 manilesto
923 2817 1065 2876 numine
1090 2817 1179 2878 ierri

368 2924 533 2983 admonet
556 2925 608 2983 ira
632 2920 743 2982 deum.

215 3033 305 3091 Atrox
330 3031 417 3090 huius
442 3032 498 3111 rei,
522 3028 579 3089 Sal.
604 3028 670 3089 hist.
695 3027 720 3088 ll
745 3031 822 3108 ipse
846 3030 954 3089 animi
977 3037 1087 3090 atrox.

87 3158 113 3196 ea
215 3137 306 3198 Altest
329 3145 373 3197 tot
393 3137 483 3218 milia,
507 3136 563 3198 Sal.
584 3135 644 3215 lug.
663 3135 766 3208 (483)
789 3153 805 3195 a
830 3153 897 3214 quo
920 3134 1045 3197 alterat
1068 3156 1167 3197 mous
1192 3139 1302 3199 lerme
1326 3141 1425 3202 milia

128 3245 193 3326 XX,
225 3245 284 3306 Cic.
311 3263 366 3324 pro
395 3247 480 3304 Corn.
505 3244 517 3304 l
545 3243 605 3304 sed
638 3241 678 3302 ab
711 3241 799 3303 urbe
831 3242 970 3303 dierum
1003 3241 1198 3305 abluerunt
1230 3247 1301 3305 iter
1333 3265 1425 3307 eom·

128 3354 296 3435 plurium,
319 3352 396 3413 idem
416 3371 469 3432 pro
485 3351 620 3412 Cluentio
635 3349 739 3424 (9,27)
758 3349 888 3430 Teano,
911 3349 1002 3428 quod
1027 3348 1130 3410 abest
1152 3370 1167 3409 a
1192 3350 1321 3412 Larino
1336 3352 1426 3413 lil'lll

130 3460 224 3520 milia
248 3476 423 3538 passuum.

219 3650 309 3705 Codex
329 3649 478 3704 Porrhoeii
524 3648 613 3704 1010.
633 3664 683 3718 pro
702 3646 831 3702 Cluentio
850 3645 884 3701 de
903 3646 1012 3717 integro
1031 3663 1081 3703 om.
1168 3654 1276 3716 3geor.
1296 3665 1346 3705 om.

130 3737 146 3783 4
165 3731 227 3786 Ter.
247 3730 309 3785 end.
329 3728 455 3799 adprime
474 3729 543 3784 meis
567 3746 611 3784 me
636 3726 764 3784 omnibns
855 3732 887 3780 10
912 3727 993 3797 verg.
1016 3744 1068 3786 om.
1158 3735 1190 3782 12
1215 3730 1318 3783 Aniene
1342 3729 1429 3784 animi

132 3811 206 3881 Virg.
227 3809 366 3866 Aemilii
391 3809 506 3865 consilio
529 3810 604 3864 hune
627 3824 722 3863 omnes
747 3805 901 3875 animisque
925 3806 1082 3863 volentibus
1104 3808 1184 3878 isque
1211 3809 1298 3863 enimi
1326 3825 1429 3864 amena.

131 3892 289 3945 Adlerimur
320 3891 393 3946 hune
420 3891 512 3946 locum
540 3889 617 3959 Virg.
637 3889 706 3941 Aen.
726 3887 778 3940 VII
796 3887 893 3941 urbem
921 3885 1073 3942 adierimur
1153 3895 1184 3942 21
1210 3889 1248 3942 Xl
1268 3905 1317 3944 ont.
1396 3898 1429 3945 21)

131 3981 217 4034 ferme
236 3980 283 4036 ml.
303 3980 353 4033 XX
438 3986 472 4034 26
490 3979 539 4034 sed
563 3977 599 4033 ad
622 3977 719 4032 urbem
746 3975 854 4031 dierum
882 3974 966 4030 luerit
988 3961 1044 4030 10100
1067 3977 1251 4045 complurium
1277 3979 1352 4034 idem
1380 3997 1430 4049 pro

133 4060 260 4116 Cluentio
279 4063 308 4114 in
328 4078 360 4115 eo
379 4061 454 4129 qnod
472 4060 569 4114 00101)
587 4075 605 4112 0
623 4057 762 4128 (deletae)
781 4055 870 4110 lerino

221 4229 237 4276 3
256 4223 306 4276 flos
324 4221 360 4275 ed
379 4219 470 4290 prima
488 4223 571 4274 tenax
591 4261 597 4273 .
617 4219 678 4272 Ter.
698 4214 765 4270 Hee.
784 4214 922 4284 Phidippe
941 4215 1041 4282 (codd.
1060 4215 1186 4286 adprime
1208 4218 1253 4272 lu'c
1271 4222 1295 4271 01
1310 4219 1431 4286 poetea’)

133 4302 202 4358 meis
221 4320 265 4358 me
284 4301 411 4358 omnibus
427 4300 527 4353 111οἱ00
589 4295 750 4366 dadprime
770 4293 827 4349 seio
847 4311 905 4350 0000
926 4294 952 4347 G
1014 4292 1122 4349 iredii
1142 4295 1278 4364 l'rrqilius
1349 4297 1432 4352 ltad-

134 4386 241 4439 lactent
264 4384 337 4437 viam
360 4380 501 4434 1000001100
582 4382 614 4429 11
636 4374 758 4444 Vlixem]
787 4373 926 4429 Achillem
955 4374 1091 4443 Verqiliue
1171 4381 1203 4429 12
1231 4376 1309 4445 ioque
1336 4394 1433 4431 emens

135 4463 220 4518 enimi
244 4463 380 4533 Veretum
462 4455 608 4527 18100110]
636 4453 703 4509 101ἰο
735 4453 872 4522 Verrium
952 4454 1091 4508 21100000
1118 4453 1198 4508 milia
1223 4474 1353 4526 passuum
1382 4457 1432 4512 xx

116 4555 118 4559 ’
135 4544 285 4598 Sollertiae
356 4548 390 4596 26
410 4541 459 4595 0οᾶ
478 4540 514 4593 ed
533 4538 631 4592 urbem
645 4535 753 4589 dierum
771 4534 827 4587 lter
847 4531 961 4588 fuerunt
974 4534 1157 4604 complurium
1174 4535 1210 4588 M
1223 4537 1272 4591 sed
1287 4538 1323 4592 ad
1337 4540 1434 4594 urbem

135 4625 243 4679 diemm
266 4621 421 4678 lumiliter
439 4618 623 4689 complurium
642 4615 680 4684 G,
704 4613 753 4669 aed
771 4614 807 4669 ab
826 4613 893 4669 urbe
911 4615 1019 4670 dierum
1037 4615 1159 4670 abluerit
1177 4616 1232 4670 iter
1249 4617 1433 4687 complurium

138 4705 319 4760 OrelliueGic.
333 4703 472 4772 (100000.
487 4704 543 4755 937
560 4699 600 4753 ed.
618 4712 678 4760 000,
696 4694 745 4750 eed
763 4694 799 4748 ab
817 4695 885 4749 urbe
903 4693 1011 4748 dierum
1029 4694 1083 4749 iter
1101 4695 1231 4750 aluerunt
1248 4697 1435 4767 complurium

136 4786 321 4855 li'ipperdeioa
340 4783 440 4836 Plrilol.
459 4798 482 4836 0.
503 4779 566 4832 ΙΙΙ
578 4794 600 4845 p
628 4778 681 4829 147
752 4778 785 4827 27
805 4773 899 4829 Teano
923 4777 980 4843 (001.
1007 4774 1094 4830 Teani
1118 4776 1235 4846 Appuli)
1261 4778 1336 4846 qnod
1355 4779 1436 4836 abent

137 4883 154 4920 0
172 4867 272 4921 Larino
291 4865 393 4917 codices
411 4862 549 4915 Ciceronis
