3316 5474
117 340 121 347 ’
230 366 295 430 288
817 367 938 422 sunan

231 477 252 514 p.
268 468 328 507 2798,
343 468 369 506 99
383 467 408 505 P.

272 560 276 569 '
319 551 495 611 Remedium
518 550 673 610 submovet
692 553 874 613 imminentia
898 551 1043 633 pericula,
1063 551 1313 614 medicamentum
1333 562 1416 614 sanat
1439 554 1539 618 inlata.

231 659 394 721 remedium
415 661 528 739 itaque,
547 677 583 719 ue
602 658 815 739 periclitemur,
830 658 1077 719 medicamentum
1092 658 1126 718 ad
1144 658 1240 720 subita
1259 660 1391 740 pericula
1412 670 1540 741 aptatur.

322 746 452 827 Roseum
476 784 530 845 per
553 786 599 847 se,
622 784 775 827 rosaceum
800 768 932 827 mixtum.

323 872 417 933 Rudis
441 867 672 953 comparativum
696 882 726 934 et
749 873 962 952 superlativum
985 892 1045 934 non
1068 873 1169 955 habet,
1197 875 1248 938 sed
1279 875 1403 955 probis
1427 879 1542 938 utimur

237 979 375 1041 adverbio
400 982 493 1060 magis
516 978 709 1062 et'maxime,
733 983 825 1060 magis
849 980 933 1041 rudis
956 990 987 1041 et
1009 981 1134 1041 maxime
1159 981 1250 1042 rudis.
1554 999 1568 1038 s

327 1082 459 1149 ‘Recens
483 1083 556 1149 leci’
579 1087 719 1169 dicimus,
742 1105 801 1149 non
822 1096 969 1162 recenter,
993 1095 1111 1149 utentes
1135 1091 1254 1149 nomine
1277 1107 1331 1169 pro
1355 1089 1504 1151 adverbio.

323 1193 488 1275 libytbmus
512 1213 634 1276 graece,
657 1195 744 1257 latine
768 1195 937 1268 modulatio.
974 1193 1139 1273 rbythmizo
1163 1195 1306 1258 modulor.
1393 1232 1398 1243 ›

289 1371 294 1380 ι
326 1300 424 1380 Super
447 1303 627 1381 praepositio
652 1302 738 1363 modo
762 1305 885 1382 ponitur
907 1319 961 1381 pro
985 1301 1034 1382 de,
1058 1309 1091 1362 ut
1114 1294 1224 1383 (l'erp.
1248 1305 1321 1364 Aen.
1346 1305 1367 1363 I
1388 1297 1471 1386 750)

394 1408 501 1468 multa
525 1428 634 1489 super
656 1410 796 1470 Priamo
820 1411 997 1488 rogitans,
1021 1426 1130 1486 super
1153 1407 1306 1471 lleotore
1330 1409 1451 1492 multa3

234 1513 321 1573 modo
352 1522 382 1574 et
411 1533 466 1594 pro
496 1518 715 1609 praepositione
744 1535 813 1596 pro,
844 1525 877 1576 ut
907 1509 1016 1598 (l'erp.
1040 1517 1113 1575 Aen.
1143 1514 1177 1574 Χ
1204 1508 1262 1598 42)
1294 1511 1400 1576 ‘nulrit
1431 1531 1582 1597 superw

234 1623 385 1700 imperio
408 1610 635 1703 moveor’{'et
658 1641 712 1703 pro
736 1625 859 1701 iusuper
882 1619 1073 1701 etamplius,
1096 1628 1131 1681 ut
1154 1614 1264 1702 (Vera.
1282 1625 1356 1684 Aen.
1382 1624 1420 1682 II
1441 1617 1497 1707 71)
1521 1691 1525 1697 ὁ

394 1730 450 1788 cui
488 1747 602 1808 neque
639 1729 728 1809 apud
764 1728 904 1790 Danaos
937 1744 1083 1806 usquam
1109 1725 1224 1792 ‚locus
1261 1737 1296 1789 et
1331 1748 1440 1809 super
1472 1733 1542 1811 ipsi

1029 1833 1060 1892 ll.
1084 1835 1102 1893 i.
1126 1852 1153 1912 p.
1179 1853 1203 1894 c.
1227 1854 1250 1894 s.
1274 1830 1328 1916 p.';

235 1949 265 2001 et
287 1961 342 2021 pro
366 1942 503 2024 desuper,
531 1951 564 2003 ut
587 1937 793 2025 (t'erqqnen.
825 1943 924 2002 VIIII
943 1933 1021 2022 168)
1046 1934 1149 1999 ‘haec
1172 1959 1282 2020 super
1305 1960 1321 2001 e
1345 1942 1435 2002 vallo
1459 1961 1542 2003 con·

234 2057 405 2126 spectant
427 2045 568 2129 Troes'3
592 2057 621 2109 et
644 2068 698 2129 pro
722 2057 873 2130 superest,
896 2056 931 2109 ut
953 2041 1062 2130 (Vera.
1088 2048 1160 2107 Aen.
1192 2042 1368 2131 1'111251)
1558 2061 1582 2100 ιι

395 2154 456 2216 ille
480 2163 610 2236 autern,
634 2174 748 2234 neque
772 2158 864 2216 enim
889 2156 969 2233 luga
993 2156 1061 2213 iarn
1085 2170 1194 2232 super
1216 2155 1286 2215 ulla
1309 2156 1454 2237 periell3

235 2259 385 2321 interdum
409 2270 439 2321 et
466 2261 543 2322 ultra
571 2264 729 2344 significat,
758 2271 791 2323 ut
818 2256 926 2344 (Vero.
952 2261 1024 2322 Aen.
1052 2261 1096 2319 VI
1118 2253 1197 2343 795)
1222 2256 1346 2340 ‘super
1379 2271 1413 2323 et
1436 2262 1544 2323 Gara·

238 2376 378 2428 mantas
401 2377 436 2430 et
459 2369 564 2430 ludos
586 2371 781 2449 proleret
773 2371 986 2454 imperium.
968 2363 1012 2448 ’l

326 2474 387 2536 Sub
405 2478 586 2555 praepositio
606 2479 751 2556 siguificat
770 2475 857 2537 modo
877 2494 980 2556 supra,
999 2485 1032 2536 ut
1051 2468 1161 2557 (Verp.
1175 2476 1248 2534 Aen.
1265 2415 1336 2535 XII
1351 2468 1461 2558 287)
1467 2494 1543 2536 cor·
1594 2464 1608 2486 ⁰

237 2599 323 2662 pora
338 2583 432 2644 saltu
447 2602 485 2644 su
493 2583 655 2643 luerunt
647 2602 682 2644 ιιι
697 2601 834 2664 eqrros,
814 2578 876 2642 ’id
893 2590 939 2642 est
953 2599 1043 2660 supra
1057 2583 1181 2661 iaciuut;
1196 2581 1282 2641 modo
1293 2584 1544 2662 praepositionem
1559 2594 1586 2634 ²⁰

238 2691 283 2770 in,
306 2698 339 2749 ut
362 2683 471 2772 (Verg.
496 2691 569 2751 Aen,
595 2692 616 2750 I
635 2685 715 2773 453)

358 2837 365 2856 .
396 2816 545 2876 namque
569 2798 633 2858 sub
657 2799 798 2876 ingenti
821 2797 954 2858 lustrat
977 2795 1054 2857 dium
1080 2794 1221 2873 singula
1246 2796 1391 2878 templo,

236 2901 266 2962 id
291 2911 336 2962 est
358 2905 389 2963 in
413 2904 530 2983 templo.
568 2905 713 2983 significat
742 2913 772 2964 et
800 2921 905 2983 prope,
933 2910 966 2962 ut
989 2894 1099 2984 (l'erg.
1124 2904 1197 2962 Aere.
1223 2899 1335 2987 1115)
1359 2899 1544 2964 ‘classem-

237 3026 304 3086 que
328 3007 393 3068 sub
418 3011 494 3087 ipsa
518 3002 728 3068 Antandro'.
766 3010 887 3087 ponitur
911 3025 969 3067 non
993 3026 1155 3087 nonunquam
1179 3016 1209 3068 et
1231 3028 1286 3088 pro
1310 3010 1398 3091 clam,
1422 3019 1455 3071 ut
1473 3009 1544 3071 sub-

237 3116 342 3195 ripuit,
366 3115 394 3174 id
419 3123 465 3176 cst
487 3114 562 3175 clam
586 3117 692 3194 rapuit.
1558 3127 1585 3168 2⁵

329 3221 439 3282 Similis
462 3240 528 3282 sum
553 3223 596 3282 tui
621 3219 768 3301 moribus,
792 3219 895 3281 similis
919 3219 973 3280 tibi
997 3221 1078 3280 lacie.

328 3326 432 3389 Studio
461 3329 505 3388 tui
533 3329 604 3408 leci,
634 3327 662 3386 id
691 3336 738 3387 est
765 3325 836 3388 dum
859 3326 965 3388 studeo
994 3325 1062 3407 tibi3
1090 3327 1188 3388 studio
1212 3337 1263 3390 tuo
1292 3330 1361 3410 leci,
1388 3329 1417 3392 id
1444 3339 1491 3392 est
1513 3340 1544 3393 te

240 3434 387 3494 studente.

328 3540 442 3601 Sartrir
466 3541 510 3601 rel
540 3543 649 3600 sertrix
672 3550 718 3601 est
747 3559 822 3619 quae
846 3543 947 3622 sarcit,
972 3542 1147 3601 sarcinatrix
1175 3560 1250 3621 quae
1278 3543 1409 3603 sarcinas
1438 3552 1544 3605 servat

328 3645 439 3725 Subigo
464 3646 579 3708 bostem
603 3648 752 3726 perfectae
776 3648 887 3707 formae
912 3656 969 3728 est,
993 3646 1122 3727 subigito
1147 3649 1388 3728 lroqueutatirae.
1559 3662 1586 3702 ³⁰

328 3751 452 3813 Salubre
476 3754 512 3813 ad
540 3754 637 3815 locum
661 3755 792 3815 relertur
816 3764 845 3814 et
872 3753 908 3814 ad
937 3754 1050 3835 cibum,
1083 3754 1208 3815 salutare
1233 3755 1389 3816 consilium
1413 3763 1467 3815 est.
1505 3756 1546 3815 ita

239 3857 357 3919 salubre
380 3877 440 3920 non
464 3870 564 3941 nocet,
587 3861 714 3922 salutare
737 3860 866 3940 prodest.

242 3982 276 3990 ...-
279 3983 455 3990 -—-—--.....

329 4031 453 4086 linlsta
471 4033 497 4086 L
514 4033 613 4087 innota
632 4033 669 4086 M
687 4032 716 4086 in
735 4034 835 4087 notura
853 4033 881 4085 P
949 4033 1079 4103 titoque
1098 4050 1148 4090 om.
1169 4034 1242 4099 MP,
1262 4035 1324 4088 odd.
1341 4034 1389 4093 §L
1460 4051 1495 4089 ne
1513 4051 1544 4089 re

239 4112 414 4185 periclitetur
431 4111 459 4166 P
526 4114 640 4183 aptatur
658 4113 686 4165 P
701 4115 815 4181 optatur
835 4112 901 4166 ML
973 4114 1112 4169 labimur
1130 4113 1263 4170 eduerbio
1283 4113 1372 4183 magis
1391 4113 1439 4171 §L
1457 4113 1547 4168 utitur

240 4192 326 4248 uerbo
344 4192 435 4264 magis
448 4190 493 4246 ΙΜ
508 4193 594 4247 uerbo
613 4192 656 4246 his
676 4192 766 4262 magis
785 4192 810 4244 P
882 4199 915 4248 10
934 4194 1017 4249 modo
1036 4211 1086 4262 pro
1105 4195 1176 4249 nibil
1195 4197 1227 4249 ut
1245 4194 1316 4249 nihil
1335 4210 1419 4263 super
1432 4224 1466 4232 —
1486 4208 1545 4246 am-

240 4273 314 4342 plius
333 4273 416 4328 modo
440 4289 492 4343 pro
515 4271 654 4341 positione
678 4288 730 4341 pro
749 4288 840 4341 neque
859 4272 933 4342 apud
952 4304 986 4312 -
1005 4272 1059 4342 ipsi
1078 4276 1109 4327 ut
1128 4274 1173 4329 cui
1192 4273 1218 4328 d.
1238 4274 1256 4328 i.
1275 4292 1302 4342 p.
1322 4290 1344 4327 c.
1364 4291 1384 4326 s.
1403 4291 1430 4342 p.
1451 4272 1478 4324 P

244 4358 275 4406 12
294 4368 384 4421 neque
399 4371 462 4408 cum
477 4353 576 4408 danais
594 4353 620 4405 L
674 4350 727 4420 ipsi
745 4352 859 4420 ponitur
873 4356 902 4408 et
919 4371 971 4423 pro
986 4354 1105 4424 desuper
1120 4359 1152 4410 ut
1169 4356 1240 4409 haec
1260 4354 1297 4407 M
1313 4352 1367 4422 ipsi
1386 4354 1419 4406 ut
1436 4352 1506 4405 haec
1520 4351 1546 4403 L

294 4437 328 4485 14
347 4436 511 4503 conspectat
529 4435 557 4487 P
617 4439 648 4486 15
669 4433 698 4486 et
716 4448 766 4501 pro
785 4451 869 4503 super
887 4437 919 4489 ut
937 4438 981 4490 est
998 4434 1070 4490 illud
1089 4436 1121 4488 nt
1139 4433 1188 4487 ille
1209 4434 1247 4486 M
1264 4434 1293 4486 et
1310 4449 1360 4500 pro
1380 4431 1498 4500 desuper
1518 4435 1547 4484 et

240 4514 367 4581 superest
383 4517 416 4569 ut
434 4513 483 4568 ille
501 4514 527 4566 L
600 4521 633 4567 16
652 4512 727 4567 enim
744 4528 794 4565 om.
814 4513 841 4565 L
914 4521 947 4569 18
966 4515 1103 4585 proferret
1122 4513 1160 4568 M
1229 4517 1264 4564 20
1283 4510 1358 4565 saltu
1376 4526 1425 4565 oon
1447 4510 1485 4562 M

240 4593 270 4647 id
289 4595 331 4646 est
349 4592 455 4648 iaciunt
474 4593 502 4646 P
552 4592 635 4647 modo
653 4609 703 4662 pro
722 4594 929 4663 praepositione
943 4595 973 4648 in
987 4593 1036 4651 sL
1090 4599 1125 4646 24
1143 4591 1311 4646 mentandro
1327 4591 1364 4643 M
1380 4590 1409 4643 in
1427 4591 1507 4643 antro
1522 4588 1551 4641 P

241 4673 418 4727 antenoreL
472 4676 502 4727 et
520 4688 570 4728 om.
591 4672 657 4726 ML
720 4678 753 4725 27
774 4672 866 4727 studio
884 4673 939 4744 tui]
960 4671 1052 4727 studio
1070 4671 1123 4726 tibi
1142 4672 1212 4724 PM
1216 4672 1264 4728 Ls
1329 4669 1422 4723 studio
1440 4671 1490 4722 tuo
1511 4669 1549 4722 M

241 4749 340 4806 studeo
358 4755 407 4805 tuo
423 4751 451 4804 P
466 4750 559 4805 studio
577 4752 619 4806 tui
634 4751 686 4809 eL
740 4758 775 4806 29
794 4752 905 4823 sertrix]
926 4751 1028 4807 sectrix
1043 4751 1071 4804 P
1120 4750 1285 4805 seminatrix
1299 4781 1333 4789 -
1349 4750 1442 4803 serrat
1454 4764 1505 4802 ont.
1520 4749 1547 4801 L

295 4837 326 4883 ³1
348 4831 384 4885 ad
402 4832 495 4887 locum
514 4861 547 4870 —
567 4830 661 4885 cibum
679 4847 730 4886 orn.
749 4831 775 4883 L
