3316 5474
547 374 721 432 EXEMPLA
740 376 1007 435 ELOCVTIONVM
1365 376 1431 442 469

127 487 149 524 p.
165 476 211 517 111.
227 477 266 516 aar
280 475 307 515 1.

216 561 355 623 lietrecto
388 561 464 622 hane
496 580 573 643 rem,
606 561 665 622 Cir.
698 582 765 624 enm
799 571 938 642 quaestor
971 561 1109 643 Lilybaeo
1142 562 1205 624 dee.
1238 562 1330 641 quod
1364 581 1432 623 non

128 669 333 731 detrectare
357 669 535 751 militiam,
558 670 619 731 sed
643 669 839 730 defendere
862 671 1084 750 provinciam
1108 670 1266 731 indicata
1290 680 1374 732 est.

216 778 377 839 [lamnatus
400 777 437 837 de
461 777 550 838 caede
574 785 605 837 et
627 777 740 859 caedis,
762 785 924 857 utrumque
947 776 1005 838 Cia.
1030 777 1156 857 Philipp.
1180 776 1192 836 Ι
1217 778 1318 852 (923)
1343 796 1431 858 qnae

129 885 255 947 iubent
278 887 309 946 ei
334 887 394 964 qui
418 884 459 944 de
483 886 517 944 vi
540 885 699 963 itemque
722 885 755 944 ei
778 885 838 963 qui
862 885 1066 945 maiestatis
1090 884 1278 947 damnatus
1302 887 1379 946 sit.

101 1004 114 1044 t
217 991 361 1073 Experiar
388 992 445 1051 hoe
472 991 584 1073 iacere,
613 990 696 1071 Verg.
720 991 920 1066 1111.(8,66)
948 993 1097 1070 magieis
1129 1010 1235 1053 sanos
1268 1001 1432 1053 avertere

128 1103 244 1161 saeris
276 1101 443 1180 experiar
475 1118 605 1160 sensus
629 1147 635 1158 .
660 1101 798 1179 experior
830 1118 898 1160 curn
931 1098 992 1180 his,
1025 1098 1084 1160 Cio.
1117 1118 1172 1180 pro
1205 1099 1271 1160 Cor.
1302 1099 1314 1159 Ι
1346 1099 1430 1180 quid

128 1206 220 1287 quod
254 1226 295 1267 ne
328 1224 406 1267 eum
439 1205 495 1266 his
527 1206 670 1285 quidem
702 1214 875 1286 expertus
907 1225 958 1286 es,
991 1224 1079 1286 quos
1106 1206 1217 1268 duces
1244 1225 1433 1287 operarum

128 1315 241 1375 inisse
274 1313 401 1374 dixisti
429 1362 435 1373 .
466 1316 603 1394 experior
635 1312 715 1374 illam
747 1331 824 1387 rem,
857 1311 942 1392 Verg.
975 1330 1055 1392 geor.
1086 1312 1139 1373 llll
1171 1313 1264 1386 (156)
1296 1321 1433 1374 aestate

128 1419 286 1481 laborem
309 1423 567 1500 experiantur.
583 1423 721 1501 experior
740 1420 815 1481 hane
834 1438 898 1480 rern
917 1428 948 1480 et
966 1419 1021 1479 hae
1039 1438 1083 1501 re,
1096 1420 1163 1481 Ter.
1179 1420 1253 1481 Eun.
1269 1420 1335 1493 (11⁷
1348 1420 1434 1494 7,19)

89 1541 116 1581 10
249 1530 364 1588 omnia
387 1529 488 1607 prius
512 1529 673 1607 experiri
696 1545 798 1606 quarn
821 1528 932 1587 armis
956 1529 1155 1607 sapientem
1178 1528 1283 1590 decet
1307 1576 1313 1588 .

130 1645 271 1716 expertus
292 1635 390 1716 illurn,
414 1635 498 1714 Verg.
522 1636 593 1696 Aen.
617 1633 657 1695 lll
680 1635 776 1708 (396)
796 1630 801 1713 Ι

289 1743 380 1804 hand
405 1745 453 1803 ita
476 1761 527 1802 me
551 1744 693 1822 experti
715 1741 830 1802 Bitias
853 1750 888 1803 et
910 1741 1094 1803 Pandarus
1117 1744 1243 1821 ingens
1268 1791 1274 1802 .

130 1858 271 1929 expertus
294 1849 384 1930 illius,
409 1850 488 1910 idem
511 1850 582 1909 Aen.
606 1848 632 1909 ll
657 1849 750 1922 (173)
774 1856 945 1928 expertos
967 1848 1055 1910 belli
1078 1851 1239 1910 iuvenes.

218 1956 294 2037 llget
316 1956 395 2017 illius
418 1959 475 2038 rei,
498 1954 583 2036 Verg.
606 1974 687 2035 geor.
710 1955 736 2015 ll
760 1955 830 2029 (28)
854 1954 905 2015 111
934 1955 1070 2016 radicis
1094 1965 1201 2035 egent
1222 1955 1312 2016 aliae
1336 2005 1343 2017 .
1367 1967 1435 2037 eget

90 2077 116 2118 1⁶
129 2063 177 2124 illa
202 2083 248 2139 re,
271 2063 349 2124 idem
373 2065 443 2124 11111.
467 2063 493 2123 ll
518 2063 609 2136 (521)

386 2190 454 2232 non
479 2172 542 2232 tali
565 2171 700 2233 auxilio
723 2189 787 2231 nee
810 2169 1071 2232 deiensoribus
1093 2173 1177 2232 istis

388 2288 456 2340 tem
487 2298 567 2340 use
598 2287 663 2340 et.

130 2404 220 2467 egens
252 2386 330 2447 illins
362 2391 422 2460 rei,
455 2299 534 2447 111111
566 2297 637 2447 gen.
661 2383 726 2445 Vlll
753 2384 847 2457 (299)
880 2403 948 2446 non
981 2394 1014 2446 te
1048 2389 1203 2447 rationis
1235 2395 1433 2466 egentem.

131 2511 243 2571 egenus
265 2492 344 2552 illius
367 2498 427 2573 rei,
451 2493 529 2554 idem
552 2493 624 2553 den.
648 2492 660 2552 l
684 2492 779 2566 (599)

90 2612 116 2650 2⁰
264 2598 430 2660 omnihus
454 2599 651 2660 exhaustos
673 2601 740 2659 iam
765 2599 928 2681 casibus,
951 2602 1107 2661 omnium
1131 2619 1263 2680 egenos
1287 2647 1293 2660 .

218 2705 317 2766 Evado
339 2706 399 2788 his,
430 2705 513 2785 Verg.
537 2707 608 2766 Aen.
633 2704 805 2780 11111(99)
833 2725 1079 2787 quaecumque
1108 2709 1266 2767 evaserit
1298 2706 1434 2767 undis.

130 2813 220 2874 evado
241 2815 308 2895 hos,
331 2813 409 2874 idem
429 2816 460 2874 in
480 2816 585 2874 eodem
604 2812 699 2886 (386)
718 2815 857 2893 iamque
881 2813 1091 2893 imprudens
1114 2821 1280 2874 evaserat
1303 2812 1434 2874 hostes.

219 2920 326 2981 Exulat
349 2920 406 2980 illis
428 2919 516 3001 loeis,
539 2919 624 2999 Verg.
644 2938 724 3000 geor.
744 2919 784 2980 lll
808 2919 900 2992 (225)
923 2922 1059 3000 ignotis
1082 2919 1203 2981 exulat
1225 2923 1300 2981 oris
1314 2968 1321 2981 .
1336 2920 1435 2981 exulat

131 3047 226 3107 usque
251 3028 286 3088 ad
311 3027 359 3088 illa
383 3027 461 3107 loca,
485 3026 569 3106 Verg.
592 3027 664 3088 den.
687 3026 727 3087 lll
751 3027 846 3101 (262)

90 3146 117 3186 2⁵
330 3135 476 3195 Atrides
499 3133 622 3195 Protei
646 3134 828 3195 Menelaus
851 3134 892 3195 ad
916 3152 1029 3214 usque
1052 3135 1235 3197 columnas

330 3241 482 3302 exulat.

219 3347 363 3427 Egredior
382 3347 431 3408 illo
450 3348 528 3422 loeo,
552 3347 637 3428 Verg.
651 3349 723 3409 den.
738 3347 763 3407 ll
783 3349 876 3422 (713)
896 3359 950 3409 est
969 3348 1057 3410 urbe
1077 3352 1238 3429 egressis
1261 3348 1436 3432 tumulus,

132 3455 190 3515 Cic.
215 3474 268 3535 pro
292 3454 409 3534 Ligario
436 3452 520 3535 (21)
547 3455 648 3517 domo
681 3464 736 3517 est
768 3474 943 3536 egressus
966 3504 973 3517 .
997 3475 1137 3536 egressus
1165 3457 1243 3519 illam
1271 3476 1348 3538 rem,
1377 3456 1435 3517 Sal.

131 3561 200 3622 hist.
232 3561 244 3621 l
275 3581 361 3642 gens
393 3581 475 3623 raro
508 3581 654 3643 egressa
691 3565 786 3625 lines
823 3582 923 3647 snos,
959 3565 1037 3625 idern
1074 3564 1141 3626 hist.
1174 3563 1214 3624 lll
1246 3573 1434 3646 postquam

92 3684 302 3747 megressus
325 3672 510 3748 angustias
534 3720 541 3732 .

221 3774 289 3836 Exit
307 3774 355 3836 illa
374 3795 420 3858 re,
444 3777 503 3839 Cic.
518 3778 555 3840 de
570 3797 631 3860 rep.
646 3778 659 3838 l
677 3774 799 3860 (1218)
821 3781 1026 3873 nuntiatum
1050 3789 1104 3841 est
1128 3782 1252 3841 venire
1275 3778 1434 3841 Laelium

134 3973 275 3979 .—-.
285 3972 344 3979 .—

223 4092 312 4148 Godex
330 4091 477 4147 Parrhasii
523 4096 672 4164 lqnestor
693 4091 802 4147 Lilibeo
821 4091 880 4148 dea
963 4094 1033 4149 4111
1051 4093 1079 4149 ri
1097 4094 1234 4166 itemque]
1254 4094 1435 4164 devilentque

133 4173 344 4309 pglgrffigm
362 4171 437 4227 idem
456 4189 506 4230 orn.
524 4177 638 4242 atroque
656 4174 713 4228 tero
784 4178 817 4226 tt
838 4171 929 4244 Vllll]
948 4172 1014 4227 VIII
1090 4179 1124 4226 22
1143 4172 1172 4226 in
1191 4173 1289 4228 eodem
1308 4189 1357 4228 orn.

133 4428 345 4437 ———-—

222 4541 382 4596 tiudioata
409 4541 453 4594 esi
478 4541 510 4595 in
536 4545 653 4609 utraque
670 4539 789 4594 editione
812 4538 925 4603 Maius,
954 4539 1007 4593 ‘ita
1025 4539 1065 4593 ed.
1084 4543 1110 4591 et
1128 4537 1436 4607 rod.nnns.1teliqni

133 4623 209 4677 codd.
228 4621 353 4676 indicata
371 4622 424 4675 sot'
446 4622 590 4676 adnotavit
607 4621 678 4674 idem
695 4621 728 4674 in
745 4619 864 4674 editione
877 4618 1006 4672 Rarnana
1021 4660 1027 4672 .
1041 4617 1166 4673 iudieeta
1185 4619 1228 4671 est
1245 4634 1279 4671 ex
1294 4616 1436 4673 Frontone

133 4704 165 4756 in
186 4703 347 4772 fragmentis
366 4701 504 4757 Oiaeronie
521 4702 644 4756 ediderat
663 4700 819 4766 Patricius,
841 4697 968 4754 iudicata
989 4698 1027 4752 sit
1046 4697 1072 4751 (1
1157 4696 1249 4755 acic.
1266 4696 1389 4768 Philipp.
1408 4697 1433 4767 Ι]

134 4785 168 4850 af.
190 4800 217 4850 p.
241 4786 321 4847 4811
413 4789 429 4837 9
452 4781 633 4852 experiuntur
661 4779 798 4850 Vergiliae
886 4785 919 4833 aa
943 4795 1013 4849 puer
1034 4779 1177 4834 nuntiavit
1199 4777 1292 4833 venire
1316 4779 1353 4833 ad
1371 4795 1435 4833 enm

134 4862 260 4917 Laelium
279 4861 416 4931 domoque
436 4862 495 4916 eius
513 4860 570 4916 iam
588 4860 677 4916 exisse
696 4860 789 4915 011111
