<?xml version="1.0" encoding="UTF-8"?>
<!DOCTYPE html PUBLIC "-//W3C//DTD XHTML 1.0 Transitional//EN"
    "http://www.w3.org/TR/xhtml1/DTD/xhtml1-transitional.dtd">
<html xmlns="http://www.w3.org/1999/xhtml" xml:lang="en" lang="en">
 <head>
  <title>
</title>
<meta http-equiv="Content-Type" content="text/html;charset=utf-8" />
  <meta name='ocr-system' content='tesseract 3.04.00' />
  <meta name='ocr-capabilities' content='ocr_page ocr_carea ocr_par ocr_line ocrx_word'/>
</head>
<body>
  <div class='ocr_page' id='page_1' title='image "./grammaticilatin00keilgoog/grammaticilatin00keilgoog_0243.png"; bbox 0 0 3316 5474; ppageno 0'>
   <div class='ocr_carea' id='block_1_1' title="bbox 222 345 936 410">
    <p class='ocr_par' dir='ltr' id='par_1_1' title="bbox 222 345 936 410">
     <span class='ocr_line' id='line_1_1' title="bbox 222 345 936 410; baseline -0.015 0"><span class='ocrx_word' id='word_1_1' title='bbox 222 345 289 410; x_wconf 84' lang='grc'>224</span> <span class='ocrx_word' id='word_1_2' title='bbox 815 345 936 400; x_wconf 76' lang='grc' dir='ltr'><strong>ΒΕΒΑΕ</strong></span> 
     </span>
    </p>
   </div>
   <div class='ocr_carea' id='block_1_2' title="bbox 219 528 1525 720">
    <p class='ocr_par' dir='ltr' id='par_1_2' title="bbox 219 528 1525 720">
     <span class='ocr_line' id='line_1_2' title="bbox 219 528 1522 613; baseline -0.002 -22"><span class='ocrx_word' id='word_1_3' title='bbox 219 530 329 592; x_wconf 91' lang='lat' dir='ltr'>librum</span> <span class='ocrx_word' id='word_1_4' title='bbox 348 531 452 592; x_wconf 91' lang='lat' dir='ltr'>eodem</span> <span class='ocrx_word' id='word_1_5' title='bbox 472 531 572 613; x_wconf 93' lang='lat' dir='ltr'>modo,</span> <span class='ocrx_word' id='word_1_6' title='bbox 596 550 655 610; x_wconf 92' lang='lat' dir='ltr'>quo</span> <span class='ocrx_word' id='word_1_7' title='bbox 674 549 754 592; x_wconf 91' lang='lat' dir='ltr'>nunc</span> <span class='ocrx_word' id='word_1_8' title='bbox 776 533 807 591; x_wconf 92' lang='lat' dir='ltr'>in</span> <span class='ocrx_word' id='word_1_9' title='bbox 827 548 916 591; x_wconf 93' lang='lat' dir='ltr'>manu</span> <span class='ocrx_word' id='word_1_10' title='bbox 936 531 1054 610; x_wconf 90' lang='lat' dir='ltr'>scriptis</span> <span class='ocrx_word' id='word_1_11' title='bbox 1073 528 1225 590; x_wconf 81' lang='lat' dir='ltr'>codicibus</span> <span class='ocrx_word' id='word_1_12' title='bbox 1249 529 1354 609; x_wconf 90' lang='lat' dir='ltr'>iertur,</span> <span class='ocrx_word' id='word_1_13' title='bbox 1377 531 1522 608; x_wconf 89' lang='lat' dir='ltr'>scriptum</span> 
     </span>
     <span class='ocr_line' id='line_1_3' title="bbox 219 635 1525 720; baseline -0.003 -22"><span class='ocrx_word' id='word_1_14' title='bbox 219 637 359 720; x_wconf 91' lang='lat' dir='ltr'>habebat,</span> <span class='ocrx_word' id='word_1_15' title='bbox 382 638 508 718; x_wconf 92' lang='lat' dir='ltr'>plurima</span> <span class='ocrx_word' id='word_1_16' title='bbox 533 639 646 718; x_wconf 93' lang='lat' dir='ltr'>recepit</span> <span class='ocrx_word' id='word_1_17' title='bbox 669 646 699 699; x_wconf 90' lang='lat' dir='ltr'>et</span> <span class='ocrx_word' id='word_1_18' title='bbox 722 637 857 715; x_wconf 79' lang='lat' dir='ltr'><strong>Agroecii</strong></span> <span class='ocrx_word' id='word_1_19' title='bbox 879 645 1037 717; x_wconf 86' lang='lat' dir='ltr'>praecepta</span> <span class='ocrx_word' id='word_1_20' title='bbox 1061 635 1165 696; x_wconf 79' lang='lat' dir='ltr'>ordine</span> <span class='ocrx_word' id='word_1_21' title='bbox 1194 636 1359 697; x_wconf 88' lang='lat' dir='ltr'>litterarum</span> <span class='ocrx_word' id='word_1_22' title='bbox 1383 635 1525 715; x_wconf 89' lang='lat' dir='ltr'>disposita</span> 
     </span>
    </p>
   </div>
   <div class='ocr_carea' id='block_1_3' title="bbox 222 742 1620 832">
    <p class='ocr_par' dir='ltr' id='par_1_3' title="bbox 222 742 1620 832">
     <span class='ocr_line' id='line_1_4' title="bbox 222 742 1620 832; baseline -0.003 -27"><span class='ocrx_word' id='word_1_23' title='bbox 222 746 284 806; x_wconf 89' lang='lat' dir='ltr'>iere</span> <span class='ocrx_word' id='word_1_24' title='bbox 309 746 407 805; x_wconf 92' lang='lat' dir='ltr'>omnia</span> <span class='ocrx_word' id='word_1_25' title='bbox 434 746 465 805; x_wconf 93' lang='lat' dir='ltr'>in</span> <span class='ocrx_word' id='word_1_26' title='bbox 494 764 582 806; x_wconf 90' lang='lat' dir='ltr'>suum</span> <span class='ocrx_word' id='word_1_27' title='bbox 610 744 719 805; x_wconf 92' lang='lat' dir='ltr'>librum</span> <span class='ocrx_word' id='word_1_28' title='bbox 748 744 907 806; x_wconf 88' lang='lat' dir='ltr'>transtulit.</span> <span class='ocrx_word' id='word_1_29' title='bbox 945 743 1003 805; x_wconf 94' lang='lat' dir='ltr'>huc</span> <span class='ocrx_word' id='word_1_30' title='bbox 1027 743 1140 804; x_wconf 89' lang='lat' dir='ltr'>accedit</span> <span class='ocrx_word' id='word_1_31' title='bbox 1164 761 1287 823; x_wconf 84' lang='lat' dir='ltr'>magnus</span> <span class='ocrx_word' id='word_1_32' title='bbox 1310 761 1454 803; x_wconf 92' lang='lat' dir='ltr'>numerus</span> <span class='ocrx_word' id='word_1_33' title='bbox 1476 742 1525 802; x_wconf 91' lang='lat' dir='ltr'>ad·</span> <span class='ocrx_word' id='word_1_34' title='bbox 1612 811 1620 832; x_wconf 58' lang='lat'><strong>,</strong></span> 
     </span>
    </p>
   </div>
   <div class='ocr_carea' id='block_1_4' title="bbox 222 849 1531 4880">
    <p class='ocr_par' dir='ltr' id='par_1_4' title="bbox 222 849 1529 3592">
     <span class='ocr_line' id='line_1_5' title="bbox 222 849 1524 931; baseline -0.002 -19"><span class='ocrx_word' id='word_1_35' title='bbox 222 854 408 912; x_wconf 83' lang='lat' dir='ltr'>notationum</span> <span class='ocrx_word' id='word_1_36' title='bbox 436 870 511 931; x_wconf 92' lang='lat' dir='ltr'>quae</span> <span class='ocrx_word' id='word_1_37' title='bbox 540 854 570 912; x_wconf 94' lang='lat' dir='ltr'>in</span> <span class='ocrx_word' id='word_1_38' title='bbox 600 850 775 913; x_wconf 81' lang='lat' dir='ltr'>deliniendis</span> <span class='ocrx_word' id='word_1_39' title='bbox 803 851 980 912; x_wconf 86' lang='lat' dir='ltr'>ditiercntiis</span> <span class='ocrx_word' id='word_1_40' title='bbox 1007 850 1219 913; x_wconf 88' lang='lat' dir='ltr'>vocabulorum</span> <span class='ocrx_word' id='word_1_41' title='bbox 1246 850 1292 911; x_wconf 91' lang='lat' dir='ltr'>vel</span> <span class='ocrx_word' id='word_1_42' title='bbox 1325 849 1524 911; x_wconf 81' lang='lat' dir='ltr'>elocutionum</span> 
     </span>
     <span class='ocr_line' id='line_1_6' title="bbox 222 957 1526 1039; baseline -0.001 -22"><span class='ocrx_word' id='word_1_43' title='bbox 222 957 328 1018; x_wconf 91' lang='lat' dir='ltr'>similia</span> <span class='ocrx_word' id='word_1_44' title='bbox 351 959 580 1038; x_wconf 82' lang='lat' dir='ltr'>significantium</span> <span class='ocrx_word' id='word_1_45' title='bbox 604 968 774 1039; x_wconf 87' lang='lat' dir='ltr'>versantur,</span> <span class='ocrx_word' id='word_1_46' title='bbox 798 976 924 1037; x_wconf 88' lang='lat' dir='ltr'>quarum</span> <span class='ocrx_word' id='word_1_47' title='bbox 947 957 1168 1019; x_wconf 83' lang='lat' dir='ltr'>adnotationum</span> <span class='ocrx_word' id='word_1_48' title='bbox 1192 976 1263 1039; x_wconf 89' lang='lat' dir='ltr'>pars</span> <span class='ocrx_word' id='word_1_49' title='bbox 1281 976 1361 1018; x_wconf 89' lang='lat' dir='ltr'>nuuc</span> <span class='ocrx_word' id='word_1_50' title='bbox 1384 959 1472 1018; x_wconf 90' lang='lat' dir='ltr'>etiam</span> <span class='ocrx_word' id='word_1_51' title='bbox 1495 959 1526 1016; x_wconf 90' lang='lat' dir='ltr'>iu</span> 
     </span>
     <span class='ocr_line' id='line_1_7' title="bbox 222 1063 1526 1146; baseline -0.001 -23"><span class='ocrx_word' id='word_1_52' title='bbox 222 1063 307 1125; x_wconf 90' lang='lat' dir='ltr'>libris</span> <span class='ocrx_word' id='word_1_53' title='bbox 327 1065 362 1126; x_wconf 92' lang='lat' dir='ltr'>de</span> <span class='ocrx_word' id='word_1_54' title='bbox 382 1064 558 1127; x_wconf 88' lang='lat' dir='ltr'>dillercntiis</span> <span class='ocrx_word' id='word_1_55' title='bbox 577 1068 628 1145; x_wconf 93' lang='lat' dir='ltr'>qui</span> <span class='ocrx_word' id='word_1_56' title='bbox 647 1084 736 1127; x_wconf 91' lang='lat' dir='ltr'>manu</span> <span class='ocrx_word' id='word_1_57' title='bbox 756 1068 876 1146; x_wconf 89' lang='lat' dir='ltr'>scriptis</span> <span class='ocrx_word' id='word_1_58' title='bbox 894 1065 979 1125; x_wconf 89' lang='lat' dir='ltr'>libris</span> <span class='ocrx_word' id='word_1_59' title='bbox 999 1065 1098 1126; x_wconf 85' lang='lat' dir='ltr'>traditi</span> <span class='ocrx_word' id='word_1_60' title='bbox 1118 1073 1188 1127; x_wconf 92' lang='lat' dir='ltr'>sunt</span> <span class='ocrx_word' id='word_1_61' title='bbox 1207 1067 1365 1126; x_wconf 88' lang='lat' dir='ltr'>invenitur.</span> <span class='ocrx_word' id='word_1_62' title='bbox 1398 1081 1526 1143; x_wconf 86' lang='lat' dir='ltr'>eaquae</span> 
     </span>
     <span class='ocr_line' id='line_1_8' title="bbox 222 1169 1525 1253; baseline 0.001 -23"><span class='ocrx_word' id='word_1_63' title='bbox 222 1169 259 1230; x_wconf 90' lang='lat' dir='ltr'>dc</span> <span class='ocrx_word' id='word_1_64' title='bbox 284 1171 409 1232; x_wconf 90' lang='lat' dir='ltr'>diversis</span> <span class='ocrx_word' id='word_1_65' title='bbox 437 1173 702 1252; x_wconf 84' lang='lat' dir='ltr'>significationibus</span> <span class='ocrx_word' id='word_1_66' title='bbox 730 1173 812 1234; x_wconf 91' lang='lat' dir='ltr'>verbi</span> <span class='ocrx_word' id='word_1_67' title='bbox 839 1192 908 1234; x_wconf 84' lang='lat' dir='ltr'>sero</span> <span class='ocrx_word' id='word_1_68' title='bbox 937 1174 1046 1253; x_wconf 90' lang='lat' dir='ltr'>scripta</span> <span class='ocrx_word' id='word_1_69' title='bbox 1070 1184 1140 1234; x_wconf 90' lang='lat' dir='ltr'>sunt</span> <span class='ocrx_word' id='word_1_70' title='bbox 1167 1192 1194 1250; x_wconf 89' lang='lat' dir='ltr'>p.</span> <span class='ocrx_word' id='word_1_71' title='bbox 1219 1170 1303 1234; x_wconf 87' lang='lat'><strong>2801</strong></span> <span class='ocrx_word' id='word_1_72' title='bbox 1333 1172 1472 1252; x_wconf 79' lang='lat' dir='ltr'>leguntur</span> <span class='ocrx_word' id='word_1_73' title='bbox 1496 1173 1525 1231; x_wconf 93' lang='lat' dir='ltr'>in</span> 
     </span>
     <span class='ocr_line' id='line_1_9' title="bbox 224 1275 1525 1361; baseline 0 -24"><span class='ocrx_word' id='word_1_74' title='bbox 224 1277 479 1357; x_wconf 84' lang='lat' dir='ltr'>explanationibus</span> <span class='ocrx_word' id='word_1_75' title='bbox 499 1279 603 1340; x_wconf 83' lang='lat' dir='ltr'>llonati</span> <span class='ocrx_word' id='word_1_76' title='bbox 621 1296 743 1358; x_wconf 78' lang='lat' dir='ltr'>gramm.</span> <span class='ocrx_word' id='word_1_77' title='bbox 764 1278 812 1339; x_wconf 96' lang='lat' dir='ltr'>lat.</span> <span class='ocrx_word' id='word_1_78' title='bbox 827 1299 852 1339; x_wconf 88' lang='lat' dir='ltr'>v.</span> <span class='ocrx_word' id='word_1_79' title='bbox 868 1278 904 1338; x_wconf 86' lang='lat' dir='ltr'>lV</span> <span class='ocrx_word' id='word_1_80' title='bbox 922 1298 950 1359; x_wconf 89' lang='lat' dir='ltr'>p.</span> <span class='ocrx_word' id='word_1_81' title='bbox 966 1275 1044 1361; x_wconf 82' lang='grc'><strong>542,</strong></span> <span class='ocrx_word' id='word_1_82' title='bbox 1058 1276 1115 1359; x_wconf 86' lang='grc'>24,</span> <span class='ocrx_word' id='word_1_83' title='bbox 1134 1296 1310 1359; x_wconf 91' lang='lat' dir='ltr'>quamquam</span> <span class='ocrx_word' id='word_1_84' title='bbox 1331 1297 1398 1338; x_wconf 93' lang='lat' dir='ltr'>eum</span> <span class='ocrx_word' id='word_1_85' title='bbox 1418 1277 1525 1338; x_wconf 86' lang='lat' dir='ltr'>librum</span> 
     </span>
     <span class='ocr_line' id='line_1_10' title="bbox 222 1384 1525 1465; baseline 0 -21"><span class='ocrx_word' id='word_1_86' title='bbox 222 1385 287 1444; x_wconf 87' lang='lat' dir='ltr'>aliis</span> <span class='ocrx_word' id='word_1_87' title='bbox 307 1384 379 1444; x_wconf 89' lang='lat' dir='ltr'>locis</span> <span class='ocrx_word' id='word_1_88' title='bbox 398 1403 414 1444; x_wconf 93' lang='lat' dir='ltr'>a</span> <span class='ocrx_word' id='word_1_89' title='bbox 433 1385 512 1446; x_wconf 90' lang='lat' dir='ltr'>Beda</span> <span class='ocrx_word' id='word_1_90' title='bbox 530 1384 693 1446; x_wconf 91' lang='lat' dir='ltr'>adhibitum</span> <span class='ocrx_word' id='word_1_91' title='bbox 713 1405 779 1446; x_wconf 91' lang='grc'><strong>1111</strong></span> <span class='ocrx_word' id='word_1_92' title='bbox 799 1404 858 1446; x_wconf 89' lang='lat' dir='ltr'>nou</span> <span class='ocrx_word' id='word_1_93' title='bbox 877 1388 985 1450; x_wconf 92' lang='lat' dir='ltr'>inveni.</span> <span class='ocrx_word' id='word_1_94' title='bbox 1015 1385 1067 1445; x_wconf 89' lang='lat' dir='ltr'>sed</span> <span class='ocrx_word' id='word_1_95' title='bbox 1087 1384 1128 1444; x_wconf 96' lang='lat' dir='ltr'>illi</span> <span class='ocrx_word' id='word_1_96' title='bbox 1147 1387 1176 1445; x_wconf 92' lang='lat' dir='ltr'>in</span> <span class='ocrx_word' id='word_1_97' title='bbox 1197 1385 1251 1445; x_wconf 94' lang='lat' dir='ltr'>hac</span> <span class='ocrx_word' id='word_1_98' title='bbox 1269 1394 1353 1465; x_wconf 88' lang='lat' dir='ltr'>parte</span> <span class='ocrx_word' id='word_1_99' title='bbox 1373 1392 1525 1465; x_wconf 90' lang='lat' dir='ltr'>praeterea</span> 
     </span>
     <span class='ocr_line' id='line_1_11' title="bbox 223 1490 1527 1571; baseline -0.002 -19"><span class='ocrx_word' id='word_1_100' title='bbox 223 1501 322 1571; x_wconf 87' lang='lat' dir='ltr'>parata</span> <span class='ocrx_word' id='word_1_101' title='bbox 353 1493 475 1552; x_wconf 88' lang='lat' dir='ltr'>luerunt</span> <span class='ocrx_word' id='word_1_102' title='bbox 505 1491 662 1571; x_wconf 84' lang='lat' dir='ltr'>glossaria,</span> <span class='ocrx_word' id='word_1_103' title='bbox 692 1493 722 1551; x_wconf 91' lang='lat' dir='ltr'>iu</span> <span class='ocrx_word' id='word_1_104' title='bbox 752 1492 862 1570; x_wconf 91' lang='lat' dir='ltr'>quibus</span> <span class='ocrx_word' id='word_1_105' title='bbox 892 1509 960 1552; x_wconf 94' lang='lat' dir='ltr'>cum</span> <span class='ocrx_word' id='word_1_106' title='bbox 989 1490 1090 1552; x_wconf 89' lang='lat' dir='ltr'>latinis</span> <span class='ocrx_word' id='word_1_107' title='bbox 1120 1491 1217 1552; x_wconf 86' lang='lat' dir='ltr'>verbis</span> <span class='ocrx_word' id='word_1_108' title='bbox 1248 1492 1410 1570; x_wconf 84' lang='lat' dir='ltr'>composita</span> <span class='ocrx_word' id='word_1_109' title='bbox 1443 1498 1527 1551; x_wconf 91' lang='lat' dir='ltr'>erant</span> 
     </span>
     <span class='ocr_line' id='line_1_12' title="bbox 223 1597 1526 1678; baseline -0.001 -21"><span class='ocrx_word' id='word_1_110' title='bbox 223 1615 341 1677; x_wconf 83' lang='lat' dir='ltr'>graeca,</span> <span class='ocrx_word' id='word_1_111' title='bbox 369 1617 385 1657; x_wconf 96' lang='grc'>1</span> <span class='ocrx_word' id='word_1_112' title='bbox 414 1598 523 1676; x_wconf 93' lang='lat' dir='ltr'>quibus</span> <span class='ocrx_word' id='word_1_113' title='bbox 551 1617 601 1659; x_wconf 89' lang='lat' dir='ltr'>eas</span> <span class='ocrx_word' id='word_1_114' title='bbox 629 1601 817 1678; x_wconf 90' lang='lat' dir='ltr'>potissimum</span> <span class='ocrx_word' id='word_1_115' title='bbox 846 1598 1050 1660; x_wconf 88' lang='lat' dir='ltr'>adnotationes</span> <span class='ocrx_word' id='word_1_116' title='bbox 1078 1600 1204 1678; x_wconf 91' lang='lat' dir='ltr'>recepit,</span> <span class='ocrx_word' id='word_1_117' title='bbox 1238 1597 1347 1677; x_wconf 92' lang='lat' dir='ltr'>quibus</span> <span class='ocrx_word' id='word_1_118' title='bbox 1375 1597 1526 1677; x_wconf 89' lang='lat' dir='ltr'>complura</span> 
     </span>
     <span class='ocr_line' id='line_1_13' title="bbox 224 1703 1526 1787; baseline -0.001 -23"><span class='ocrx_word' id='word_1_119' title='bbox 224 1704 312 1764; x_wconf 92' lang='lat' dir='ltr'>verba</span> <span class='ocrx_word' id='word_1_120' title='bbox 340 1703 441 1787; x_wconf 89' lang='lat' dir='ltr'>latina,</span> <span class='ocrx_word' id='word_1_121' title='bbox 471 1715 505 1767; x_wconf 93' lang='lat' dir='ltr'>ut</span> <span class='ocrx_word' id='word_1_122' title='bbox 532 1724 566 1766; x_wconf 91' lang='lat' dir='ltr'>ea</span> <span class='ocrx_word' id='word_1_123' title='bbox 595 1724 654 1766; x_wconf 92' lang='lat' dir='ltr'>non</span> <span class='ocrx_word' id='word_1_124' title='bbox 683 1706 799 1767; x_wconf 87' lang='lat' dir='ltr'>diversa</span> <span class='ocrx_word' id='word_1_125' title='bbox 827 1725 892 1766; x_wconf 91' lang='grc'><strong>1111</strong></span> <span class='ocrx_word' id='word_1_126' title='bbox 924 1707 1138 1785; x_wconf 79' lang='lat' dir='ltr'>significatione</span> <span class='ocrx_word' id='word_1_127' title='bbox 1165 1704 1300 1786; x_wconf 89' lang='lat' dir='ltr'>doceret,</span> <span class='ocrx_word' id='word_1_128' title='bbox 1333 1724 1392 1767; x_wconf 89' lang='grc'><strong>1111</strong></span> <span class='ocrx_word' id='word_1_129' title='bbox 1420 1723 1526 1784; x_wconf 84' lang='lat' dir='ltr'>graeco</span> 
     </span>
     <span class='ocr_line' id='line_1_14' title="bbox 224 1809 1526 1892; baseline 0.001 -23"><span class='ocrx_word' id='word_1_130' title='bbox 224 1809 307 1870; x_wconf 92' lang='lat' dir='ltr'>reddi</span> <span class='ocrx_word' id='word_1_131' title='bbox 339 1811 448 1871; x_wconf 92' lang='lat' dir='ltr'>docuit.</span> <span class='ocrx_word' id='word_1_132' title='bbox 487 1830 556 1871; x_wconf 93' lang='lat' dir='ltr'>num</span> <span class='ocrx_word' id='word_1_133' title='bbox 580 1811 795 1892; x_wconf 80' lang='lat' dir='ltr'>orthographos</span> <span class='ocrx_word' id='word_1_134' title='bbox 818 1831 834 1871; x_wconf 90' lang='lat' dir='ltr'>a</span> <span class='ocrx_word' id='word_1_135' title='bbox 858 1813 1044 1873; x_wconf 82' lang='lat' dir='ltr'>Cassiodorio</span> <span class='ocrx_word' id='word_1_136' title='bbox 1068 1821 1224 1892; x_wconf 83' lang='lat' dir='ltr'>excerptos</span> <span class='ocrx_word' id='word_1_137' title='bbox 1252 1812 1389 1873; x_wconf 89' lang='lat' dir='ltr'>habuerit</span> <span class='ocrx_word' id='word_1_138' title='bbox 1415 1811 1526 1871; x_wconf 90' lang='lat' dir='ltr'>dubito.</span> 
     </span>
     <span class='ocr_line' id='line_1_15' title="bbox 224 1917 1526 1999; baseline 0 -23"><span class='ocrx_word' id='word_1_139' title='bbox 224 1935 293 1976; x_wconf 91' lang='lat' dir='ltr'>narn</span> <span class='ocrx_word' id='word_1_140' title='bbox 317 1926 346 1977; x_wconf 90' lang='lat' dir='ltr'>et</span> <span class='ocrx_word' id='word_1_141' title='bbox 368 1935 461 1996; x_wconf 93' lang='lat' dir='ltr'>pauca</span> <span class='ocrx_word' id='word_1_142' title='bbox 485 1927 556 1978; x_wconf 92' lang='lat' dir='ltr'>sunt</span> <span class='ocrx_word' id='word_1_143' title='bbox 579 1935 654 1996; x_wconf 91' lang='lat' dir='ltr'>quae</span> <span class='ocrx_word' id='word_1_144' title='bbox 678 1918 736 1979; x_wconf 89' lang='lat' dir='ltr'>buc</span> <span class='ocrx_word' id='word_1_145' title='bbox 761 1919 868 1979; x_wconf 88' lang='lat' dir='ltr'>reierri</span> <span class='ocrx_word' id='word_1_146' title='bbox 890 1921 1007 1998; x_wconf 90' lang='lat' dir='ltr'>possint</span> <span class='ocrx_word' id='word_1_147' title='bbox 1029 1928 1059 1980; x_wconf 93' lang='lat' dir='ltr'>et</span> <span class='ocrx_word' id='word_1_148' title='bbox 1082 1921 1123 1980; x_wconf 91' lang='lat' dir='ltr'>ita</span> <span class='ocrx_word' id='word_1_149' title='bbox 1147 1928 1327 1999; x_wconf 88' lang='lat' dir='ltr'>comparata,</span> <span class='ocrx_word' id='word_1_150' title='bbox 1354 1929 1389 1978; x_wconf 90' lang='lat' dir='ltr'>ut</span> <span class='ocrx_word' id='word_1_151' title='bbox 1411 1937 1446 1977; x_wconf 87' lang='grc'>11</span> <span class='ocrx_word' id='word_1_152' title='bbox 1471 1917 1526 1977; x_wconf 86' lang='grc'><strong>1111</strong></span> 
     </span>
     <span class='ocr_line' id='line_1_16' title="bbox 223 2010 1526 2105; baseline 0 -23"><span class='ocrx_word' id='word_1_153' title='bbox 223 2025 322 2102; x_wconf 90' lang='lat' dir='ltr'>potius</span> <span class='ocrx_word' id='word_1_154' title='bbox 352 2023 432 2084; x_wconf 85' lang='lat' dir='ltr'>sonte</span> <span class='ocrx_word' id='word_1_155' title='bbox 461 2010 617 2085; x_wconf 74' lang='lat' dir='ltr'>videantur</span> <span class='ocrx_word' id='word_1_156' title='bbox 644 2025 736 2102; x_wconf 90' lang='lat' dir='ltr'>petita</span> <span class='ocrx_word' id='word_1_157' title='bbox 764 2043 841 2105; x_wconf 93' lang='lat' dir='ltr'>esse,</span> <span class='ocrx_word' id='word_1_158' title='bbox 877 2045 905 2105; x_wconf 92' lang='lat' dir='ltr'>p.</span> <span class='ocrx_word' id='word_1_159' title='bbox 932 2021 1018 2085; x_wconf 89' lang='grc'><strong>2797</strong></span> <span class='ocrx_word' id='word_1_160' title='bbox 1045 2028 1234 2102; x_wconf 82' lang='lat' dir='ltr'>praestolari</span> <span class='ocrx_word' id='word_1_161' title='bbox 1260 2024 1324 2084; x_wconf 95' lang='lat' dir='ltr'>coll.</span> <span class='ocrx_word' id='word_1_162' title='bbox 1354 2043 1416 2084; x_wconf 84' lang='lat' dir='ltr'>exc.</span> <span class='ocrx_word' id='word_1_163' title='bbox 1445 2023 1526 2083; x_wconf 83' lang='lat' dir='ltr'>Curt.</span> 
     </span>
     <span class='ocr_line' id='line_1_17' title="bbox 224 2126 1526 2212; baseline 0 -24"><span class='ocrx_word' id='word_1_164' title='bbox 224 2129 317 2190; x_wconf 87' lang='lat' dir='ltr'>Valer.</span> <span class='ocrx_word' id='word_1_165' title='bbox 341 2148 369 2208; x_wconf 91' lang='lat' dir='ltr'>p.</span> <span class='ocrx_word' id='word_1_166' title='bbox 395 2126 467 2212; x_wconf 86' lang='grc'><strong>157,</strong></span> <span class='ocrx_word' id='word_1_167' title='bbox 490 2129 547 2212; x_wconf 97' lang='grc'>22,</span> <span class='ocrx_word' id='word_1_168' title='bbox 577 2151 604 2211; x_wconf 91' lang='lat' dir='ltr'>p.</span> <span class='ocrx_word' id='word_1_169' title='bbox 628 2127 716 2191; x_wconf 83' lang='lat'><strong>2804</strong></span> <span class='ocrx_word' id='word_1_170' title='bbox 743 2150 838 2207; x_wconf 72' lang='lat' dir='ltr'>arpeo</span> <span class='ocrx_word' id='word_1_171' title='bbox 866 2131 931 2193; x_wconf 92' lang='lat' dir='ltr'>coll.</span> <span class='ocrx_word' id='word_1_172' title='bbox 955 2151 1017 2193; x_wconf 83' lang='lat' dir='ltr'>exc.</span> <span class='ocrx_word' id='word_1_173' title='bbox 1040 2131 1137 2212; x_wconf 89' lang='lat' dir='ltr'>Papir.</span> <span class='ocrx_word' id='word_1_174' title='bbox 1164 2150 1193 2210; x_wconf 87' lang='lat' dir='ltr'>p.</span> <span class='ocrx_word' id='word_1_175' title='bbox 1219 2128 1294 2211; x_wconf 85' lang='grc'><strong>164,</strong></span> <span class='ocrx_word' id='word_1_176' title='bbox 1318 2128 1360 2190; x_wconf 91' lang='grc'>22</span> <span class='ocrx_word' id='word_1_177' title='bbox 1390 2139 1419 2190; x_wconf 91' lang='grc'>11</span> <span class='ocrx_word' id='word_1_178' title='bbox 1448 2130 1526 2190; x_wconf 91' lang='lat' dir='ltr'>deb</span> 
     </span>
     <span class='ocr_line' id='line_1_18' title="bbox 224 2234 1525 2320; baseline 0.002 -26"><span class='ocrx_word' id='word_1_179' title='bbox 224 2246 295 2295; x_wconf 88' lang='grc'>111</span> <span class='ocrx_word' id='word_1_180' title='bbox 319 2235 479 2297; x_wconf 83' lang='grc'><strong>1111111111</strong></span> <span class='ocrx_word' id='word_1_181' title='bbox 503 2257 528 2297; x_wconf 88' lang='lat' dir='ltr'>v.</span> <span class='ocrx_word' id='word_1_182' title='bbox 553 2240 659 2299; x_wconf 81' lang='grc'><strong>111111</strong></span> <span class='ocrx_word' id='word_1_183' title='bbox 686 2258 713 2318; x_wconf 95' lang='lat' dir='ltr'>p.</span> <span class='ocrx_word' id='word_1_184' title='bbox 737 2237 838 2320; x_wconf 91' lang='grc'><strong>2779,</strong></span> <span class='ocrx_word' id='word_1_185' title='bbox 867 2242 1017 2301; x_wconf 81' lang='lat' dir='ltr'>excubiae</span> <span class='ocrx_word' id='word_1_186' title='bbox 1040 2247 1070 2300; x_wconf 92' lang='grc'>11</span> <span class='ocrx_word' id='word_1_187' title='bbox 1092 2241 1222 2300; x_wconf 67' lang='lat' dir='ltr'>escariae</span> <span class='ocrx_word' id='word_1_188' title='bbox 1248 2256 1276 2316; x_wconf 95' lang='lat' dir='ltr'>p.</span> <span class='ocrx_word' id='word_1_189' title='bbox 1301 2234 1400 2317; x_wconf 81' lang='grc'><strong>2785,</strong></span> <span class='ocrx_word' id='word_1_190' title='bbox 1427 2240 1525 2298; x_wconf 80' lang='lat' dir='ltr'>tibidi-</span> 
     </span>
     <span class='ocr_line' id='line_1_19' title="bbox 228 2341 1527 2428; baseline 0.002 -27"><span class='ocrx_word' id='word_1_191' title='bbox 228 2360 332 2416; x_wconf 83' lang='lat' dir='ltr'>nosus,</span> <span class='ocrx_word' id='word_1_192' title='bbox 356 2345 479 2424; x_wconf 78' lang='lat' dir='ltr'>lividus,</span> <span class='ocrx_word' id='word_1_193' title='bbox 503 2346 592 2404; x_wconf 85' lang='lat' dir='ltr'>turba</span> <span class='ocrx_word' id='word_1_194' title='bbox 614 2364 642 2423; x_wconf 94' lang='lat' dir='ltr'>p.</span> <span class='ocrx_word' id='word_1_195' title='bbox 662 2341 758 2427; x_wconf 88' lang='grc'><strong>2789,</strong></span> <span class='ocrx_word' id='word_1_196' title='bbox 781 2348 895 2406; x_wconf 80' lang='lat' dir='ltr'>verbex</span> <span class='ocrx_word' id='word_1_197' title='bbox 912 2365 940 2425; x_wconf 88' lang='lat' dir='ltr'>p.</span> <span class='ocrx_word' id='word_1_198' title='bbox 960 2342 1060 2428; x_wconf 87' lang='grc'><strong>2804,</strong></span> <span class='ocrx_word' id='word_1_199' title='bbox 1082 2363 1157 2424; x_wconf 88' lang='lat' dir='ltr'>quae</span> <span class='ocrx_word' id='word_1_200' title='bbox 1177 2347 1207 2405; x_wconf 93' lang='lat' dir='ltr'>in</span> <span class='ocrx_word' id='word_1_201' title='bbox 1226 2344 1357 2424; x_wconf 81' lang='lat' dir='ltr'>Martyrii</span> <span class='ocrx_word' id='word_1_202' title='bbox 1380 2346 1527 2423; x_wconf 81' lang='lat' dir='ltr'>excerptis</span> 
     </span>
     <span class='ocr_line' id='line_1_20' title="bbox 226 2449 1527 2532; baseline -0.001 -22"><span class='ocrx_word' id='word_1_203' title='bbox 226 2456 348 2510; x_wconf 91' lang='lat' dir='ltr'>tractata</span> <span class='ocrx_word' id='word_1_204' title='bbox 373 2456 450 2510; x_wconf 89' lang='lat' dir='ltr'>sunt.</span> <span class='ocrx_word' id='word_1_205' title='bbox 488 2458 602 2510; x_wconf 90' lang='lat' dir='ltr'>restant</span> <span class='ocrx_word' id='word_1_206' title='bbox 625 2469 717 2529; x_wconf 90' lang='lat' dir='ltr'>pauca</span> <span class='ocrx_word' id='word_1_207' title='bbox 741 2470 830 2532; x_wconf 88' lang='lat' dir='ltr'>quac,</span> <span class='ocrx_word' id='word_1_208' title='bbox 854 2470 922 2513; x_wconf 88' lang='lat' dir='ltr'>cum</span> <span class='ocrx_word' id='word_1_209' title='bbox 942 2449 979 2512; x_wconf 89' lang='lat' dir='ltr'>ab</span> <span class='ocrx_word' id='word_1_210' title='bbox 1001 2451 1219 2531; x_wconf 88' lang='lat' dir='ltr'>antiquioribus</span> <span class='ocrx_word' id='word_1_211' title='bbox 1242 2451 1413 2513; x_wconf 88' lang='lat' dir='ltr'>auctoribus</span> <span class='ocrx_word' id='word_1_212' title='bbox 1435 2453 1527 2529; x_wconf 88' lang='lat' dir='ltr'>petita</span> 
     </span>
     <span class='ocr_line' id='line_1_21' title="bbox 225 2554 1528 2640; baseline 0.002 -27"><span class='ocrx_word' id='word_1_213' title='bbox 225 2557 297 2635; x_wconf 89' lang='lat' dir='ltr'>sint,</span> <span class='ocrx_word' id='word_1_214' title='bbox 321 2573 401 2615; x_wconf 89' lang='grc'><strong>11111</strong></span> <span class='ocrx_word' id='word_1_215' title='bbox 424 2554 501 2635; x_wconf 93' lang='lat' dir='ltr'>apud</span> <span class='ocrx_word' id='word_1_216' title='bbox 525 2554 598 2616; x_wconf 92' lang='lat' dir='ltr'>alios</span> <span class='ocrx_word' id='word_1_217' title='bbox 621 2560 841 2639; x_wconf 84' lang='lat' dir='ltr'>grammaticos,</span> <span class='ocrx_word' id='word_1_218' title='bbox 865 2558 944 2638; x_wconf 93' lang='lat' dir='ltr'>quod</span> <span class='ocrx_word' id='word_1_219' title='bbox 968 2560 1073 2640; x_wconf 89' lang='lat' dir='ltr'>sciam,</span> <span class='ocrx_word' id='word_1_220' title='bbox 1104 2577 1164 2619; x_wconf 93' lang='lat' dir='ltr'>non</span> <span class='ocrx_word' id='word_1_221' title='bbox 1187 2558 1341 2639; x_wconf 85' lang='lat' dir='ltr'>leguntur,</span> <span class='ocrx_word' id='word_1_222' title='bbox 1369 2559 1400 2616; x_wconf 92' lang='lat' dir='ltr'>in</span> <span class='ocrx_word' id='word_1_223' title='bbox 1424 2559 1528 2636; x_wconf 90' lang='lat' dir='ltr'>primis</span> 
     </span>
     <span class='ocr_line' id='line_1_22' title="bbox 224 2658 1527 2744; baseline 0.003 -24"><span class='ocrx_word' id='word_1_224' title='bbox 224 2660 312 2741; x_wconf 91' lang='lat' dir='ltr'>haec,</span> <span class='ocrx_word' id='word_1_225' title='bbox 335 2681 362 2741; x_wconf 94' lang='lat' dir='ltr'>p.</span> <span class='ocrx_word' id='word_1_226' title='bbox 378 2658 465 2724; x_wconf 89' lang='grc'><strong>2780</strong></span> <span class='ocrx_word' id='word_1_227' title='bbox 484 2666 573 2738; x_wconf 80' lang='lat' dir='ltr'>cupio</span> <span class='ocrx_word' id='word_1_228' title='bbox 593 2671 623 2723; x_wconf 90' lang='grc'>11</span> <span class='ocrx_word' id='word_1_229' title='bbox 645 2682 672 2742; x_wconf 91' lang='lat' dir='ltr'>p.</span> <span class='ocrx_word' id='word_1_230' title='bbox 688 2661 775 2725; x_wconf 95' lang='grc'><strong>2782</strong></span> <span class='ocrx_word' id='word_1_231' title='bbox 800 2669 896 2725; x_wconf 85' lang='lat' dir='ltr'>clamo</span> <span class='ocrx_word' id='word_1_232' title='bbox 916 2683 983 2726; x_wconf 92' lang='lat' dir='ltr'>cum</span> <span class='ocrx_word' id='word_1_233' title='bbox 1008 2664 1150 2744; x_wconf 81' lang='lat' dir='ltr'>exemplis</span> <span class='ocrx_word' id='word_1_234' title='bbox 1169 2663 1322 2725; x_wconf 87' lang='lat' dir='ltr'>Ciceronis</span> <span class='ocrx_word' id='word_1_235' title='bbox 1345 2673 1375 2724; x_wconf 90' lang='lat' dir='ltr'>et</span> <span class='ocrx_word' id='word_1_236' title='bbox 1398 2684 1425 2743; x_wconf 96' lang='lat' dir='ltr'>p.</span> <span class='ocrx_word' id='word_1_237' title='bbox 1440 2661 1527 2725; x_wconf 89' lang='grc'><strong>2802</strong></span> 
     </span>
     <span class='ocr_line' id='line_1_23' title="bbox 225 2769 1527 2850; baseline 0.002 -23"><span class='ocrx_word' id='word_1_238' title='bbox 225 2775 348 2842; x_wconf 79' lang='lat' dir='ltr'>torques</span> <span class='ocrx_word' id='word_1_239' title='bbox 367 2786 435 2829; x_wconf 95' lang='lat' dir='ltr'>cum</span> <span class='ocrx_word' id='word_1_240' title='bbox 454 2769 597 2848; x_wconf 83' lang='lat' dir='ltr'>exemplis</span> <span class='ocrx_word' id='word_1_241' title='bbox 615 2769 689 2830; x_wconf 91' lang='lat' dir='ltr'>Livii</span> <span class='ocrx_word' id='word_1_242' title='bbox 709 2779 739 2831; x_wconf 95' lang='lat' dir='ltr'>et</span> <span class='ocrx_word' id='word_1_243' title='bbox 758 2770 918 2832; x_wconf 84' lang='lat' dir='ltr'>Ciceronis.</span> <span class='ocrx_word' id='word_1_244' title='bbox 956 2790 989 2833; x_wconf 90' lang='lat' dir='ltr'>ea</span> <span class='ocrx_word' id='word_1_245' title='bbox 1009 2790 1079 2832; x_wconf 88' lang='grc'><strong>1111</strong></span> <span class='ocrx_word' id='word_1_246' title='bbox 1099 2789 1174 2850; x_wconf 92' lang='lat' dir='ltr'>quae</span> <span class='ocrx_word' id='word_1_247' title='bbox 1197 2773 1261 2850; x_wconf 89' lang='lat' dir='ltr'>ipse</span> <span class='ocrx_word' id='word_1_248' title='bbox 1280 2769 1360 2831; x_wconf 90' lang='lat' dir='ltr'>Beda</span> <span class='ocrx_word' id='word_1_249' title='bbox 1382 2769 1430 2830; x_wconf 91' lang='lat' dir='ltr'>his</span> <span class='ocrx_word' id='word_1_250' title='bbox 1453 2789 1527 2849; x_wconf 89' lang='lat' dir='ltr'>quae</span> 
     </span>
     <span class='ocr_line' id='line_1_24' title="bbox 226 2871 1527 2956; baseline 0.004 -25"><span class='ocrx_word' id='word_1_251' title='bbox 226 2871 262 2932; x_wconf 95' lang='lat' dir='ltr'>ab</span> <span class='ocrx_word' id='word_1_252' title='bbox 285 2874 503 2952; x_wconf 86' lang='lat' dir='ltr'>antiquioribus</span> <span class='ocrx_word' id='word_1_253' title='bbox 522 2887 676 2955; x_wconf 89' lang='lat' dir='ltr'>acceperat</span> <span class='ocrx_word' id='word_1_254' title='bbox 695 2877 806 2939; x_wconf 93' lang='lat' dir='ltr'>addidit</span> <span class='ocrx_word' id='word_1_255' title='bbox 829 2880 860 2938; x_wconf 94' lang='lat' dir='ltr'>in</span> <span class='ocrx_word' id='word_1_256' title='bbox 879 2896 1015 2939; x_wconf 92' lang='lat' dir='ltr'>sermone</span> <span class='ocrx_word' id='word_1_257' title='bbox 1040 2877 1184 2938; x_wconf 91' lang='lat' dir='ltr'>librorum</span> <span class='ocrx_word' id='word_1_258' title='bbox 1206 2896 1359 2939; x_wconf 90' lang='lat' dir='ltr'>sacrorum</span> <span class='ocrx_word' id='word_1_259' title='bbox 1383 2886 1412 2938; x_wconf 93' lang='lat' dir='ltr'>et</span> <span class='ocrx_word' id='word_1_260' title='bbox 1435 2880 1527 2956; x_wconf 91' lang='lat' dir='ltr'>scrip-</span> 
     </span>
     <span class='ocr_line' id='line_1_25' title="bbox 226 2980 1528 3066; baseline 0.003 -28"><span class='ocrx_word' id='word_1_261' title='bbox 226 2988 326 3039; x_wconf 90' lang='lat' dir='ltr'>torum</span> <span class='ocrx_word' id='word_1_262' title='bbox 357 2980 639 3063; x_wconf 87' lang='lat' dir='ltr'>ecclesiasticorum,</span> <span class='ocrx_word' id='word_1_263' title='bbox 670 3002 797 3062; x_wconf 92' lang='lat' dir='ltr'>quorum</span> <span class='ocrx_word' id='word_1_264' title='bbox 827 2984 959 3065; x_wconf 85' lang='lat' dir='ltr'>exempla</span> <span class='ocrx_word' id='word_1_265' title='bbox 989 2987 1139 3066; x_wconf 90' lang='lat' dir='ltr'>apposuit,</span> <span class='ocrx_word' id='word_1_266' title='bbox 1174 2992 1337 3045; x_wconf 85' lang='lat' dir='ltr'>versantur.</span> <span class='ocrx_word' id='word_1_267' title='bbox 1388 2984 1461 3044; x_wconf 88' lang='lat' dir='ltr'>haec</span> <span class='ocrx_word' id='word_1_268' title='bbox 1491 2983 1528 3043; x_wconf 94' lang='lat' dir='ltr'>de</span> 
     </span>
     <span class='ocr_line' id='line_1_26' title="bbox 226 3086 1527 3167; baseline 0.003 -22"><span class='ocrx_word' id='word_1_269' title='bbox 226 3086 398 3147; x_wconf 91' lang='lat' dir='ltr'>auctoribus</span> <span class='ocrx_word' id='word_1_270' title='bbox 417 3087 525 3167; x_wconf 91' lang='lat' dir='ltr'>quibus</span> <span class='ocrx_word' id='word_1_271' title='bbox 543 3089 621 3149; x_wconf 82' lang='lat' dir='ltr'>Reda</span> <span class='ocrx_word' id='word_1_272' title='bbox 641 3107 713 3151; x_wconf 91' lang='lat' dir='ltr'>usus</span> <span class='ocrx_word' id='word_1_273' title='bbox 728 3098 774 3150; x_wconf 91' lang='lat' dir='ltr'>est</span> <span class='ocrx_word' id='word_1_274' title='bbox 792 3090 922 3152; x_wconf 77' lang='lat' dir='ltr'>breuiter</span> <span class='ocrx_word' id='word_1_275' title='bbox 941 3091 1051 3151; x_wconf 81' lang='lat' dir='ltr'>dixisse</span> <span class='ocrx_word' id='word_1_276' title='bbox 1070 3108 1150 3151; x_wconf 92' lang='lat' dir='ltr'>nunc</span> <span class='ocrx_word' id='word_1_277' title='bbox 1164 3091 1299 3151; x_wconf 88' lang='lat' dir='ltr'>sulliciat.</span> <span class='ocrx_word' id='word_1_278' title='bbox 1327 3108 1395 3151; x_wconf 91' lang='lat' dir='ltr'>nam</span> <span class='ocrx_word' id='word_1_279' title='bbox 1409 3109 1527 3151; x_wconf 87' lang='lat' dir='ltr'>accura-</span> 
     </span>
     <span class='ocr_line' id='line_1_27' title="bbox 226 3193 1528 3278; baseline 0.003 -25"><span class='ocrx_word' id='word_1_280' title='bbox 226 3195 286 3254; x_wconf 88' lang='lat' dir='ltr'>tius</span> <span class='ocrx_word' id='word_1_281' title='bbox 306 3213 339 3254; x_wconf 88' lang='lat' dir='ltr'>ea</span> <span class='ocrx_word' id='word_1_282' title='bbox 359 3193 395 3254; x_wconf 93' lang='lat' dir='ltr'>de</span> <span class='ocrx_word' id='word_1_283' title='bbox 415 3212 447 3255; x_wconf 91' lang='lat' dir='ltr'>re</span> <span class='ocrx_word' id='word_1_284' title='bbox 471 3213 614 3273; x_wconf 90' lang='lat' dir='ltr'>quaerere</span> <span class='ocrx_word' id='word_1_285' title='bbox 635 3204 665 3256; x_wconf 91' lang='grc'>11</span> <span class='ocrx_word' id='word_1_286' title='bbox 688 3197 766 3257; x_wconf 88' lang='lat' dir='ltr'>unde</span> <span class='ocrx_word' id='word_1_287' title='bbox 790 3197 920 3277; x_wconf 89' lang='lat' dir='ltr'>quidque</span> <span class='ocrx_word' id='word_1_288' title='bbox 944 3199 1071 3277; x_wconf 91' lang='lat' dir='ltr'>petitum</span> <span class='ocrx_word' id='word_1_289' title='bbox 1091 3199 1129 3258; x_wconf 92' lang='lat' dir='ltr'>sit</span> <span class='ocrx_word' id='word_1_290' title='bbox 1152 3197 1293 3278; x_wconf 91' lang='lat' dir='ltr'>indicare,</span> <span class='ocrx_word' id='word_1_291' title='bbox 1315 3198 1351 3258; x_wconf 93' lang='lat' dir='ltr'>ad</span> <span class='ocrx_word' id='word_1_292' title='bbox 1374 3198 1528 3258; x_wconf 88' lang='lat' dir='ltr'>historiam</span> 
     </span>
     <span class='ocr_line' id='line_1_28' title="bbox 227 3300 1529 3385; baseline 0.003 -25"><span class='ocrx_word' id='word_1_293' title='bbox 227 3300 346 3379; x_wconf 89' lang='lat' dir='ltr'>quidem</span> <span class='ocrx_word' id='word_1_294' title='bbox 366 3310 499 3362; x_wconf 85' lang='lat' dir='ltr'>veterum</span> <span class='ocrx_word' id='word_1_295' title='bbox 523 3307 782 3382; x_wconf 83' lang='lat' dir='ltr'>grammaticorum</span> <span class='ocrx_word' id='word_1_296' title='bbox 806 3323 860 3385; x_wconf 90' lang='lat' dir='ltr'>per</span> <span class='ocrx_word' id='word_1_297' title='bbox 883 3305 1013 3365; x_wconf 83' lang='lat' dir='ltr'>intimam</span> <span class='ocrx_word' id='word_1_298' title='bbox 1033 3315 1158 3366; x_wconf 92' lang='lat' dir='ltr'>aetatem</span> <span class='ocrx_word' id='word_1_299' title='bbox 1181 3304 1339 3366; x_wconf 91' lang='lat' dir='ltr'>latinarum</span> <span class='ocrx_word' id='word_1_300' title='bbox 1363 3305 1529 3366; x_wconf 92' lang='lat' dir='ltr'>litterarum</span> 
     </span>
     <span class='ocr_line' id='line_1_29' title="bbox 226 3408 1529 3493; baseline 0.002 -26"><span class='ocrx_word' id='word_1_301' title='bbox 226 3408 462 3487; x_wconf 90' lang='lat' dir='ltr'>persequendam</span> <span class='ocrx_word' id='word_1_302' title='bbox 480 3408 559 3470; x_wconf 88' lang='lat' dir='ltr'>haud</span> <span class='ocrx_word' id='word_1_303' title='bbox 578 3411 682 3471; x_wconf 90' lang='lat' dir='ltr'>inutile</span> <span class='ocrx_word' id='word_1_304' title='bbox 701 3419 759 3491; x_wconf 90' lang='lat' dir='ltr'>est,</span> <span class='ocrx_word' id='word_1_305' title='bbox 784 3419 918 3471; x_wconf 88' lang='lat' dir='ltr'>ceterum</span> <span class='ocrx_word' id='word_1_306' title='bbox 937 3411 972 3471; x_wconf 93' lang='lat' dir='ltr'>ad</span> <span class='ocrx_word' id='word_1_307' title='bbox 992 3431 1041 3472; x_wconf 91' lang='lat' dir='ltr'>res</span> <span class='ocrx_word' id='word_1_308' title='bbox 1061 3430 1136 3490; x_wconf 87' lang='lat' dir='ltr'>quae</span> <span class='ocrx_word' id='word_1_309' title='bbox 1160 3420 1325 3473; x_wconf 87' lang='lat' dir='ltr'>tractantur</span> <span class='ocrx_word' id='word_1_310' title='bbox 1343 3410 1529 3493; x_wconf 81' lang='lat' dir='ltr'>explicandas</span> 
     </span>
     <span class='ocr_line' id='line_1_30' title="bbox 227 3516 660 3592; baseline 0.009 -19"><span class='ocrx_word' id='word_1_311' title='bbox 227 3532 302 3592; x_wconf 91' lang='lat' dir='ltr'>opus</span> <span class='ocrx_word' id='word_1_312' title='bbox 325 3533 391 3575; x_wconf 89' lang='lat' dir='ltr'>esse</span> <span class='ocrx_word' id='word_1_313' title='bbox 415 3534 473 3576; x_wconf 94' lang='lat' dir='ltr'>non</span> <span class='ocrx_word' id='word_1_314' title='bbox 498 3516 660 3578; x_wconf 86' lang='lat' dir='ltr'>videbatur.</span> 
     </span>
    </p>

    <p class='ocr_par' dir='ltr' id='par_1_5' title="bbox 226 3620 1531 4880">
     <span class='ocr_line' id='line_1_31' title="bbox 317 3620 1527 3705; baseline 0.001 -26"><span class='ocrx_word' id='word_1_315' title='bbox 317 3620 412 3683; x_wconf 81' lang='lat' dir='ltr'>hlium</span> <span class='ocrx_word' id='word_1_316' title='bbox 441 3622 482 3682; x_wconf 88' lang='lat' dir='ltr'>de</span> <span class='ocrx_word' id='word_1_317' title='bbox 511 3623 769 3702; x_wconf 79' lang='lat' dir='ltr'>orthographia</span> <span class='ocrx_word' id='word_1_318' title='bbox 796 3622 928 3685; x_wconf 92' lang='lat' dir='ltr'>librum</span> <span class='ocrx_word' id='word_1_319' title='bbox 952 3623 1112 3685; x_wconf 88' lang='lat' dir='ltr'>Putschius</span> <span class='ocrx_word' id='word_1_320' title='bbox 1140 3644 1167 3705; x_wconf 95' lang='lat' dir='ltr'>p.</span> <span class='ocrx_word' id='word_1_321' title='bbox 1192 3622 1278 3686; x_wconf 89' lang='grc'><strong>2327</strong></span> <span class='ocrx_word' id='word_1_322' title='bbox 1295 3644 1356 3703; x_wconf 88' lang='lat' dir='ltr'>sqq.</span> <span class='ocrx_word' id='word_1_323' title='bbox 1388 3644 1403 3683; x_wconf 93' lang='lat' dir='ltr'>e</span> <span class='ocrx_word' id='word_1_324' title='bbox 1427 3623 1527 3683; x_wconf 92' lang='lat' dir='ltr'>codice</span> 
     </span>
     <span class='ocr_line' id='line_1_32' title="bbox 226 3726 1528 3812; baseline 0.001 -26"><span class='ocrx_word' id='word_1_325' title='bbox 226 3726 393 3809; x_wconf 76' lang='lat' dir='ltr'>bongarsii,</span> <span class='ocrx_word' id='word_1_326' title='bbox 422 3730 473 3807; x_wconf 90' lang='lat' dir='ltr'>qui</span> <span class='ocrx_word' id='word_1_327' title='bbox 501 3748 580 3789; x_wconf 91' lang='lat' dir='ltr'>nunc</span> <span class='ocrx_word' id='word_1_328' title='bbox 604 3739 650 3790; x_wconf 90' lang='lat' dir='ltr'>est</span> <span class='ocrx_word' id='word_1_329' title='bbox 672 3729 832 3791; x_wconf 79' lang='lat' dir='ltr'>bernensis</span> <span class='ocrx_word' id='word_1_330' title='bbox 856 3727 936 3812; x_wconf 88' lang='grc'><strong>338,</strong></span> <span class='ocrx_word' id='word_1_331' title='bbox 963 3733 1078 3810; x_wconf 89' lang='lat' dir='ltr'>primus</span> <span class='ocrx_word' id='word_1_332' title='bbox 1101 3731 1193 3792; x_wconf 88' lang='lat' dir='ltr'>edidit</span> <span class='ocrx_word' id='word_1_333' title='bbox 1216 3740 1246 3792; x_wconf 89' lang='grc'>11</span> <span class='ocrx_word' id='word_1_334' title='bbox 1273 3750 1327 3811; x_wconf 94' lang='lat' dir='ltr'>pro</span> <span class='ocrx_word' id='word_1_335' title='bbox 1351 3749 1386 3790; x_wconf 93' lang='lat' dir='ltr'>eo</span> <span class='ocrx_word' id='word_1_336' title='bbox 1410 3730 1446 3790; x_wconf 91' lang='lat' dir='ltr'>dc</span> <span class='ocrx_word' id='word_1_337' title='bbox 1470 3747 1528 3806; x_wconf 93' lang='lat' dir='ltr'>quo</span> 
     </span>
     <span class='ocr_line' id='line_1_33' title="bbox 227 3833 1529 3917; baseline 0.002 -25"><span class='ocrx_word' id='word_1_338' title='bbox 227 3833 314 3893; x_wconf 92' lang='lat' dir='ltr'>modo</span> <span class='ocrx_word' id='word_1_339' title='bbox 333 3833 394 3894; x_wconf 85' lang='lat' dir='ltr'>dixi</span> <span class='ocrx_word' id='word_1_340' title='bbox 408 3834 503 3895; x_wconf 78' lang='lat' dir='ltr'>bedae</span> <span class='ocrx_word' id='word_1_341' title='bbox 518 3839 637 3907; x_wconf 86' lang='lat' dir='ltr'>nomine</span> <span class='ocrx_word' id='word_1_342' title='bbox 657 3839 817 3917; x_wconf 88' lang='lat' dir='ltr'>inscripsit.</span> <span class='ocrx_word' id='word_1_343' title='bbox 846 3857 913 3898; x_wconf 90' lang='lat' dir='ltr'>nam</span> <span class='ocrx_word' id='word_1_344' title='bbox 928 3856 996 3898; x_wconf 91' lang='lat' dir='ltr'>cum</span> <span class='ocrx_word' id='word_1_345' title='bbox 1015 3837 1094 3898; x_wconf 91' lang='lat' dir='ltr'>illius</span> <span class='ocrx_word' id='word_1_346' title='bbox 1108 3838 1219 3899; x_wconf 93' lang='lat' dir='ltr'>codicis</span> <span class='ocrx_word' id='word_1_347' title='bbox 1234 3833 1381 3917; x_wconf 87' lang='lat' dir='ltr'>scriptura</span> <span class='ocrx_word' id='word_1_348' title='bbox 1395 3835 1529 3897; x_wconf 90' lang='lat' dir='ltr'>Putschii</span> 
     </span>
     <span class='ocr_line' id='line_1_34' title="bbox 227 3939 1529 4025; baseline 0.001 -25"><span class='ocrx_word' id='word_1_349' title='bbox 227 3939 317 4001; x_wconf 91' lang='lat' dir='ltr'>editio</span> <span class='ocrx_word' id='word_1_350' title='bbox 340 3943 380 4001; x_wconf 91' lang='lat' dir='ltr'>ita</span> <span class='ocrx_word' id='word_1_351' title='bbox 404 3944 565 4024; x_wconf 89' lang='lat' dir='ltr'>consentit,</span> <span class='ocrx_word' id='word_1_352' title='bbox 589 3951 622 4003; x_wconf 92' lang='lat' dir='ltr'>ut</span> <span class='ocrx_word' id='word_1_353' title='bbox 645 3943 775 4005; x_wconf 88' lang='lat' dir='ltr'>dubitari</span> <span class='ocrx_word' id='word_1_354' title='bbox 798 3953 926 4023; x_wconf 89' lang='lat' dir='ltr'>nequeat</span> <span class='ocrx_word' id='word_1_355' title='bbox 949 3946 1021 4023; x_wconf 90' lang='lat' dir='ltr'>quin</span> <span class='ocrx_word' id='word_1_356' title='bbox 1041 3962 1076 4004; x_wconf 83' lang='lat' dir='ltr'>ex</span> <span class='ocrx_word' id='word_1_357' title='bbox 1096 3962 1131 4004; x_wconf 95' lang='lat' dir='ltr'>eo</span> <span class='ocrx_word' id='word_1_358' title='bbox 1155 3963 1294 4025; x_wconf 81' lang='lat' dir='ltr'>expressa</span> <span class='ocrx_word' id='word_1_359' title='bbox 1318 3947 1363 4005; x_wconf 91' lang='lat' dir='ltr'>sit</span> <span class='ocrx_word' id='word_1_360' title='bbox 1402 3942 1529 4004; x_wconf 87' lang='lat' dir='ltr'>eundem</span> 
     </span>
     <span class='ocr_line' id='line_1_35' title="bbox 230 4047 1528 4131; baseline 0.001 -24"><span class='ocrx_word' id='word_1_361' title='bbox 230 4047 338 4109; x_wconf 92' lang='lat' dir='ltr'>librum</span> <span class='ocrx_word' id='word_1_362' title='bbox 362 4058 465 4129; x_wconf 89' lang='lat' dir='ltr'>postea</span> <span class='ocrx_word' id='word_1_363' title='bbox 487 4048 653 4111; x_wconf 80' lang='lat' dir='ltr'>Frobenius</span> <span class='ocrx_word' id='word_1_364' title='bbox 677 4071 737 4112; x_wconf 88' lang='lat' dir='ltr'>non</span> <span class='ocrx_word' id='word_1_365' title='bbox 760 4053 876 4131; x_wconf 83' lang='lat' dir='ltr'>cognita</span> <span class='ocrx_word' id='word_1_366' title='bbox 899 4049 1033 4111; x_wconf 90' lang='lat' dir='ltr'>Putschii</span> <span class='ocrx_word' id='word_1_367' title='bbox 1056 4050 1185 4112; x_wconf 88' lang='lat' dir='ltr'>editione</span> <span class='ocrx_word' id='word_1_368' title='bbox 1206 4070 1241 4112; x_wconf 83' lang='grc'>11</span> <span class='ocrx_word' id='word_1_369' title='bbox 1261 4051 1363 4111; x_wconf 89' lang='lat' dir='ltr'>codice</span> <span class='ocrx_word' id='word_1_370' title='bbox 1383 4049 1528 4110; x_wconf 79' lang='grc'><strong>8111111111-</strong></span> 
     </span>
     <span class='ocr_line' id='line_1_36' title="bbox 227 4154 1529 4238; baseline -0.001 -23"><span class='ocrx_word' id='word_1_371' title='bbox 227 4158 312 4233; x_wconf 79' lang='lat' dir='ltr'>gensi</span> <span class='ocrx_word' id='word_1_372' title='bbox 331 4155 423 4216; x_wconf 91' lang='lat' dir='ltr'>edidit</span> <span class='ocrx_word' id='word_1_373' title='bbox 441 4158 471 4217; x_wconf 91' lang='lat' dir='ltr'>in</span> <span class='ocrx_word' id='word_1_374' title='bbox 490 4157 606 4218; x_wconf 80' lang='lat' dir='ltr'>hlcuini</span> <span class='ocrx_word' id='word_1_375' title='bbox 625 4156 766 4238; x_wconf 94' lang='lat' dir='ltr'>operibus</span> <span class='ocrx_word' id='word_1_376' title='bbox 784 4177 809 4218; x_wconf 88' lang='lat' dir='ltr'>v.</span> <span class='ocrx_word' id='word_1_377' title='bbox 827 4158 853 4217; x_wconf 99' lang='lat' dir='ltr'>ll</span> <span class='ocrx_word' id='word_1_378' title='bbox 872 4176 900 4237; x_wconf 95' lang='lat' dir='ltr'>p.</span> <span class='ocrx_word' id='word_1_379' title='bbox 915 4154 978 4219; x_wconf 91' lang='grc'>301</span> <span class='ocrx_word' id='word_1_380' title='bbox 995 4175 1058 4236; x_wconf 90' lang='lat' dir='ltr'>sqq.</span> <span class='ocrx_word' id='word_1_381' title='bbox 1096 4176 1154 4237; x_wconf 92' lang='lat' dir='ltr'>qua</span> <span class='ocrx_word' id='word_1_382' title='bbox 1177 4156 1214 4217; x_wconf 88' lang='lat' dir='ltr'>de</span> <span class='ocrx_word' id='word_1_383' title='bbox 1237 4176 1270 4217; x_wconf 93' lang='lat' dir='ltr'>re</span> <span class='ocrx_word' id='word_1_384' title='bbox 1294 4159 1323 4217; x_wconf 93' lang='lat' dir='ltr'>in</span> <span class='ocrx_word' id='word_1_385' title='bbox 1347 4157 1529 4237; x_wconf 79' lang='lat' dir='ltr'>praefatione</span> 
     </span>
     <span class='ocr_line' id='line_1_37' title="bbox 227 4259 1529 4344; baseline -0.001 -22"><span class='ocrx_word' id='word_1_386' title='bbox 227 4262 244 4322; x_wconf 94' lang='lat' dir='ltr'>l.</span> <span class='ocrx_word' id='word_1_387' title='bbox 271 4282 296 4325; x_wconf 92' lang='lat' dir='ltr'>c.</span> <span class='ocrx_word' id='word_1_388' title='bbox 326 4262 430 4324; x_wconf 89' lang='lat' dir='ltr'>scribit</span> <span class='ocrx_word' id='word_1_389' title='bbox 457 4263 543 4344; x_wconf 90' lang='lat' dir='ltr'>haec,</span> <span class='ocrx_word' id='word_1_390' title='bbox 571 4259 709 4325; x_wconf 75' lang='lat' dir='ltr'>‘Beatum</span> <span class='ocrx_word' id='word_1_391' title='bbox 737 4263 894 4324; x_wconf 81' lang='lat' dir='ltr'>hlcuinum</span> <span class='ocrx_word' id='word_1_392' title='bbox 922 4263 958 4324; x_wconf 87' lang='lat' dir='ltr'>dc</span> <span class='ocrx_word' id='word_1_393' title='bbox 987 4263 1204 4343; x_wconf 78' lang='lat' dir='ltr'>Orthographia</span> <span class='ocrx_word' id='word_1_394' title='bbox 1232 4265 1386 4343; x_wconf 92' lang='lat' dir='ltr'>scripsisse</span> <span class='ocrx_word' id='word_1_395' title='bbox 1420 4263 1529 4322; x_wconf 85' lang='lat' dir='ltr'>diserto</span> 
     </span>
     <span class='ocr_line' id='line_1_38' title="bbox 229 4369 1529 4450; baseline -0.002 -21"><span class='ocrx_word' id='word_1_396' title='bbox 229 4377 354 4431; x_wconf 87' lang='lat' dir='ltr'>testatur</span> <span class='ocrx_word' id='word_1_397' title='bbox 378 4373 453 4431; x_wconf 81' lang='lat' dir='ltr'>ritae</span> <span class='ocrx_word' id='word_1_398' title='bbox 476 4371 555 4431; x_wconf 90' lang='lat' dir='ltr'>illius</span> <span class='ocrx_word' id='word_1_399' title='bbox 579 4373 714 4450; x_wconf 88' lang='lat' dir='ltr'>scriptor.</span> <span class='ocrx_word' id='word_1_400' title='bbox 752 4369 1236 4432; x_wconf 79' lang='grc'><strong>11111111171111111111111111111</strong></span> <span class='ocrx_word' id='word_1_401' title='bbox 1260 4370 1295 4430; x_wconf 91' lang='lat' dir='ltr'>de</span> <span class='ocrx_word' id='word_1_402' title='bbox 1316 4371 1385 4429; x_wconf 90' lang='lat' dir='ltr'>viris</span> <span class='ocrx_word' id='word_1_403' title='bbox 1409 4369 1529 4428; x_wconf 89' lang='lat' dir='ltr'>illustri·</span> 
     </span>
     <span class='ocr_line' id='line_1_39' title="bbox 229 4474 1530 4558; baseline 0 -24"><span class='ocrx_word' id='word_1_404' title='bbox 229 4474 284 4536; x_wconf 93' lang='lat' dir='ltr'>bus</span> <span class='ocrx_word' id='word_1_405' title='bbox 308 4475 481 4537; x_wconf 71' lang='grc'><strong>111111.</strong></span> <span class='ocrx_word' id='word_1_406' title='bbox 506 4496 569 4556; x_wconf 91' lang='lat' dir='ltr'>cap.</span> <span class='ocrx_word' id='word_1_407' title='bbox 589 4477 688 4538; x_wconf 80' lang='lat' dir='ltr'>xxvi.</span> <span class='ocrx_word' id='word_1_408' title='bbox 713 4486 742 4538; x_wconf 92' lang='grc'>11</span> <span class='ocrx_word' id='word_1_409' title='bbox 766 4478 890 4539; x_wconf 88' lang='grc'><strong>1111111</strong></span> <span class='ocrx_word' id='word_1_410' title='bbox 913 4476 1020 4538; x_wconf 89' lang='grc' dir='ltr'><strong>Β11111</strong></span> <span class='ocrx_word' id='word_1_411' title='bbox 1043 4477 1153 4558; x_wconf 80' lang='lat' dir='ltr'>huglus</span> <span class='ocrx_word' id='word_1_412' title='bbox 1176 4484 1253 4538; x_wconf 90' lang='lat' dir='ltr'>cent.</span> <span class='ocrx_word' id='word_1_413' title='bbox 1270 4475 1317 4536; x_wconf 87' lang='lat' dir='ltr'>lll.</span> <span class='ocrx_word' id='word_1_414' title='bbox 1338 4477 1438 4555; x_wconf 90' lang='lat' dir='ltr'>script.</span> <span class='ocrx_word' id='word_1_415' title='bbox 1459 4475 1530 4534; x_wconf 87' lang='lat' dir='ltr'>Brit.</span> 
     </span>
     <span class='ocr_line' id='line_1_40' title="bbox 229 4582 1530 4664; baseline 0 -25"><span class='ocrx_word' id='word_1_416' title='bbox 229 4582 307 4641; x_wconf 90' lang='lat' dir='ltr'>inter</span> <span class='ocrx_word' id='word_1_417' title='bbox 331 4600 421 4661; x_wconf 88' lang='lat' dir='ltr'>opera</span> <span class='ocrx_word' id='word_1_418' title='bbox 443 4582 559 4644; x_wconf 81' lang='lat' dir='ltr'>hlcuini</span> <span class='ocrx_word' id='word_1_419' title='bbox 583 4593 740 4644; x_wconf 89' lang='lat' dir='ltr'>recensent</span> <span class='ocrx_word' id='word_1_420' title='bbox 763 4583 871 4646; x_wconf 91' lang='lat' dir='ltr'>librum</span> <span class='ocrx_word' id='word_1_421' title='bbox 895 4603 988 4646; x_wconf 73' lang='lat' dir='ltr'>ornum</span> <span class='ocrx_word' id='word_1_422' title='bbox 1012 4585 1048 4645; x_wconf 89' lang='lat' dir='ltr'>de</span> <span class='ocrx_word' id='word_1_423' title='bbox 1073 4583 1297 4664; x_wconf 85' lang='lat' dir='ltr'>Orthograplria.</span> <span class='ocrx_word' id='word_1_424' title='bbox 1340 4582 1438 4643; x_wconf 92' lang='lat' dir='ltr'>Latuit</span> <span class='ocrx_word' id='word_1_425' title='bbox 1461 4601 1530 4641; x_wconf 87' lang='grc'><strong>1111</strong></span> 
     </span>
     <span class='ocr_line' id='line_1_41' title="bbox 229 4686 1531 4768; baseline 0.002 -22"><span class='ocrx_word' id='word_1_426' title='bbox 229 4686 285 4747; x_wconf 93' lang='lat' dir='ltr'>hoc</span> <span class='ocrx_word' id='word_1_427' title='bbox 304 4690 448 4768; x_wconf 90' lang='lat' dir='ltr'>scriptum</span> <span class='ocrx_word' id='word_1_428' title='bbox 467 4708 570 4750; x_wconf 88' lang='lat' dir='ltr'>omnes</span> <span class='ocrx_word' id='word_1_429' title='bbox 589 4693 677 4751; x_wconf 87' lang='lat' dir='ltr'>etiam</span> <span class='ocrx_word' id='word_1_430' title='bbox 697 4691 906 4753; x_wconf 83' lang='lat' dir='ltr'>solertissimos</span> <span class='ocrx_word' id='word_1_431' title='bbox 927 4691 1172 4752; x_wconf 88' lang='lat' dir='ltr'>bibliothecarum</span> <span class='ocrx_word' id='word_1_432' title='bbox 1192 4700 1326 4752; x_wconf 89' lang='lat' dir='ltr'>vetorum</span> <span class='ocrx_word' id='word_1_433' title='bbox 1350 4698 1531 4750; x_wconf 91' lang='lat' dir='ltr'>scrutatores</span> 
     </span>
     <span class='ocr_line' id='line_1_42' title="bbox 229 4794 1531 4880; baseline 0.002 -27"><span class='ocrx_word' id='word_1_434' title='bbox 229 4794 264 4854; x_wconf 88' lang='lat' dir='ltr'>ad</span> <span class='ocrx_word' id='word_1_435' title='bbox 287 4794 343 4854; x_wconf 95' lang='lat' dir='ltr'>hoc</span> <span class='ocrx_word' id='word_1_436' title='bbox 367 4814 461 4873; x_wconf 89' lang='lat' dir='ltr'>usque</span> <span class='ocrx_word' id='word_1_437' title='bbox 487 4807 619 4878; x_wconf 89' lang='lat' dir='ltr'>tempus;</span> <span class='ocrx_word' id='word_1_438' title='bbox 642 4817 698 4857; x_wconf 91' lang='lat' dir='ltr'>nec</span> <span class='ocrx_word' id='word_1_439' title='bbox 722 4817 797 4875; x_wconf 89' lang='lat' dir='ltr'>quae</span> <span class='ocrx_word' id='word_1_440' title='bbox 820 4798 899 4859; x_wconf 91' lang='lat' dir='ltr'>illius</span> <span class='ocrx_word' id='word_1_441' title='bbox 924 4799 1030 4880; x_wconf 90' lang='lat' dir='ltr'>iorma,</span> <span class='ocrx_word' id='word_1_442' title='bbox 1049 4799 1206 4860; x_wconf 85' lang='lat' dir='ltr'>methodus</span> <span class='ocrx_word' id='word_1_443' title='bbox 1224 4807 1276 4859; x_wconf 88' lang='lat' dir='ltr'>aut</span> <span class='ocrx_word' id='word_1_444' title='bbox 1295 4797 1424 4859; x_wconf 90' lang='lat' dir='ltr'>conditio</span> <span class='ocrx_word' id='word_1_445' title='bbox 1444 4805 1531 4879; x_wconf 88' lang='lat' dir='ltr'>esset,</span> 
     </span>
    </p>
   </div>
   <div class='ocr_carea' id='block_1_5' title="bbox 0 0 1672 5474">
    <p class='ocr_par' dir='ltr' id='par_1_6' title="bbox 0 0 1672 5474">
     <span class='ocr_line' id='line_1_43' title="bbox 0 0 1672 5474; baseline 0 0"><span class='ocrx_word' id='word_1_446' title='bbox 0 0 1672 5474; x_wconf 95' lang='lat' dir='ltr'> </span> 
     </span>
    </p>
   </div>
  </div>
 </body>
</html>
