<?xml version="1.0" encoding="UTF-8"?>
<!DOCTYPE html PUBLIC "-//W3C//DTD XHTML 1.0 Transitional//EN"
    "http://www.w3.org/TR/xhtml1/DTD/xhtml1-transitional.dtd">
<html xmlns="http://www.w3.org/1999/xhtml" xml:lang="en" lang="en">
 <head>
  <title>
</title>
<meta http-equiv="Content-Type" content="text/html;charset=utf-8" />
  <meta name='ocr-system' content='tesseract 3.04.00' />
  <meta name='ocr-capabilities' content='ocr_page ocr_carea ocr_par ocr_line ocrx_word'/>
</head>
<body>
  <div class='ocr_page' id='page_1' title='image "./grammaticilatin00keilgoog/grammaticilatin00keilgoog_0434.png"; bbox 0 0 3316 5474; ppageno 0'>
   <div class='ocr_carea' id='block_1_1' title="bbox 606 359 939 419">
    <p class='ocr_par' dir='ltr' id='par_1_1' title="bbox 606 359 939 419">
     <span class='ocr_line' id='line_1_1' title="bbox 606 359 939 419; baseline 0.009 -4"><span class='ocrx_word' id='word_1_1' title='bbox 606 359 675 416; x_wconf 81' lang='lat' dir='ltr'><strong>ARS</strong></span> <span class='ocrx_word' id='word_1_2' title='bbox 694 361 939 419; x_wconf 78' lang='lat' dir='ltr'><strong>Gnauuarrce</strong></span> 
     </span>
    </p>
   </div>
   <div class='ocr_carea' id='block_1_2' title="bbox 59 636 1410 3065">
    <p class='ocr_par' dir='ltr' id='par_1_2' title="bbox 59 636 1410 3065">
     <span class='ocr_line' id='line_1_2' title="bbox 269 636 1253 716; baseline 0.002 -19"><span class='ocrx_word' id='word_1_3' title='bbox 269 644 376 716; x_wconf 91' lang='lat' dir='ltr'><strong>atque</strong></span> <span class='ocrx_word' id='word_1_4' title='bbox 400 636 481 697; x_wconf 90' lang='lat' dir='ltr'><strong>huic</strong></span> <span class='ocrx_word' id='word_1_5' title='bbox 504 639 540 697; x_wconf 93' lang='lat' dir='ltr'><strong>in</strong></span> <span class='ocrx_word' id='word_1_6' title='bbox 565 638 690 697; x_wconf 80' lang='lat' dir='ltr'><strong>taciem</strong></span> <span class='ocrx_word' id='word_1_7' title='bbox 715 655 821 697; x_wconf 88' lang='lat' dir='ltr'><strong>soror</strong></span> <span class='ocrx_word' id='word_1_8' title='bbox 844 646 882 697; x_wconf 93' lang='lat' dir='ltr'><strong>ut</strong></span> <span class='ocrx_word' id='word_1_9' title='bbox 905 656 1079 699; x_wconf 86' lang='lat' dir='ltr'><strong>conserva</strong></span> <span class='ocrx_word' id='word_1_10' title='bbox 1102 639 1253 701; x_wconf 80' lang='lat' dir='ltr'><strong>Metisci.</strong></span> 
     </span>
     <span class='ocr_line' id='line_1_3' title="bbox 110 743 831 825; baseline 0.001 -22"><span class='ocrx_word' id='word_1_11' title='bbox 110 743 258 804; x_wconf 89' lang='lat' dir='ltr'><strong>interdum</strong></span> <span class='ocrx_word' id='word_1_12' title='bbox 282 752 312 804; x_wconf 91' lang='lat' dir='ltr'><strong>et</strong></span> <span class='ocrx_word' id='word_1_13' title='bbox 335 763 388 822; x_wconf 88' lang='lat' dir='ltr'><strong>pro</strong></span> <span class='ocrx_word' id='word_1_14' title='bbox 412 744 555 823; x_wconf 88' lang='lat' dir='ltr'><strong>particula</strong></span> <span class='ocrx_word' id='word_1_15' title='bbox 579 762 774 825; x_wconf 87' lang='lat' dir='ltr'><strong>supervacua,</strong></span> <span class='ocrx_word' id='word_1_16' title='bbox 798 751 831 804; x_wconf 93' lang='lat' dir='ltr'><strong>ut</strong></span> 
     </span>
     <span class='ocr_line' id='line_1_4' title="bbox 578 852 1195 930; baseline 0.005 -18"><span class='ocrx_word' id='word_1_17' title='bbox 578 870 686 912; x_wconf 92' lang='lat' dir='ltr'><strong>nosco</strong></span> <span class='ocrx_word' id='word_1_18' title='bbox 709 852 831 911; x_wconf 85' lang='lat' dir='ltr'><strong>crines</strong></span> <span class='ocrx_word' id='word_1_19' title='bbox 854 853 1056 930; x_wconf 80' lang='lat' dir='ltr'><strong>incanaque</strong></span> <span class='ocrx_word' id='word_1_20' title='bbox 1080 862 1195 915; x_wconf 89' lang='lat' dir='ltr'><strong>menta</strong></span> 
     </span>
     <span class='ocr_line' id='line_1_5' title="bbox 83 959 1098 1039; baseline 0.004 -20"><span class='ocrx_word' id='word_1_21' title='bbox 83 972 96 1011; x_wconf 67' lang='grc' dir='ltr'>ὁ</span> <span class='ocrx_word' id='word_1_22' title='bbox 312 961 408 1039; x_wconf 87' lang='lat' dir='ltr'><strong>regis</strong></span> <span class='ocrx_word' id='word_1_23' title='bbox 431 959 588 1020; x_wconf 83' lang='lat' dir='ltr'><strong>Romani.</strong></span> <span class='ocrx_word' id='word_1_24' title='bbox 1096 1016 1098 1023; x_wconf 78' lang='grc'>,</span> 
     </span>
     <span class='ocr_line' id='line_1_6' title="bbox 107 1065 1218 1149; baseline 0.005 -25"><span class='ocrx_word' id='word_1_25' title='bbox 107 1065 259 1127; x_wconf 87' lang='lat' dir='ltr'><strong>interdum</strong></span> <span class='ocrx_word' id='word_1_26' title='bbox 282 1066 452 1146; x_wconf 80' lang='lat' dir='ltr'><strong>qualitatem</strong></span> <span class='ocrx_word' id='word_1_27' title='bbox 476 1065 565 1126; x_wconf 88' lang='lat' dir='ltr'><strong>habet</strong></span> <span class='ocrx_word' id='word_1_28' title='bbox 587 1066 623 1125; x_wconf 93' lang='lat' dir='ltr'><strong>ad</strong></span> <span class='ocrx_word' id='word_1_29' title='bbox 647 1067 733 1145; x_wconf 89' lang='lat' dir='ltr'><strong>peius</strong></span> <span class='ocrx_word' id='word_1_30' title='bbox 756 1065 949 1145; x_wconf 81' lang='lat' dir='ltr'><strong>deteriusque</strong></span> <span class='ocrx_word' id='word_1_31' title='bbox 976 1067 1160 1149; x_wconf 84' lang='lat' dir='ltr'><strong>tendentem,</strong></span> <span class='ocrx_word' id='word_1_32' title='bbox 1185 1076 1218 1130; x_wconf 92' lang='lat' dir='ltr'><strong>ut</strong></span> 
     </span>
     <span class='ocr_line' id='line_1_7' title="bbox 284 1172 1230 1252; baseline 0.001 -18"><span class='ocrx_word' id='word_1_33' title='bbox 284 1192 385 1252; x_wconf 93' lang='lat' dir='ltr'><strong>quam</strong></span> <span class='ocrx_word' id='word_1_34' title='bbox 409 1174 519 1234; x_wconf 90' lang='lat' dir='ltr'><strong>semel</strong></span> <span class='ocrx_word' id='word_1_35' title='bbox 542 1174 731 1234; x_wconf 77' lang='lat' dir='ltr'><strong>intormem</strong></span> <span class='ocrx_word' id='word_1_36' title='bbox 756 1178 853 1232; x_wconf 85' lang='lat' dir='ltr'><strong>vasto</strong></span> <span class='ocrx_word' id='word_1_37' title='bbox 878 1172 1016 1233; x_wconf 86' lang='lat' dir='ltr'><strong>vidisse</strong></span> <span class='ocrx_word' id='word_1_38' title='bbox 1040 1172 1104 1234; x_wconf 91' lang='lat' dir='ltr'><strong>sub</strong></span> <span class='ocrx_word' id='word_1_39' title='bbox 1123 1180 1230 1235; x_wconf 88' lang='lat' dir='ltr'><strong>ant&#39;ro</strong></span> 
     </span>
     <span class='ocr_line' id='line_1_8' title="bbox 286 1280 452 1360; baseline 0.006 -19"><span class='ocrx_word' id='word_1_40' title='bbox 286 1280 452 1360; x_wconf 78' lang='lat' dir='ltr'><strong>Scyllam:</strong></span> 
     </span>
     <span class='ocr_line' id='line_1_9' title="bbox 108 1386 1410 1469; baseline 0.005 -23"><span class='ocrx_word' id='word_1_41' title='bbox 108 1405 166 1447; x_wconf 90' lang='lat' dir='ltr'><strong>non</strong></span> <span class='ocrx_word' id='word_1_42' title='bbox 190 1389 268 1448; x_wconf 89' lang='lat' dir='ltr'><strong>enim</strong></span> <span class='ocrx_word' id='word_1_43' title='bbox 293 1388 402 1450; x_wconf 83' lang='lat' dir='ltr'><strong>nulllus</strong></span> <span class='ocrx_word' id='word_1_44' title='bbox 425 1389 536 1448; x_wconf 87' lang='lat' dir='ltr'><strong>iormae</strong></span> <span class='ocrx_word' id='word_1_45' title='bbox 555 1389 713 1468; x_wconf 83' lang='lat' dir='ltr'><strong>significat,</strong></span> <span class='ocrx_word' id='word_1_46' title='bbox 736 1386 787 1448; x_wconf 91' lang='lat' dir='ltr'><strong>sed</strong></span> <span class='ocrx_word' id='word_1_47' title='bbox 808 1387 899 1449; x_wconf 90' lang='lat' dir='ltr'><strong>malae</strong></span> <span class='ocrx_word' id='word_1_48' title='bbox 918 1389 1030 1449; x_wconf 87' lang='lat' dir='ltr'><strong>iormae</strong></span> <span class='ocrx_word' id='word_1_49' title='bbox 1050 1398 1080 1450; x_wconf 90' lang='lat' dir='ltr'><strong>et</strong></span> <span class='ocrx_word' id='word_1_50' title='bbox 1100 1407 1175 1467; x_wconf 88' lang='lat' dir='ltr'><strong>quae</strong></span> <span class='ocrx_word' id='word_1_51' title='bbox 1195 1389 1282 1469; x_wconf 83' lang='lat' dir='ltr'><strong>vulgo</strong></span> <span class='ocrx_word' id='word_1_52' title='bbox 1302 1390 1410 1452; x_wconf 90' lang='lat' dir='ltr'><strong>dicitnr</strong></span> 
     </span>
     <span class='ocr_line' id='line_1_10' title="bbox 69 1493 356 1556; baseline 0.01 -3"><span class='ocrx_word' id='word_1_53' title='bbox 69 1505 94 1544; x_wconf 84' lang='lat'><strong>¹⁰</strong></span> <span class='ocrx_word' id='word_1_54' title='bbox 107 1493 256 1555; x_wconf 88' lang='lat' dir='ltr'><strong>deiormis.</strong></span> <span class='ocrx_word' id='word_1_55' title='bbox 285 1497 356 1556; x_wconf 88' lang='lat' dir='ltr'><strong>item</strong></span> 
     </span>
     <span class='ocr_line' id='line_1_11' title="bbox 301 1602 1200 1682; baseline 0.001 -20"><span class='ocrx_word' id='word_1_56' title='bbox 301 1610 336 1662; x_wconf 91' lang='lat' dir='ltr'><strong>et</strong></span> <span class='ocrx_word' id='word_1_57' title='bbox 358 1602 463 1682; x_wconf 82' lang='lat' dir='ltr'><strong>Pyrgi</strong></span> <span class='ocrx_word' id='word_1_58' title='bbox 487 1613 630 1664; x_wconf 86' lang='lat' dir='ltr'><strong>veteres</strong></span> <span class='ocrx_word' id='word_1_59' title='bbox 653 1605 967 1682; x_wconf 84' lang='lat' dir='ltr'><strong>intempestaeque</strong></span> <span class='ocrx_word' id='word_1_60' title='bbox 991 1603 1200 1664; x_wconf 86' lang='lat' dir='ltr'><strong>Graviscae:</strong></span> 
     </span>
     <span class='ocr_line' id='line_1_12' title="bbox 107 1706 1409 1790; baseline 0.004 -23"><span class='ocrx_word' id='word_1_61' title='bbox 107 1716 222 1768; x_wconf 88' lang='lat' dir='ltr'><strong>namet</strong></span> <span class='ocrx_word' id='word_1_62' title='bbox 246 1706 371 1768; x_wconf 90' lang='lat' dir='ltr'><strong>hicnon</strong></span> <span class='ocrx_word' id='word_1_63' title='bbox 391 1708 515 1788; x_wconf 86' lang='lat' dir='ltr'><strong>nullius,</strong></span> <span class='ocrx_word' id='word_1_64' title='bbox 538 1709 589 1769; x_wconf 91' lang='lat' dir='ltr'><strong>sed</strong></span> <span class='ocrx_word' id='word_1_65' title='bbox 610 1709 701 1769; x_wconf 88' lang='lat' dir='ltr'><strong>malas</strong></span> <span class='ocrx_word' id='word_1_66' title='bbox 720 1710 904 1787; x_wconf 83' lang='lat' dir='ltr'><strong>tempestatis</strong></span> <span class='ocrx_word' id='word_1_67' title='bbox 922 1708 1064 1770; x_wconf 90' lang='lat' dir='ltr'><strong>dicuntur</strong></span> <span class='ocrx_word' id='word_1_68' title='bbox 1083 1710 1247 1771; x_wconf 85' lang='lat' dir='ltr'><strong>Graviscae.</strong></span> <span class='ocrx_word' id='word_1_69' title='bbox 1284 1714 1409 1790; x_wconf 92' lang='lat' dir='ltr'><strong>ponitur</strong></span> 
     </span>
     <span class='ocr_line' id='line_1_13' title="bbox 106 1809 1407 1897; baseline 0.004 -24"><span class='ocrx_word' id='word_1_70' title='bbox 106 1822 136 1873; x_wconf 87' lang='lat' dir='ltr'><strong>et</strong></span> <span class='ocrx_word' id='word_1_71' title='bbox 161 1832 216 1893; x_wconf 89' lang='lat' dir='ltr'><strong>pro</strong></span> <span class='ocrx_word' id='word_1_72' title='bbox 245 1814 384 1893; x_wconf 88' lang='lat' dir='ltr'><strong>quahtate</strong></span> <span class='ocrx_word' id='word_1_73' title='bbox 412 1815 589 1892; x_wconf 85' lang='lat' dir='ltr'><strong>ordinatisa,</strong></span> <span class='ocrx_word' id='word_1_74' title='bbox 621 1822 655 1874; x_wconf 81' lang='lat' dir='ltr'><strong>ut</strong></span> <span class='ocrx_word' id='word_1_75' title='bbox 686 1831 754 1874; x_wconf 89' lang='lat' dir='ltr'><strong>cnm</strong></span> <span class='ocrx_word' id='word_1_76' title='bbox 783 1813 909 1874; x_wconf 84' lang='lat' dir='ltr'><strong>dicimus</strong></span> <span class='ocrx_word' id='word_1_77' title='bbox 938 1809 1029 1894; x_wconf 77' lang='lat' dir='ltr'><strong>‘opus</strong></span> <span class='ocrx_word' id='word_1_78' title='bbox 1043 1817 1085 1879; x_wconf 87' lang='lat' dir='ltr'><strong>in</strong></span> <span class='ocrx_word' id='word_1_79' title='bbox 1115 1815 1179 1877; x_wconf 91' lang='lat' dir='ltr'><strong>dies</strong></span> <span class='ocrx_word' id='word_1_80' title='bbox 1207 1812 1340 1897; x_wconf 88' lang='lat' dir='ltr'><strong>crescit&#39;,</strong></span> <span class='ocrx_word' id='word_1_81' title='bbox 1372 1826 1407 1879; x_wconf 92' lang='lat' dir='ltr'><strong>ut</strong></span> 
     </span>
     <span class='ocr_line' id='line_1_14' title="bbox 106 1920 244 2000; baseline 0.022 -22"><span class='ocrx_word' id='word_1_82' title='bbox 106 1920 244 2000; x_wconf 86' lang='lat' dir='ltr'><strong>Virgilius</strong></span> 
     </span>
     <span class='ocr_line' id='line_1_15' title="bbox 67 2018 1226 2099; baseline 0.003 -21"><span class='ocrx_word' id='word_1_83' title='bbox 67 2031 92 2070; x_wconf 77' lang='lat'><strong>1⁵</strong></span> <span class='ocrx_word' id='word_1_84' title='bbox 304 2021 413 2098; x_wconf 89' lang='lat' dir='ltr'><strong>inque</strong></span> <span class='ocrx_word' id='word_1_85' title='bbox 437 2018 515 2079; x_wconf 90' lang='lat' dir='ltr'><strong>dies</strong></span> <span class='ocrx_word' id='word_1_86' title='bbox 537 2018 638 2080; x_wconf 85' lang='lat' dir='ltr'><strong>avide</strong></span> <span class='ocrx_word' id='word_1_87' title='bbox 663 2037 818 2099; x_wconf 77' lang='lat' dir='ltr'><strong>surgens</strong></span> <span class='ocrx_word' id='word_1_88' title='bbox 841 2027 948 2098; x_wconf 89' lang='lat' dir='ltr'><strong>eaput</strong></span> <span class='ocrx_word' id='word_1_89' title='bbox 970 2018 1081 2081; x_wconf 90' lang='lat' dir='ltr'><strong>altius</strong></span> <span class='ocrx_word' id='word_1_90' title='bbox 1105 2022 1226 2082; x_wconf 88' lang='lat' dir='ltr'><strong>eiiert.</strong></span> 
     </span>
     <span class='ocr_line' id='line_1_16' title="bbox 59 2104 1407 2210; baseline 0.004 -24"><span class='ocrx_word' id='word_1_91' title='bbox 59 2104 62 2111; x_wconf 38' lang='lat'>⁵</span> <span class='ocrx_word' id='word_1_92' title='bbox 105 2128 226 2205; x_wconf 90' lang='lat' dir='ltr'><strong>ponitur</strong></span> <span class='ocrx_word' id='word_1_93' title='bbox 254 2132 283 2185; x_wconf 93' lang='lat' dir='ltr'><strong>et</strong></span> <span class='ocrx_word' id='word_1_94' title='bbox 310 2144 365 2205; x_wconf 91' lang='lat' dir='ltr'><strong>pro</strong></span> <span class='ocrx_word' id='word_1_95' title='bbox 393 2127 487 2205; x_wconf 90' lang='lat' dir='ltr'><strong>spatio</strong></span> <span class='ocrx_word' id='word_1_96' title='bbox 516 2127 685 2207; x_wconf 87' lang='lat' dir='ltr'><strong>temporali,</strong></span> <span class='ocrx_word' id='word_1_97' title='bbox 713 2145 781 2187; x_wconf 91' lang='lat' dir='ltr'><strong>cum</strong></span> <span class='ocrx_word' id='word_1_98' title='bbox 808 2127 954 2205; x_wconf 84' lang='lat' dir='ltr'><strong>significat</strong></span> <span class='ocrx_word' id='word_1_99' title='bbox 983 2144 1077 2206; x_wconf 89' lang='lat' dir='ltr'><strong>usque</strong></span> <span class='ocrx_word' id='word_1_100' title='bbox 1106 2128 1215 2210; x_wconf 86' lang='lat' dir='ltr'><strong>adbuc,</strong></span> <span class='ocrx_word' id='word_1_101' title='bbox 1239 2149 1256 2186; x_wconf 71' lang='lat' dir='ltr'><strong>s</strong></span> <span class='ocrx_word' id='word_1_102' title='bbox 1279 2138 1313 2190; x_wconf 94' lang='lat' dir='ltr'><strong>ut</strong></span> <span class='ocrx_word' id='word_1_103' title='bbox 1340 2149 1407 2191; x_wconf 87' lang='lat' dir='ltr'><strong>cum</strong></span> 
     </span>
     <span class='ocr_line' id='line_1_17' title="bbox 105 2227 997 2314; baseline 0.002 -22"><span class='ocrx_word' id='word_1_104' title='bbox 105 2231 230 2294; x_wconf 91' lang='lat' dir='ltr'><strong>dicimus</strong></span> <span class='ocrx_word' id='word_1_105' title='bbox 254 2228 322 2294; x_wconf 82' lang='lat' dir='ltr'><strong>‘hoc</strong></span> <span class='ocrx_word' id='word_1_106' title='bbox 346 2251 454 2294; x_wconf 90' lang='lat' dir='ltr'><strong>munus</strong></span> <span class='ocrx_word' id='word_1_107' title='bbox 476 2235 508 2294; x_wconf 92' lang='lat' dir='ltr'><strong>in</strong></span> <span class='ocrx_word' id='word_1_108' title='bbox 532 2251 637 2313; x_wconf 92' lang='lat' dir='ltr'><strong>magno</strong></span> <span class='ocrx_word' id='word_1_109' title='bbox 661 2227 778 2314; x_wconf 86' lang='lat' dir='ltr'><strong>babeo’,</strong></span> <span class='ocrx_word' id='word_1_110' title='bbox 801 2241 835 2293; x_wconf 95' lang='lat' dir='ltr'><strong>ut</strong></span> <span class='ocrx_word' id='word_1_111' title='bbox 858 2232 997 2312; x_wconf 78' lang='lat' dir='ltr'><strong>Virgilius</strong></span> 
     </span>
     <span class='ocr_line' id='line_1_18' title="bbox 784 2339 1195 2418; baseline 0.01 -19"><span class='ocrx_word' id='word_1_112' title='bbox 784 2357 889 2418; x_wconf 89' lang='lat' dir='ltr'><strong>quem</strong></span> <span class='ocrx_word' id='word_1_113' title='bbox 911 2339 1089 2402; x_wconf 87' lang='lat' dir='ltr'><strong>Thracius</strong></span> <span class='ocrx_word' id='word_1_114' title='bbox 1112 2341 1195 2403; x_wconf 92' lang='lat' dir='ltr'><strong>olim</strong></span> 
     </span>
     <span class='ocr_line' id='line_1_19' title="bbox 293 2443 1245 2531; baseline 0.005 -26"><span class='ocrx_word' id='word_1_115' title='bbox 293 2446 471 2508; x_wconf 81' lang='lat' dir='ltr'><strong>Anchisae</strong></span> <span class='ocrx_word' id='word_1_116' title='bbox 495 2448 655 2525; x_wconf 84' lang='lat' dir='ltr'><strong>genitori</strong></span> <span class='ocrx_word' id='word_1_117' title='bbox 677 2449 712 2507; x_wconf 91' lang='lat' dir='ltr'><strong>in</strong></span> <span class='ocrx_word' id='word_1_118' title='bbox 736 2464 861 2526; x_wconf 89' lang='lat' dir='ltr'><strong>magno</strong></span> <span class='ocrx_word' id='word_1_119' title='bbox 885 2465 1036 2508; x_wconf 87' lang='lat' dir='ltr'><strong>munere</strong></span> <span class='ocrx_word' id='word_1_120' title='bbox 1061 2447 1219 2529; x_wconf 86' lang='lat' dir='ltr'><strong>Cisseus,</strong></span> <span class='ocrx_word' id='word_1_121' title='bbox 1241 2443 1245 2531; x_wconf 85' lang='grc' dir='ltr'>Ι</span> 
     </span>
     <span class='ocr_line' id='line_1_20' title="bbox 63 2549 1406 2640; baseline 0.008 -32"><span class='ocrx_word' id='word_1_122' title='bbox 63 2559 134 2612; x_wconf 77' lang='lat' dir='ltr'><strong>acet</strong></span> <span class='ocrx_word' id='word_1_123' title='bbox 157 2551 314 2614; x_wconf 84' lang='lat' dir='ltr'><strong>Sallustius</strong></span> <span class='ocrx_word' id='word_1_124' title='bbox 347 2555 377 2614; x_wconf 92' lang='lat' dir='ltr'><strong>in</strong></span> <span class='ocrx_word' id='word_1_125' title='bbox 405 2553 417 2613; x_wconf 92' lang='lat' dir='ltr'><strong>l</strong></span> <span class='ocrx_word' id='word_1_126' title='bbox 445 2553 636 2615; x_wconf 87' lang='lat' dir='ltr'><strong>historiarum</strong></span> <span class='ocrx_word' id='word_1_127' title='bbox 670 2549 722 2614; x_wconf 73' lang='lat' dir='ltr'><strong>‘et</strong></span> <span class='ocrx_word' id='word_1_128' title='bbox 753 2554 849 2614; x_wconf 88' lang='lat' dir='ltr'><strong>iacta</strong></span> <span class='ocrx_word' id='word_1_129' title='bbox 881 2555 916 2614; x_wconf 92' lang='lat' dir='ltr'><strong>in</strong></span> <span class='ocrx_word' id='word_1_130' title='bbox 948 2553 1065 2634; x_wconf 89' lang='lat' dir='ltr'><strong>gloria</strong></span> <span class='ocrx_word' id='word_1_131' title='bbox 1097 2565 1265 2617; x_wconf 89' lang='lat' dir='ltr'><strong>numeret</strong></span> <span class='ocrx_word' id='word_1_132' title='bbox 1296 2565 1344 2640; x_wconf 86' lang='lat' dir='ltr'><strong>et,</strong></span> <span class='ocrx_word' id='word_1_133' title='bbox 1376 2560 1406 2619; x_wconf 89' lang='lat' dir='ltr'><strong>si</strong></span> 
     </span>
     <span class='ocr_line' id='line_1_21' title="bbox 103 2655 571 2741; baseline 0.002 -22"><span class='ocrx_word' id='word_1_134' title='bbox 103 2658 225 2741; x_wconf 87' lang='lat' dir='ltr'><strong>liceat,</strong></span> <span class='ocrx_word' id='word_1_135' title='bbox 249 2660 388 2722; x_wconf 85' lang='lat' dir='ltr'><strong>avidius</strong></span> <span class='ocrx_word' id='word_1_136' title='bbox 412 2655 571 2721; x_wconf 87' lang='lat' dir='ltr'><strong>iecerit&#39;.</strong></span> 
     </span>
     <span class='ocr_line' id='line_1_22' title="bbox 192 2767 918 2849; baseline 0 -21"><span class='ocrx_word' id='word_1_137' title='bbox 192 2767 254 2828; x_wconf 92' lang='lat' dir='ltr'><strong>Sub</strong></span> <span class='ocrx_word' id='word_1_138' title='bbox 278 2770 456 2848; x_wconf 88' lang='lat' dir='ltr'><strong>praepositio</strong></span> <span class='ocrx_word' id='word_1_139' title='bbox 480 2769 626 2847; x_wconf 84' lang='lat' dir='ltr'><strong>siguificat</strong></span> <span class='ocrx_word' id='word_1_140' title='bbox 647 2767 734 2829; x_wconf 93' lang='lat' dir='ltr'><strong>modo</strong></span> <span class='ocrx_word' id='word_1_141' title='bbox 758 2785 861 2849; x_wconf 87' lang='lat' dir='ltr'><strong>supra,</strong></span> <span class='ocrx_word' id='word_1_142' title='bbox 885 2776 918 2828; x_wconf 89' lang='lat' dir='ltr'><strong>ut</strong></span> 
     </span>
     <span class='ocr_line' id='line_1_23' title="bbox 285 2873 1224 2939; baseline 0.003 -4"><span class='ocrx_word' id='word_1_143' title='bbox 285 2885 338 2936; x_wconf 88' lang='lat' dir='ltr'><strong>ter</strong></span> <span class='ocrx_word' id='word_1_144' title='bbox 362 2875 502 2935; x_wconf 79' lang='lat' dir='ltr'><strong>flamma</strong></span> <span class='ocrx_word' id='word_1_145' title='bbox 525 2874 564 2935; x_wconf 90' lang='lat' dir='ltr'><strong>ad</strong></span> <span class='ocrx_word' id='word_1_146' title='bbox 589 2892 762 2936; x_wconf 90' lang='lat' dir='ltr'><strong>summum</strong></span> <span class='ocrx_word' id='word_1_147' title='bbox 785 2877 876 2935; x_wconf 91' lang='lat' dir='ltr'><strong>tecti</strong></span> <span class='ocrx_word' id='word_1_148' title='bbox 899 2873 1065 2936; x_wconf 87' lang='lat' dir='ltr'><strong>subiecta</strong></span> <span class='ocrx_word' id='word_1_149' title='bbox 1089 2876 1224 2939; x_wconf 84' lang='lat' dir='ltr'><strong>reluxit</strong></span> 
     </span>
     <span class='ocr_line' id='line_1_24' title="bbox 103 2976 1404 3065; baseline 0.002 -23"><span class='ocrx_word' id='word_1_150' title='bbox 103 2990 133 3042; x_wconf 89' lang='lat' dir='ltr'><strong>et</strong></span> <span class='ocrx_word' id='word_1_151' title='bbox 160 2977 328 3061; x_wconf 74' lang='lat' dir='ltr'><strong>‘corpora</strong></span> <span class='ocrx_word' id='word_1_152' title='bbox 357 2982 451 3043; x_wconf 84' lang='lat' dir='ltr'><strong>saltu</strong></span> <span class='ocrx_word' id='word_1_153' title='bbox 480 2981 666 3042; x_wconf 90' lang='lat' dir='ltr'><strong>subiciunt</strong></span> <span class='ocrx_word' id='word_1_154' title='bbox 694 2983 727 3040; x_wconf 92' lang='lat' dir='ltr'><strong>in</strong></span> <span class='ocrx_word' id='word_1_155' title='bbox 757 2976 897 3061; x_wconf 84' lang='lat' dir='ltr'><strong>equos&#39;,</strong></span> <span class='ocrx_word' id='word_1_156' title='bbox 925 2980 955 3041; x_wconf 90' lang='lat' dir='ltr'><strong>id</strong></span> <span class='ocrx_word' id='word_1_157' title='bbox 983 2990 1029 3042; x_wconf 88' lang='lat' dir='ltr'><strong>est</strong></span> <span class='ocrx_word' id='word_1_158' title='bbox 1052 3000 1141 3062; x_wconf 89' lang='lat' dir='ltr'><strong>supra</strong></span> <span class='ocrx_word' id='word_1_159' title='bbox 1164 2985 1289 3065; x_wconf 89' lang='lat' dir='ltr'><strong>iaciuut;</strong></span> <span class='ocrx_word' id='word_1_160' title='bbox 1318 2984 1404 3045; x_wconf 90' lang='lat' dir='ltr'><strong>modo</strong></span> 
     </span>
    </p>
   </div>
   <div class='ocr_carea' id='block_1_3' title="bbox 61 3089 1186 3257">
    <p class='ocr_par' dir='ltr' id='par_1_3' title="bbox 61 3089 1186 3257">
     <span class='ocr_line' id='line_1_25' title="bbox 61 3089 251 3170; baseline 0.037 -28"><span class='ocrx_word' id='word_1_161' title='bbox 61 3102 88 3142; x_wconf 81' lang='lat' dir='ltr'><strong>so</strong></span> <span class='ocrx_word' id='word_1_162' title='bbox 103 3089 194 3170; x_wconf 83' lang='lat' dir='ltr'><strong>inira,</strong></span> <span class='ocrx_word' id='word_1_163' title='bbox 217 3097 251 3149; x_wconf 90' lang='lat' dir='ltr'><strong>ut</strong></span> 
     </span>
     <span class='ocr_line' id='line_1_26' title="bbox 739 3178 1186 3257; baseline 0.004 -20"><span class='ocrx_word' id='word_1_164' title='bbox 739 3178 958 3257; x_wconf 87' lang='lat' dir='ltr'><strong>caudamque</strong></span> <span class='ocrx_word' id='word_1_165' title='bbox 982 3178 1186 3240; x_wconf 87' lang='lat' dir='ltr'><strong>remulcens</strong></span> 
     </span>
    </p>
   </div>
   <div class='ocr_carea' id='block_1_4' title="bbox 102 3283 1403 3581">
    <p class='ocr_par' dir='ltr' id='par_1_4' title="bbox 102 3283 1403 3581">
     <span class='ocr_line' id='line_1_27' title="bbox 305 3283 1200 3365; baseline 0.001 -20"><span class='ocrx_word' id='word_1_166' title='bbox 305 3286 464 3348; x_wconf 90' lang='lat' dir='ltr'><strong>subiecit</strong></span> <span class='ocrx_word' id='word_1_167' title='bbox 487 3287 706 3365; x_wconf 86' lang='lat' dir='ltr'><strong>pavitantem</strong></span> <span class='ocrx_word' id='word_1_168' title='bbox 730 3293 836 3346; x_wconf 82' lang='lat' dir='ltr'><strong>utero</strong></span> <span class='ocrx_word' id='word_1_169' title='bbox 859 3283 1043 3364; x_wconf 89' lang='lat' dir='ltr'><strong>silvasque</strong></span> <span class='ocrx_word' id='word_1_170' title='bbox 1066 3287 1200 3365; x_wconf 86' lang='lat' dir='ltr'><strong>petivit</strong></span> 
     </span>
     <span class='ocr_line' id='line_1_28' title="bbox 102 3387 1403 3473; baseline 0.002 -21"><span class='ocrx_word' id='word_1_171' title='bbox 102 3402 132 3454; x_wconf 90' lang='lat' dir='ltr'><strong>et</strong></span> <span class='ocrx_word' id='word_1_172' title='bbox 160 3388 402 3473; x_wconf 74' lang='lat' dir='ltr'><strong>‘pedibusque</strong></span> <span class='ocrx_word' id='word_1_173' title='bbox 431 3402 591 3454; x_wconf 91' lang='lat' dir='ltr'><strong>rotarum</strong></span> <span class='ocrx_word' id='word_1_174' title='bbox 619 3390 806 3452; x_wconf 90' lang='lat' dir='ltr'><strong>subiciunt</strong></span> <span class='ocrx_word' id='word_1_175' title='bbox 832 3387 983 3471; x_wconf 89' lang='lat' dir='ltr'><strong>lapsus&#39;.</strong></span> <span class='ocrx_word' id='word_1_176' title='bbox 1033 3393 1178 3471; x_wconf 81' lang='lat' dir='ltr'><strong>significat</strong></span> <span class='ocrx_word' id='word_1_177' title='bbox 1210 3401 1240 3453; x_wconf 92' lang='lat' dir='ltr'><strong>et</strong></span> <span class='ocrx_word' id='word_1_178' title='bbox 1271 3402 1403 3473; x_wconf 88' lang='lat' dir='ltr'><strong>propter,</strong></span> 
     </span>
     <span class='ocr_line' id='line_1_29' title="bbox 102 3492 1257 3581; baseline 0 -22"><span class='ocrx_word' id='word_1_179' title='bbox 102 3509 136 3560; x_wconf 90' lang='lat' dir='ltr'><strong>ut</strong></span> <span class='ocrx_word' id='word_1_180' title='bbox 158 3495 243 3580; x_wconf 73' lang='lat' dir='ltr'><strong>‘quo</strong></span> <span class='ocrx_word' id='word_1_181' title='bbox 267 3500 394 3561; x_wconf 92' lang='lat' dir='ltr'><strong>deinde</strong></span> <span class='ocrx_word' id='word_1_182' title='bbox 419 3500 483 3561; x_wconf 88' lang='lat' dir='ltr'><strong>sub</strong></span> <span class='ocrx_word' id='word_1_183' title='bbox 507 3503 586 3581; x_wconf 91' lang='lat' dir='ltr'><strong>ipso</strong></span> <span class='ocrx_word' id='word_1_184' title='bbox 610 3517 692 3560; x_wconf 89' lang='lat' dir='ltr'><strong>ecce</strong></span> <span class='ocrx_word' id='word_1_185' title='bbox 716 3492 835 3558; x_wconf 85' lang='lat' dir='ltr'><strong>volat&#39;.</strong></span> <span class='ocrx_word' id='word_1_186' title='bbox 881 3501 1002 3578; x_wconf 93' lang='lat' dir='ltr'><strong>ponitur</strong></span> <span class='ocrx_word' id='word_1_187' title='bbox 1025 3509 1056 3560; x_wconf 90' lang='lat' dir='ltr'><strong>et</strong></span> <span class='ocrx_word' id='word_1_188' title='bbox 1077 3518 1132 3578; x_wconf 91' lang='lat' dir='ltr'><strong>pro</strong></span> <span class='ocrx_word' id='word_1_189' title='bbox 1155 3501 1200 3580; x_wconf 86' lang='lat' dir='ltr'><strong>in,</strong></span> <span class='ocrx_word' id='word_1_190' title='bbox 1223 3507 1257 3559; x_wconf 92' lang='lat' dir='ltr'><strong>ut</strong></span> 
     </span>
    </p>
   </div>
   <div class='ocr_carea' id='block_1_5' title="bbox 46 3651 1404 4128">
    <p class='ocr_par' dir='ltr' id='par_1_5' title="bbox 46 3651 1404 4128">
     <span class='ocr_line' id='line_1_30' title="bbox 193 3651 1404 3724; baseline 0 -15"><span class='ocrx_word' id='word_1_191' title='bbox 193 3654 283 3709; x_wconf 73' lang='lat' dir='ltr'><strong>Codex</strong></span> <span class='ocrx_word' id='word_1_192' title='bbox 301 3654 497 3724; x_wconf 72' lang='lat' dir='ltr'><strong>sangallensis.</strong></span> <span class='ocrx_word' id='word_1_193' title='bbox 535 3654 676 3709; x_wconf 74' lang='lat' dir='ltr'><strong>thubeut</strong></span> <span class='ocrx_word' id='word_1_194' title='bbox 755 3651 914 3706; x_wconf 72' lang='lat' dir='ltr'><strong>tendentem</strong></span> <span class='ocrx_word' id='word_1_195' title='bbox 994 3653 1137 3709; x_wconf 78' lang='lat' dir='ltr'><strong>Ssoillum</strong></span> <span class='ocrx_word' id='word_1_196' title='bbox 1221 3659 1253 3706; x_wconf 94' lang='lat'><strong>10</strong></span> <span class='ocrx_word' id='word_1_197' title='bbox 1272 3653 1404 3709; x_wconf 81' lang='lat' dir='ltr'><strong>deformis</strong></span> 
     </span>
     <span class='ocr_line' id='line_1_31' title="bbox 101 3731 1401 3805; baseline 0.002 -16"><span class='ocrx_word' id='word_1_198' title='bbox 101 3737 124 3789; x_wconf 86' lang='lat' dir='ltr'><strong>it</strong></span> <span class='ocrx_word' id='word_1_199' title='bbox 142 3739 171 3790; x_wconf 89' lang='lat' dir='ltr'><strong>et</strong></span> <span class='ocrx_word' id='word_1_200' title='bbox 187 3754 241 3805; x_wconf 90' lang='lat' dir='ltr'><strong>pur</strong></span> <span class='ocrx_word' id='word_1_201' title='bbox 259 3735 318 3789; x_wconf 88' lang='lat' dir='ltr'><strong>siue</strong></span> <span class='ocrx_word' id='word_1_202' title='bbox 335 3739 408 3790; x_wconf 87' lang='lat' dir='ltr'><strong>teres</strong></span> <span class='ocrx_word' id='word_1_203' title='bbox 431 3735 654 3804; x_wconf 84' lang='lat' dir='ltr'><strong>intempesteque</strong></span> <span class='ocrx_word' id='word_1_204' title='bbox 676 3731 786 3802; x_wconf 81' lang='lat' dir='ltr'><strong>ganists</strong></span> <span class='ocrx_word' id='word_1_205' title='bbox 814 3737 893 3800; x_wconf 83' lang='lat' dir='ltr'><strong>(corr.</strong></span> <span class='ocrx_word' id='word_1_206' title='bbox 917 3732 1051 3804; x_wconf 78' lang='lat' dir='ltr'><strong>granista)</strong></span> <span class='ocrx_word' id='word_1_207' title='bbox 1125 3741 1157 3789; x_wconf 86' lang='grc'><strong>12</strong></span> <span class='ocrx_word' id='word_1_208' title='bbox 1181 3735 1308 3805; x_wconf 77' lang='lat' dir='ltr'><strong>guuistue</strong></span> <span class='ocrx_word' id='word_1_209' title='bbox 1332 3752 1401 3791; x_wconf 81' lang='lat' dir='ltr'><strong>corr.</strong></span> 
     </span>
     <span class='ocr_line' id='line_1_32' title="bbox 100 3812 1400 3886; baseline -0.001 -16"><span class='ocrx_word' id='word_1_210' title='bbox 100 3815 241 3885; x_wconf 79' lang='lat' dir='ltr'><strong>graciolae</strong></span> <span class='ocrx_word' id='word_1_211' title='bbox 313 3815 425 3886; x_wconf 84' lang='lat' dir='ltr'><strong>ponitur</strong></span> <span class='ocrx_word' id='word_1_212' title='bbox 443 3831 493 3885; x_wconf 87' lang='lat' dir='ltr'><strong>pro</strong></span> <span class='ocrx_word' id='word_1_213' title='bbox 567 3820 599 3868; x_wconf 84' lang='grc'><strong>18</strong></span> <span class='ocrx_word' id='word_1_214' title='bbox 618 3815 651 3867; x_wconf 89' lang='lat' dir='ltr'><strong>ut</strong></span> <span class='ocrx_word' id='word_1_215' title='bbox 665 3813 759 3882; x_wconf 79' lang='lat' dir='ltr'><strong>priore</strong></span> <span class='ocrx_word' id='word_1_216' title='bbox 777 3813 834 3866; x_wconf 88' lang='lat' dir='ltr'><strong>loeo</strong></span> <span class='ocrx_word' id='word_1_217' title='bbox 852 3829 903 3867; x_wconf 83' lang='lat' dir='ltr'><strong>om.</strong></span> <span class='ocrx_word' id='word_1_218' title='bbox 976 3819 1008 3866; x_wconf 83' lang='grc'><strong>17</strong></span> <span class='ocrx_word' id='word_1_219' title='bbox 1024 3813 1114 3869; x_wconf 81' lang='lat' dir='ltr'><strong>babeo</strong></span> <span class='ocrx_word' id='word_1_220' title='bbox 1130 3812 1256 3884; x_wconf 86' lang='lat' dir='ltr'><strong>uirgilius</strong></span> <span class='ocrx_word' id='word_1_221' title='bbox 1271 3817 1400 3885; x_wconf 86' lang='lat' dir='ltr'><strong>utquam</strong></span> 
     </span>
     <span class='ocr_line' id='line_1_33' title="bbox 100 3881 1401 3965; baseline -0.002 -15"><span class='ocrx_word' id='word_1_222' title='bbox 100 3895 201 3951; x_wconf 77' lang='lat' dir='ltr'><strong>trebius</strong></span> <span class='ocrx_word' id='word_1_223' title='bbox 277 3903 311 3949; x_wconf 87' lang='grc'><strong>20</strong></span> <span class='ocrx_word' id='word_1_224' title='bbox 339 3895 485 3950; x_wconf 80' lang='lat' dir='ltr'><strong>historiam</strong></span> <span class='ocrx_word' id='word_1_225' title='bbox 566 3900 600 3948; x_wconf 86' lang='grc'><strong>28</strong></span> <span class='ocrx_word' id='word_1_226' title='bbox 628 3893 683 3964; x_wconf 83' lang='lat' dir='ltr'><strong>ter]</strong></span> <span class='ocrx_word' id='word_1_227' title='bbox 711 3894 755 3946; x_wconf 78' lang='lat' dir='ltr'><strong>tei</strong></span> <span class='ocrx_word' id='word_1_228' title='bbox 836 3881 871 3946; x_wconf 74' lang='grc'><strong>24</strong></span> <span class='ocrx_word' id='word_1_229' title='bbox 896 3893 984 3946; x_wconf 81' lang='lat' dir='ltr'><strong>saltus</strong></span> <span class='ocrx_word' id='word_1_230' title='bbox 1063 3893 1182 3965; x_wconf 82' lang='lat' dir='ltr'><strong>iaciunt]</strong></span> <span class='ocrx_word' id='word_1_231' title='bbox 1206 3892 1296 3949; x_wconf 73' lang='lat' dir='ltr'><strong>insoni</strong></span> <span class='ocrx_word' id='word_1_232' title='bbox 1367 3900 1401 3948; x_wconf 89' lang='grc'><strong>26</strong></span> 
     </span>
     <span class='ocr_line' id='line_1_34' title="bbox 100 3972 1329 4046; baseline -0.003 -15"><span class='ocrx_word' id='word_1_233' title='bbox 100 3976 253 4046; x_wconf 71' lang='lat' dir='ltr'><strong>cedamque</strong></span> <span class='ocrx_word' id='word_1_234' title='bbox 334 3981 368 4030; x_wconf 82' lang='grc'><strong>27</strong></span> <span class='ocrx_word' id='word_1_235' title='bbox 388 3973 521 4030; x_wconf 89' lang='lat' dir='ltr'><strong>subiectit</strong></span> <span class='ocrx_word' id='word_1_236' title='bbox 598 3976 677 4028; x_wconf 82' lang='lat' dir='ltr'><strong>utero</strong></span> <span class='ocrx_word' id='word_1_237' title='bbox 696 3989 746 4027; x_wconf 77' lang='lat' dir='ltr'><strong>om,</strong></span> <span class='ocrx_word' id='word_1_238' title='bbox 832 3977 866 4026; x_wconf 87' lang='grc'><strong>28</strong></span> <span class='ocrx_word' id='word_1_239' title='bbox 885 3972 1036 4044; x_wconf 82' lang='lat' dir='ltr'><strong>significat]</strong></span> <span class='ocrx_word' id='word_1_240' title='bbox 1056 3972 1135 4043; x_wconf 85' lang='lat' dir='ltr'><strong>ignes</strong></span> <span class='ocrx_word' id='word_1_241' title='bbox 1153 3989 1222 4028; x_wconf 87' lang='lat' dir='ltr'><strong>oorr.</strong></span> <span class='ocrx_word' id='word_1_242' title='bbox 1241 3972 1329 4044; x_wconf 88' lang='lat' dir='ltr'><strong>siguis</strong></span> 
     </span>
     <span class='ocr_line' id='line_1_35' title="bbox 46 4057 314 4128; baseline -0.004 -18"><span class='ocrx_word' id='word_1_243' title='bbox 46 4071 48 4074; x_wconf 82' lang='lat'>·</span> <span class='ocrx_word' id='word_1_244' title='bbox 99 4063 133 4111; x_wconf 80' lang='grc'><strong>29</strong></span> <span class='ocrx_word' id='word_1_245' title='bbox 153 4057 220 4128; x_wconf 89' lang='lat' dir='ltr'><strong>quo]</strong></span> <span class='ocrx_word' id='word_1_246' title='bbox 240 4057 314 4125; x_wconf 89' lang='lat' dir='ltr'><strong>quod</strong></span> 
     </span>
    </p>
   </div>
   <div class='ocr_carea' id='block_1_6' title="bbox 95 4194 1400 4911">
    <p class='ocr_par' dir='ltr' id='par_1_6' title="bbox 95 4194 1400 4911">
     <span class='ocr_line' id='line_1_36' title="bbox 188 4194 1329 4268; baseline -0.002 -16"><span class='ocrx_word' id='word_1_247' title='bbox 188 4202 309 4266; x_wconf 65' lang='lat' dir='ltr'><strong>batque</strong></span> <span class='ocrx_word' id='word_1_248' title='bbox 336 4198 414 4268; x_wconf 89' lang='lat' dir='ltr'><strong>huie]</strong></span> <span class='ocrx_word' id='word_1_249' title='bbox 449 4197 524 4266; x_wconf 79' lang='lat' dir='ltr'><strong>Verg.</strong></span> <span class='ocrx_word' id='word_1_250' title='bbox 544 4197 613 4251; x_wconf 77' lang='lat' dir='ltr'><strong>Aen.</strong></span> <span class='ocrx_word' id='word_1_251' title='bbox 634 4195 708 4248; x_wconf 85' lang='lat' dir='ltr'><strong>XII</strong></span> <span class='ocrx_word' id='word_1_252' title='bbox 724 4200 783 4251; x_wconf 87' lang='grc'><strong>623</strong></span> <span class='ocrx_word' id='word_1_253' title='bbox 863 4194 995 4265; x_wconf 78' lang='lat' dir='ltr'><strong>tuosoo]</strong></span> <span class='ocrx_word' id='word_1_254' title='bbox 1020 4194 1097 4264; x_wconf 82' lang='lat' dir='ltr'><strong>Verp.</strong></span> <span class='ocrx_word' id='word_1_255' title='bbox 1116 4196 1185 4248; x_wconf 79' lang='lat' dir='ltr'><strong>Aen.</strong></span> <span class='ocrx_word' id='word_1_256' title='bbox 1210 4195 1329 4250; x_wconf 75' lang='lat' dir='ltr'><strong>Vrsae</strong></span> 
     </span>
     <span class='ocr_line' id='line_1_37' title="bbox 100 4273 1399 4348; baseline -0.002 -15"><span class='ocrx_word' id='word_1_257' title='bbox 100 4285 219 4346; x_wconf 75' lang='lat' dir='ltr'><strong>tquam</strong></span> <span class='ocrx_word' id='word_1_258' title='bbox 238 4278 337 4348; x_wconf 86' lang='lat' dir='ltr'><strong>semel]</strong></span> <span class='ocrx_word' id='word_1_259' title='bbox 362 4278 438 4347; x_wconf 79' lang='lat' dir='ltr'><strong>Verp.</strong></span> <span class='ocrx_word' id='word_1_260' title='bbox 458 4281 527 4330; x_wconf 82' lang='lat' dir='ltr'><strong>Aen.</strong></span> <span class='ocrx_word' id='word_1_261' title='bbox 548 4276 679 4329; x_wconf 76' lang='lat'><strong><em>111431</em></strong></span> <span class='ocrx_word' id='word_1_262' title='bbox 763 4281 794 4329; x_wconf 91' lang='grc'><strong>11</strong></span> <span class='ocrx_word' id='word_1_263' title='bbox 823 4276 853 4329; x_wconf 86' lang='lat' dir='ltr'><strong>st</strong></span> <span class='ocrx_word' id='word_1_264' title='bbox 878 4273 976 4346; x_wconf 85' lang='lat' dir='ltr'><strong>Pyrgi]</strong></span> <span class='ocrx_word' id='word_1_265' title='bbox 1005 4274 1081 4344; x_wconf 78' lang='lat' dir='ltr'><strong>Verg.</strong></span> <span class='ocrx_word' id='word_1_266' title='bbox 1101 4275 1170 4329; x_wconf 81' lang='lat' dir='ltr'><strong>Aen.</strong></span> <span class='ocrx_word' id='word_1_267' title='bbox 1191 4275 1222 4329; x_wconf 87' lang='grc' dir='ltr'>Χ</span> <span class='ocrx_word' id='word_1_268' title='bbox 1239 4280 1293 4329; x_wconf 74' lang='grc'><strong>184</strong></span> <span class='ocrx_word' id='word_1_269' title='bbox 1366 4283 1399 4331; x_wconf 79' lang='lat'><strong>15</strong></span> 
     </span>
     <span class='ocr_line' id='line_1_38' title="bbox 99 4353 1400 4430; baseline -0.002 -18"><span class='ocrx_word' id='word_1_270' title='bbox 99 4359 195 4430; x_wconf 87' lang='lat' dir='ltr'><strong>inque]</strong></span> <span class='ocrx_word' id='word_1_271' title='bbox 221 4360 297 4428; x_wconf 79' lang='lat' dir='ltr'><strong>Verg.</strong></span> <span class='ocrx_word' id='word_1_272' title='bbox 317 4375 404 4428; x_wconf 75' lang='lat' dir='ltr'><strong>georg.</strong></span> <span class='ocrx_word' id='word_1_273' title='bbox 425 4358 488 4410; x_wconf 87' lang='grc' dir='ltr'><strong>ΙΙΙ</strong></span> <span class='ocrx_word' id='word_1_274' title='bbox 505 4361 560 4412; x_wconf 86' lang='grc'><strong>553</strong></span> <span class='ocrx_word' id='word_1_275' title='bbox 632 4363 665 4411; x_wconf 82' lang='lat' dir='ltr'><strong>tc</strong></span> <span class='ocrx_word' id='word_1_276' title='bbox 684 4370 771 4426; x_wconf 88' lang='lat' dir='ltr'><strong>usquc</strong></span> <span class='ocrx_word' id='word_1_277' title='bbox 789 4354 894 4422; x_wconf 72' lang='lat' dir='ltr'><strong>adhue,</strong></span> <span class='ocrx_word' id='word_1_278' title='bbox 922 4358 954 4408; x_wconf 89' lang='lat' dir='ltr'><strong>ut</strong></span> <span class='ocrx_word' id='word_1_279' title='bbox 980 4371 1042 4409; x_wconf 89' lang='lat' dir='ltr'><strong>oum</strong></span> <span class='ocrx_word' id='word_1_280' title='bbox 1071 4353 1189 4409; x_wconf 83' lang='lat' dir='ltr'><strong>dicimus</strong></span> <span class='ocrx_word' id='word_1_281' title='bbox 1216 4372 1234 4409; x_wconf 80' lang='lat' dir='ltr'><strong>a</strong></span> <span class='ocrx_word' id='word_1_282' title='bbox 1261 4371 1343 4409; x_wconf 80' lang='lat' dir='ltr'><strong>mana</strong></span> <span class='ocrx_word' id='word_1_283' title='bbox 1371 4355 1400 4410; x_wconf 91' lang='lat' dir='ltr'><strong>in</strong></span> 
     </span>
     <span class='ocr_line' id='line_1_39' title="bbox 99 4433 1400 4508; baseline -0.003 -15"><span class='ocrx_word' id='word_1_284' title='bbox 99 4442 223 4507; x_wconf 88' lang='lat' dir='ltr'><strong>noctem,</strong></span> <span class='ocrx_word' id='word_1_285' title='bbox 251 4442 283 4493; x_wconf 88' lang='lat' dir='ltr'><strong>ut</strong></span> <span class='ocrx_word' id='word_1_286' title='bbox 309 4439 384 4508; x_wconf 83' lang='lat' dir='ltr'><strong>apud</strong></span> <span class='ocrx_word' id='word_1_287' title='bbox 402 4436 551 4507; x_wconf 86' lang='lat' dir='ltr'><strong>Virgilium</strong></span> <span class='ocrx_word' id='word_1_288' title='bbox 582 4436 664 4492; x_wconf 87' lang='lat' dir='ltr'><strong>‘iclix</strong></span> <span class='ocrx_word' id='word_1_289' title='bbox 692 4434 716 4489; x_wconf 92' lang='lat' dir='ltr'><strong>si</strong></span> <span class='ocrx_word' id='word_1_290' title='bbox 742 4435 868 4505; x_wconf 87' lang='lat' dir='ltr'><strong>protinus</strong></span> <span class='ocrx_word' id='word_1_291' title='bbox 891 4434 970 4490; x_wconf 88' lang='lat' dir='ltr'><strong>illum</strong></span> <span class='ocrx_word' id='word_1_292' title='bbox 994 4438 1141 4503; x_wconf 78' lang='lat' dir='ltr'><strong>aequasset</strong></span> <span class='ocrx_word' id='word_1_293' title='bbox 1159 4433 1235 4490; x_wconf 85' lang='lat' dir='ltr'><strong>noeti</strong></span> <span class='ocrx_word' id='word_1_294' title='bbox 1253 4435 1351 4489; x_wconf 89' lang='lat' dir='ltr'><strong>ludum</strong></span> <span class='ocrx_word' id='word_1_295' title='bbox 1370 4435 1400 4489; x_wconf 90' lang='lat' dir='ltr'><strong>in</strong></span> 
     </span>
     <span class='ocr_line' id='line_1_40' title="bbox 99 4513 1400 4589; baseline -0.005 -15"><span class='ocrx_word' id='word_1_296' title='bbox 99 4520 245 4589; x_wconf 80' lang='lat' dir='ltr'><strong>lucemque</strong></span> <span class='ocrx_word' id='word_1_297' title='bbox 263 4518 397 4574; x_wconf 84' lang='lat' dir='ltr'><strong>tulisset’.</strong></span> <span class='ocrx_word' id='word_1_298' title='bbox 417 4516 531 4587; x_wconf 84' lang='lat' dir='ltr'><strong>ponitur</strong></span> <span class='ocrx_word' id='word_1_299' title='bbox 549 4520 578 4571; x_wconf 89' lang='lat' dir='ltr'><strong>et</strong></span> <span class='ocrx_word' id='word_1_300' title='bbox 595 4532 646 4586; x_wconf 84' lang='lat' dir='ltr'><strong>pro</strong></span> <span class='ocrx_word' id='word_1_301' title='bbox 663 4515 870 4584; x_wconf 73' lang='lat' dir='ltr'><strong>praepositione</strong></span> <span class='ocrx_word' id='word_1_302' title='bbox 889 4531 953 4585; x_wconf 91' lang='lat' dir='ltr'><strong>pro,</strong></span> <span class='ocrx_word' id='word_1_303' title='bbox 972 4516 1005 4568; x_wconf 89' lang='lat' dir='ltr'><strong>ut</strong></span> <span class='ocrx_word' id='word_1_304' title='bbox 1023 4531 1084 4569; x_wconf 88' lang='lat' dir='ltr'><strong>cum</strong></span> <span class='ocrx_word' id='word_1_305' title='bbox 1100 4513 1218 4569; x_wconf 86' lang='lat' dir='ltr'><strong>dicimus</strong></span> <span class='ocrx_word' id='word_1_306' title='bbox 1231 4515 1285 4568; x_wconf 91' lang='lat' dir='ltr'><strong>hoc</strong></span> <span class='ocrx_word' id='word_1_307' title='bbox 1299 4532 1400 4568; x_wconf 90' lang='lat' dir='ltr'><strong>munus</strong></span> 
     </span>
     <span class='ocr_line' id='line_1_41' title="bbox 99 4594 1398 4669; baseline -0.004 -14"><span class='ocrx_word' id='word_1_308' title='bbox 99 4601 242 4655; x_wconf 73' lang='lat' dir='ltr'><strong>Diornedes</strong></span> <span class='ocrx_word' id='word_1_309' title='bbox 256 4617 285 4669; x_wconf 84' lang='lat' dir='ltr'><strong>p.</strong></span> <span class='ocrx_word' id='word_1_310' title='bbox 305 4604 408 4664; x_wconf 70' lang='grc'><strong>41212</strong></span> <span class='ocrx_word' id='word_1_311' title='bbox 482 4604 514 4652; x_wconf 91' lang='grc'><strong>18</strong></span> <span class='ocrx_word' id='word_1_312' title='bbox 535 4613 617 4666; x_wconf 87' lang='lat' dir='ltr'><strong>quem</strong></span> <span class='ocrx_word' id='word_1_313' title='bbox 637 4594 784 4666; x_wconf 81' lang='lat' dir='ltr'><strong>Thracius]</strong></span> <span class='ocrx_word' id='word_1_314' title='bbox 809 4595 886 4666; x_wconf 79' lang='lat' dir='ltr'><strong>Verg.</strong></span> <span class='ocrx_word' id='word_1_315' title='bbox 906 4595 974 4650; x_wconf 78' lang='lat' dir='ltr'><strong>Am.</strong></span> <span class='ocrx_word' id='word_1_316' title='bbox 1000 4595 1093 4650; x_wconf 84' lang='lat' dir='ltr'><em>V536</em></span> <span class='ocrx_word' id='word_1_317' title='bbox 1162 4594 1398 4665; x_wconf 68' lang='lat' dir='ltr'><strong>escambium.</strong></span> 
     </span>
     <span class='ocr_line' id='line_1_42' title="bbox 95 4675 1399 4749; baseline -0.004 -15"><span class='ocrx_word' id='word_1_318' title='bbox 95 4699 124 4749; x_wconf 85' lang='lat' dir='ltr'><strong>p.</strong></span> <span class='ocrx_word' id='word_1_319' title='bbox 140 4680 462 4745; x_wconf 72' lang='lat' dir='ltr'><strong>412,23Bedudeortb.</strong></span> <span class='ocrx_word' id='word_1_320' title='bbox 474 4697 503 4748; x_wconf 85' lang='lat' dir='ltr'><strong>p.</strong></span> <span class='ocrx_word' id='word_1_321' title='bbox 518 4682 623 4744; x_wconf 81' lang='lat'><strong><em>288,19</em></strong></span> <span class='ocrx_word' id='word_1_322' title='bbox 695 4682 729 4730; x_wconf 83' lang='grc'><strong>28</strong></span> <span class='ocrx_word' id='word_1_323' title='bbox 743 4675 788 4731; x_wconf 88' lang='lat' dir='ltr'><strong>ter</strong></span> <span class='ocrx_word' id='word_1_324' title='bbox 801 4675 925 4748; x_wconf 74' lang='lat' dir='ltr'><strong>flumme]</strong></span> <span class='ocrx_word' id='word_1_325' title='bbox 946 4675 1022 4745; x_wconf 78' lang='lat' dir='ltr'><strong>Verg.</strong></span> <span class='ocrx_word' id='word_1_326' title='bbox 1036 4690 1123 4745; x_wconf 78' lang='lat' dir='ltr'><strong>georg.</strong></span> <span class='ocrx_word' id='word_1_327' title='bbox 1140 4675 1292 4729; x_wconf 85' lang='grc'><strong>1111385</strong></span> <span class='ocrx_word' id='word_1_328' title='bbox 1364 4681 1399 4729; x_wconf 84' lang='grc'><strong>24</strong></span> 
     </span>
     <span class='ocr_line' id='line_1_43' title="bbox 99 4754 1398 4831; baseline -0.005 -16"><span class='ocrx_word' id='word_1_329' title='bbox 99 4759 228 4831; x_wconf 81' lang='lat' dir='ltr'><strong>corpora]</strong></span> <span class='ocrx_word' id='word_1_330' title='bbox 244 4759 321 4829; x_wconf 81' lang='lat' dir='ltr'><strong>Verp.</strong></span> <span class='ocrx_word' id='word_1_331' title='bbox 331 4761 400 4814; x_wconf 79' lang='lat' dir='ltr'><strong>Aeo.</strong></span> <span class='ocrx_word' id='word_1_332' title='bbox 413 4759 487 4812; x_wconf 87' lang='lat' dir='ltr'><strong>XII</strong></span> <span class='ocrx_word' id='word_1_333' title='bbox 493 4763 552 4814; x_wconf 85' lang='grc'><strong>287</strong></span> <span class='ocrx_word' id='word_1_334' title='bbox 592 4763 627 4812; x_wconf 84' lang='grc'><strong>26</strong></span> <span class='ocrx_word' id='word_1_335' title='bbox 637 4755 822 4828; x_wconf 74' lang='lat' dir='ltr'><strong>modumque]</strong></span> <span class='ocrx_word' id='word_1_336' title='bbox 838 4755 915 4826; x_wconf 79' lang='lat' dir='ltr'><strong>Verg.</strong></span> <span class='ocrx_word' id='word_1_337' title='bbox 926 4757 996 4811; x_wconf 79' lang='lat' dir='ltr'><strong>Aeo.</strong></span> <span class='ocrx_word' id='word_1_338' title='bbox 1007 4755 1060 4809; x_wconf 88' lang='lat' dir='ltr'><strong>XI</strong></span> <span class='ocrx_word' id='word_1_339' title='bbox 1068 4759 1125 4810; x_wconf 84' lang='grc'><strong>812</strong></span> <span class='ocrx_word' id='word_1_340' title='bbox 1169 4760 1203 4809; x_wconf 90' lang='grc'><strong>28</strong></span> <span class='ocrx_word' id='word_1_341' title='bbox 1212 4754 1398 4825; x_wconf 83' lang='lat' dir='ltr'><strong>pedibusque]</strong></span> 
     </span>
     <span class='ocr_line' id='line_1_44' title="bbox 105 4834 1398 4911; baseline 0 -17"><span class='ocrx_word' id='word_1_342' title='bbox 105 4841 182 4911; x_wconf 79' lang='lat' dir='ltr'><strong>Verg.</strong></span> <span class='ocrx_word' id='word_1_343' title='bbox 193 4842 262 4895; x_wconf 80' lang='lat' dir='ltr'><strong>Aeo.</strong></span> <span class='ocrx_word' id='word_1_344' title='bbox 273 4841 379 4895; x_wconf 82' lang='grc'><strong>11235</strong></span> <span class='ocrx_word' id='word_1_345' title='bbox 415 4839 555 4910; x_wconf 82' lang='lat' dir='ltr'><strong>signifieat</strong></span> <span class='ocrx_word' id='word_1_346' title='bbox 568 4840 598 4893; x_wconf 86' lang='lat' dir='ltr'><strong>et</strong></span> <span class='ocrx_word' id='word_1_347' title='bbox 610 4853 696 4908; x_wconf 87' lang='lat' dir='ltr'><strong>prope</strong></span> <span class='ocrx_word' id='word_1_348' title='bbox 704 4836 848 4893; x_wconf 57' lang='lat' dir='ltr'><strong>Dionaea</strong></span> <span class='ocrx_word' id='word_1_349' title='bbox 856 4835 968 4892; x_wconf 80' lang='lat' dir='ltr'><strong>ctBedo</strong></span> <span class='ocrx_word' id='word_1_350' title='bbox 1004 4840 1038 4890; x_wconf 83' lang='grc'><strong>22</strong></span> <span class='ocrx_word' id='word_1_351' title='bbox 1051 4835 1121 4908; x_wconf 90' lang='lat' dir='ltr'><strong>quo]</strong></span> <span class='ocrx_word' id='word_1_352' title='bbox 1135 4835 1212 4905; x_wconf 79' lang='lat' dir='ltr'><strong>Verg.</strong></span> <span class='ocrx_word' id='word_1_353' title='bbox 1223 4836 1293 4892; x_wconf 79' lang='lat' dir='ltr'><strong>Aen.</strong></span> <span class='ocrx_word' id='word_1_354' title='bbox 1308 4834 1398 4893; x_wconf 77' lang='lat' dir='ltr'><strong><em>V323</em></strong></span> 
     </span>
    </p>
   </div>
   <div class='ocr_carea' id='block_1_7' title="bbox 0 0 1662 5474">
    <p class='ocr_par' dir='ltr' id='par_1_7' title="bbox 0 0 1662 5474">
     <span class='ocr_line' id='line_1_45' title="bbox 0 0 1662 5474; baseline 0 3"><span class='ocrx_word' id='word_1_355' title='bbox 0 0 1662 5474; x_wconf 95' lang='lat' dir='ltr'><strong> </strong></span> 
     </span>
    </p>
   </div>
  </div>
 </body>
</html>
