3316 5474
223 385 290 450 340
791 382 950 438 Avuncrs

224 487 376 537 amum

223 573 377 634 animum
402 565 561 651 qnoque'
585 579 615 630 et
639 566 771 630 ‘omnia
799 571 913 630 vincit
940 563 1062 630 amor'.
1099 579 1200 650 posset
1223 573 1323 650 itaque
1348 588 1414 630 esse
1438 571 1528 630 etiam

225 697 329 740 uersus
352 698 387 740 ex
410 677 534 760 dactylis
558 697 623 759 sex,
647 679 672 737 si
695 677 782 738 moto
806 678 924 739 metrici
946 677 1150 759 admitterent,
1172 677 1264 738 veluti
1286 677 1385 738 dictus
1403 686 1450 738 est
1468 676 1528 760 ille,

481 787 594 846 interea
618 793 722 845 tenero
747 782 819 845 mihi
841 783 950 846 bucula
971 802 1094 864 pascere
1118 786 1265 866 gramine,

223 896 294 955 item
544 873 549 885 ¹

437 1005 467 1060 at
489 997 560 1060 tuba
584 997 748 1060 terribilem
772 999 902 1060 sonitum
925 998 1030 1078 procul
1053 1000 1163 1059 excitat
1185 998 1312 1059 horrida
1542 1013 1557 1053 s

129 1164 205 1215 erere
314 1140 356 1201 ne
371 1143 512 1203 caesuris.
536 1142 616 1214 Quot
634 1149 705 1202 sunt
723 1143 838 1222 species
857 1143 887 1202 in
903 1158 1026 1202 caesura
1039 1140 1203 1202 hexametri
1217 1138 1344 1202 versus?
1371 1141 1528 1212 Quattuor.

224 1248 305 1319 Quae
329 1245 421 1309 sunt?
459 1248 657 1331 Coniunctus,
681 1248 849 1330 districtus,
873 1250 997 1329 mixtus,
1020 1247 1140 1308 divisus.
1178 1247 1361 1309 Coniunctus
1385 1249 1436 1328 qui
1460 1245 1530 1310 est?

224 1355 282 1426 Qui
304 1357 336 1416 iu
359 1355 528 1416 scandendo
551 1357 591 1415 ita
613 1363 825 1416 concatenatus
844 1352 902 1414 sihi
921 1361 981 1435 est,
1004 1361 1038 1414 ut
1056 1372 1203 1433 nusquam
1222 1356 1305 1415 linito
1325 1373 1415 1415 sensu
1434 1355 1528 1415 divisa

223 1463 302 1522 iuter
334 1481 366 1523 se
399 1461 487 1523 verba
520 1470 681 1545 ponantur,
718 1460 797 1541 quod
829 1478 924 1541 genus
956 1460 1181 1522 versificationis
1214 1459 1358 1522 laudabile
1390 1459 1529 1544 hahetur,

223 1568 314 1631 veluti
337 1578 384 1630 est
1544 1582 1570 1622 ro

450 1677 633 1738 infandum
657 1678 783 1755 regina
805 1672 909 1736 iubes
933 1692 1108 1735 renovare
1131 1674 1300 1735 dolorem.

224 1784 281 1855 Qui
304 1779 480 1845 districtus?
517 1783 575 1855 Qui
598 1786 629 1843 iu
652 1782 821 1843 scandendo
845 1799 966 1842 sensum
994 1800 1048 1842 seu
1076 1791 1177 1862 partes
1206 1782 1348 1842 orationis
1376 1789 1528 1861 separatas

223 1889 325 1970 hahet,
348 1900 382 1951 ut
404 1899 475 1971 puta
499 1890 589 1951 veluti

458 1997 505 2058 dic
529 1997 613 2078 mihi,
637 1996 713 2076 Clio,
737 1998 873 2075 quisnam
895 1997 1010 2076 primus
1033 1997 1145 2076 lingere
1169 2013 1282 2056 versus.

224 2103 282 2174 Qui
309 2099 441 2163 mixtus?
482 2104 539 2175 Qui
568 2112 728 2183 utrumque
756 2105 787 2163 in
815 2122 847 2163 se
880 2101 981 2176 hahet,
1014 2110 1048 2163 ut
1075 2104 1106 2162 iu
1134 2101 1310 2182 quibusdam
1341 2104 1529 2184 coniunctus,
1545 2118 1571 2156 1⁵

223 2212 254 2270 in
277 2209 454 2289 quibusdam
478 2217 630 2290 separatus
655 2211 706 2288 sit,
730 2218 763 2269 ut
786 2218 856 2288 puta

388 2315 445 2376 hic
469 2334 601 2376 currus
625 2316 708 2395 luit,
731 2313 796 2375 hoc
820 2332 970 2394 regnum
993 2314 1057 2375 dea
1079 2314 1252 2394 gentibus
1275 2335 1363 2377 esse.

224 2422 282 2494 Qui
310 2419 445 2484 divisus?
486 2422 543 2494 Qui
574 2424 604 2482 iu
631 2424 752 2501 priapeo
781 2419 1018 2502 deprehenditur
1047 2430 1152 2482 metro.
1194 2422 1286 2493 Orrale
1320 2433 1367 2484 est
1399 2431 1528 2485 metrum

224 2525 400 2610 priapeum?
420 2524 425 2608 Ι
445 2528 520 2590 Cum
544 2533 575 2589 io
599 2528 770 2590 hexametro
798 2546 887 2589 versu
915 2529 1004 2607 primi
1032 2536 1094 2589 tres
1121 2529 1213 2609 pedes
1241 2531 1426 2591 concatenati
1448 2534 1528 2590 inter

224 2654 269 2717 se,
292 2655 309 2695 a
332 2635 456 2715 reliquis
480 2634 575 2697 trihus
599 2635 793 2714 sequentihus
821 2635 907 2696 divisi
937 2638 1125 2716 separatique
1154 2646 1236 2719 sunt,
1264 2646 1298 2699 ut
1324 2640 1357 2699 in
1384 2636 1571 2698 bucolicis2⁰

384 2751 443 2803 aut
466 2744 603 2804 Ararim
627 2742 783 2803 Parthus
806 2740 907 2802 hibet
929 2751 993 2802 aut
1016 2741 1204 2807 Germania
1227 2745 1376 2826 Tigrim,

385 2860 497 2930 utque
521 2849 597 2910 viro
620 2848 755 2910 Phoebi
779 2849 914 2911 chorus
937 2849 1190 2912 adsurrexerit
1213 2855 1342 2932 omnis,

384 2965 441 3017 est
464 2956 549 3018 mihi
573 2974 728 3036 namque
752 2957 845 3017 domi
868 2965 986 3040 pater,
1009 2968 1064 3020 est
1086 2961 1222 3020 iniusta
1246 2978 1408 3021 noverca.

226 3061 307 3125 Vnde
330 3062 443 3124 dictum
466 3059 642 3144 priapeum?
679 3062 764 3134 Quod
788 3062 929 3143 pleraque
953 3066 1018 3126 eius
1041 3065 1121 3126 modi
1143 3068 1174 3126 in
1197 3066 1342 3128 honorem
1365 3066 1465 3146 Priapi
1488 3069 1529 3128 ita

271 3331 314 3460 4⁰
325 3324 576 3462 ,gffifflsms
595 3324 675 3380 aea
693 3325 726 3379 aa
740 3329 798 3379 ara
812 3324 924 3379 maaca
938 3330 1004 3392 245,
1019 3331 1055 3381 rc
1070 3326 1204 3382 ruram
1218 3296 1371 3384 aerarum
1384 3332 1531 3383 meorum

222 3422 252 3474 p.
289 3411 307 3461 9
359 3447 366 3462 .
457 3451 463 3462 .

316 3662 329 3708 1
349 3657 444 3712 omnia
462 3656 561 3728 vincit]
586 3657 663 3727 Verp.
679 3656 765 3712 bucol.
784 3660 829 3722 10,
844 3660 880 3711 69
951 3660 1048 3727 poseat
1065 3657 1092 3711 V
1103 3657 1193 3728 poenit
1205 3655 1270 3713 BM
1347 3664 1362 3712 1
1378 3657 1531 3714 admittens

226 3736 264 3790 M
332 3736 476 3807 3tenero]
495 3737 592 3791 tenore
610 3736 638 3789 Β
710 3736 814 3790 litem
833 3753 883 3791 om.
898 3736 935 3804 B,
953 3739 1018 3792 add.
1038 3739 1075 3792 M
1145 3736 1216 3791 had
1236 3737 1305 3793 luha
1324 3738 1373 3792 M:
1392 3738 1426 3805 cs.
1452 3738 1530 3809 Verp.

226 3816 295 3869 Aen.
325 3816 435 3870 VIIII
457 3821 512 3872 503
584 3823 600 3870 6
624 3816 665 3870 De
694 3815 812 3871 caesuris
840 3817 885 3882 M,
912 3833 961 3872 om.
989 3816 1018 3871 B
1091 3824 1106 3871 'l
1134 3817 1166 3871 R.
1194 3817 1359 3872 coniunctus
1386 3817 1531 3874 districtus

226 3894 330 3949 mixtur
353 3894 460 3950 diuisus
483 3896 534 3950 Ine
560 3894 723 3950 coniunctus
746 3895 795 3964 qni
820 3900 864 3951 est
890 3898 928 3950 M
948 3898 981 3952 R.
1001 3897 1145 3952 districtus
1168 3898 1275 3953 eolutna
1298 3898 1401 3952 mixtus
1425 3897 1532 3953 diuisus

226 3975 279 4028 lul.
299 3973 441 4030 districtus
459 3974 527 4044 qnid
546 3978 590 4030 eet
606 3975 634 4029 Β
707 3977 775 4029 8111
796 3977 946 4049 nusquam]
970 3978 1147 4047 utrineqnam
1164 3978 1193 4032 B
1266 3983 1297 4031 11
1321 3977 1459 4032 infantum
1483 3979 1532 4032 M:

232 4053 837 4125 lmMmH3immmmB
909 4056 1531 4128 fflwmmmRmmmmm

230 4135 267 4188 M
284 4135 337 4190 lnt.
357 4136 465 4191 solutus
480 4136 505 4189 R
519 4135 569 4205 qui
586 4136 612 4189 R
629 4134 657 4189 in
677 4134 866 4190 scandendum
884 4135 912 4189 Β
985 4144 1018 4192 13
1037 4141 1155 4209 utputo
1174 4138 1202 4192 Β
1275 4143 1309 4191 14
1327 4137 1409 4209 mihi]
1425 4139 1489 4193 min'
1502 4139 1531 4193 Β

262 4217 355 4287 prima
370 4217 408 4271 M
462 4224 494 4271 16
515 4216 568 4282 Qui
586 4214 1258 4285 11111111-17311111111111111011.Β,161111
1311 4224 1344 4272 16
1362 4217 1408 4271 hic
1422 4218 1531 4290 eumne]

232 4296 310 4367 Verq.
330 4297 399 4353 Aen.
420 4298 493 4351 117
568 4302 599 4351 18
618 4296 649 4351 in
672 4294 797 4365 priapeio
820 4294 848 4348 Β
871 4294 901 4349 in
923 4296 1051 4366 priapeio
1071 4298 1108 4351 M
1180 4302 1212 4351 ta
1231 4297 1387 4367 priapeium
1406 4298 1433 4350 Β
1457 4298 1531 4366 pria-

226 4376 338 4446 paeinm
359 4377 396 4429 M
466 4393 528 4430 enm
547 4376 577 4430 in
595 4376 759 4430 hexametro
783 4374 809 4428 V
825 4392 891 4428 cum
912 4381 1053 4432 exametro
1074 4378 1112 4431 M
1132 4394 1196 4432 cnm
1219 4380 1377 4432 exeametro
1395 4378 1424 4432 B
1495 4384 1528 4432 11

144 4505 146 4509 ,
226 4458 276 4510 aut
302 4456 424 4529 Ararim]
454 4457 532 4528 Verp.
556 4458 641 4512 bucol.
661 4463 686 4524 1,
706 4460 742 4510 63
814 4460 910 4526 partus
933 4457 1013 4512 bibet
1037 4474 1073 4511 au
1097 4456 1243 4528 germania
1264 4456 1364 4528 tigrini
1389 4458 1427 4512 M
1448 4461 1532 4528 patna

227 4535 307 4591 bibet
330 4539 379 4590 ant
402 4538 548 4608 germania
569 4536 666 4592 tibrim
684 4536 713 4590 B
784 4543 819 4592 11
838 4540 924 4608 utque
947 4555 1015 4593 nera
1039 4536 1129 4592 foehri
1152 4554 1232 4592 corne
1259 4536 1417 4592 adsurrexit
1440 4537 1532 4593 omnis

226 4617 254 4671 B
273 4619 304 4670 nt
322 4633 409 4686 puero
428 4618 502 4673 foebi
521 4635 602 4673 corus
621 4617 809 4672 adsurrexerit
828 4616 917 4673 omnia
936 4618 974 4672 M
990 4623 1015 4673 et
1033 4618 1192 4673 Aldlrelmua
1205 4635 1235 4687 p.
1251 4621 1331 4672 532:
1351 4616 1428 4687 Verq.
1444 4619 1530 4673 boeot

227 4700 254 4760 6,
273 4700 311 4750 66
382 4700 479 4754 13111
503 4698 567 4753 miri
590 4696 632 4750 B:
656 4696 732 4766 Verp.
757 4699 843 4753 bacol.
870 4702 896 4765 3,
915 4703 951 4753 33
1021 4704 1059 4753 14
1080 4696 1236 4767 priapeium
1254 4697 1327 4751 BM
1397 4699 1532 4770 pleraque

227 4775 365 4832 eiusmodi
382 4775 411 4831 in
429 4777 534 4834 honore
554 4777 645 4848 priapi
664 4777 822 4848 conscripta
839 4779 904 4833 aunt
916 4778 944 4832 B
958 4778 1092 4848 pleraque
1111 4775 1251 4846 qniemodi
1268 4776 1299 4831 in
1316 4776 1420 4833 honore
1439 4777 1532 4848 priapi

232 4857 274 4914 ita
292 4855 450 4926 conscripta
467 4858 523 4913 sint
541 4858 579 4912 M
