3316 5474
247 355 313 420 366
533 430 537 437 ῃ
808 350 980 409 nostrast

248 540 393 602 columnis
421 542 541 621 scriptis
569 587 575 600 .
603 540 769 619 posteriore
797 557 890 618 eaque
923 555 982 599 non
1015 536 1107 599 multo
1141 538 1307 598 recentiore
1340 556 1429 598 manu
1456 556 1548 617 pauca

249 655 383 708 correcta
411 655 481 708 sunt
504 694 511 706 .
535 664 640 725 graeca
665 644 753 706 rerba
776 644 942 706 uncialibus
965 644 1073 706 litteris
1102 663 1175 724 quas
1204 644 1304 705 dicere
1333 647 1549 729 consuevimus,

249 773 308 835 qoo
327 771 435 832 genere
455 752 567 814 librarii
587 752 673 831 vulgo
692 751 867 835 utebantur,
890 753 916 814 si
934 771 1039 833 graeca
1058 751 1197 814 vocabula
1222 754 1252 813 in
1276 751 1374 812 latinis
1397 751 1549 813 codicibus

249 860 431 943 incidebant,
460 862 571 940 scripta
594 868 624 920 et
647 878 714 920 eum
738 859 837 921 latinis
866 861 905 921 ita
933 862 1022 921 mixta
1051 868 1133 942 sunt,
1164 868 1197 921 ut
1224 859 1348 940 singulis
1375 859 1421 920 vel
1447 862 1551 939 paucis

249 968 348 1030 latinis
367 967 530 1030 subiciatur
549 985 653 1047 graeca
676 969 880 1048 interpretatio
901 1015 907 1028 .
926 967 978 1027 sed
997 969 1103 1047 primis
1120 973 1235 1028 tantum
1254 968 1326 1026 artis
1344 968 1551 1045 grammaticae

250 1075 384 1157 partibus
407 1077 522 1154 integra
545 1076 750 1154 interpretatio
774 1074 872 1135 addita
895 1081 952 1156 est3
975 1081 1043 1153 post
1061 1075 1277 1153 expositionem
1296 1075 1423 1134 nominis
1446 1091 1552 1154 graeca

251 1182 339 1245 verba
363 1185 491 1262 primum
514 1182 719 1262 neglegentius
742 1182 840 1243 latinis
862 1181 1050 1272 interposita,
1072 1179 1179 1241 deinde
1203 1198 1327 1260 prorsus
1346 1182 1453 1241 omissa
1472 1191 1551 1243 sunt.

251 1289 453 1371 apographum
469 1289 579 1350 codicis
593 1289 662 1350 olim
678 1291 789 1350 iecerat
803 1287 997 1369 Niebuhrius,
1012 1304 1070 1366 quo
1085 1286 1252 1368 apographo
1267 1293 1342 1348 usus'
1355 1286 1552 1368 Bnechingius

252 1400 282 1459 in
311 1397 491 1477 praefatione
520 1395 658 1458 editionis
686 1395 818 1457 Dosithei
845 1415 870 1456 a.
897 1391 981 1457 1832
1010 1395 1103 1456 iactae
1131 1413 1195 1455 eam
1223 1394 1333 1455 codicis
1361 1406 1489 1477 partem,
1521 1398 1551 1456 in

253 1523 310 1584 qua
336 1504 526 1583 grammatica
549 1522 598 1564 ars
621 1505 731 1583 scripta
755 1510 813 1584 est,
837 1502 1020 1580 descripsit.
1040 1518 1106 1561 nam
1130 1502 1227 1581 ipsum
1247 1501 1354 1562 librum
1374 1503 1404 1561 in
1422 1501 1552 1563 editione

253 1613 360 1673 omisit.
379 1610 486 1671 deinde
506 1609 537 1672 F.
556 1609 701 1672 Oehlerus
721 1609 824 1670 eodem
843 1607 1010 1689 apographo
1029 1626 1103 1669 usus
1121 1617 1235 1688 partem
1255 1612 1328 1670 artis
1346 1611 1553 1689 grammaticae

254 1716 290 1778 ab
313 1719 397 1779 initio
422 1735 518 1796 usque
542 1716 577 1777 ad
601 1718 845 1777 commentarium
873 1715 909 1776 de
938 1714 1046 1778 litteris
1074 1714 1163 1776 latine
1191 1717 1330 1796 scriptam
1359 1716 1450 1778 edidit
1477 1735 1552 1778 mus.

254 1824 347 1886 Rhen.
372 1844 396 1885 r.
421 1823 499 1884 xvtt
522 1817 563 1906 (a.
589 1816 689 1907 1862)
714 1842 741 1903 p.
765 1820 807 1885 58
831 1841 895 1902 sqq.

344 1933 451 1993 Postea
475 1933 637 2011 fragmenta
660 1932 733 1991 artis
752 1930 884 1991 dosithei
908 1939 938 1993 et
958 1948 1059 1991 earnm
1078 1933 1208 2011 partium
1228 1950 1302 2010 quae
1322 1934 1352 1992 in
1372 1931 1554 2011 Sangallensi

255 2038 356 2100 codice
384 2047 450 2119 post
481 2038 559 2098 illam
588 2039 716 2118 scriptae
745 2046 815 2099 sttnt
838 2040 955 2099 inventa
979 2039 1102 2099 suntin
1126 2039 1228 2099 codice
1252 2037 1456 2100 blouacensi
1479 2037 1555 2121 601,

256 2148 342 2206 cuius
375 2146 508 2207 notitiam
541 2143 636 2205 debeo
669 2144 787 2206 Loewio
819 2145 919 2225 prodr.
948 2163 1027 2225 corp.
1056 2144 1143 2224 gloss.
1171 2144 1219 2206 lat.
1247 2164 1275 2225 p.
1303 2143 1367 2207 207
1393 2195 1399 2208 .
1424 2166 1491 2207 113111
1523 2150 1554 2208 111

257 2253 388 2332 catalogo
412 2251 547 2314 codicum
571 2251 790 2314 Monacensium
814 2271 839 2313 v.
859 2252 871 2312 l
890 2271 918 2333 p.
935 2249 995 2313 121
1021 2251 1151 2314 breviter
1174 2253 1342 2333 descriptus
1366 2262 1436 2315 erat.
1460 2256 1555 2334 ipsius

256 2359 324 2420 libri
348 2363 461 2440 copiam
485 2359 558 2420 mihi
581 2360 652 2420 iecit
670 2358 776 2420 Halmii
800 2358 968 2421 liberalitas.
1006 2362 1186 2439 compositus
1210 2370 1308 2421 antem
1332 2370 1378 2422 est
1400 2380 1435 2421 en
1459 2360 1554 2422 diver-

257 2469 298 2528 sis
313 2465 550 2527 membranarum
566 2466 713 2528 fasciculis
728 2467 839 2527 formae
854 2466 1013 2546 quadratae
1027 2465 1159 2548 minoris,
1174 2467 1309 2547 equibus
1319 2468 1354 2527 ad
1366 2487 1398 2528 ea
1409 2487 1483 2548 quae
1495 2469 1556 2531 diri

257 2583 319 2636 tres
333 2576 543 2652 quaterniones
556 2575 719 2654 pertinent,
743 2574 792 2651 qui
813 2574 842 2633 in
859 2574 915 2633 line
934 2572 1045 2634 codicis
1062 2574 1151 2652 positi
1170 2582 1240 2634 sunt
1255 2575 1272 2634 1.
1289 2570 1428 2655 59-82,
1452 2575 1555 2636 eadem

258 2684 320 2744 lere
339 2689 434 2743 aetate
453 2681 566 2761 scripti,
585 2698 641 2758 qua
658 2679 855 2759 Sangallensis
870 2678 962 2740 codex
977 2681 1106 2758 scriptus
1125 2690 1171 2741 est
1186 2729 1192 2742 .
1208 2699 1242 2741 ex
1264 2681 1309 2742 his
1328 2682 1386 2743 duo
1406 2685 1457 2762 qui
1476 2702 1555 2744 nnnc

258 2788 362 2871 ultimi,
381 2788 431 2848 sed
447 2785 620 2867 perturbato
635 2786 872 2848 membranarum
887 2786 990 2848 ordine
1004 2790 1083 2849 inter
1102 2807 1133 2849 se
1153 2789 1269 2850 contusi
1284 2800 1361 2869 suut,
1381 2791 1398 2850 1.
1415 2787 1556 2873 67-82,

258 2899 412 2958 continent
425 2895 506 2976 haec,
521 2886 641 2971 ἕνικός,
655 2884 701 2967 ὡς
709 2885 746 2955 τὸ
757 2878 855 2967 οὗτος
869 2883 887 2955 ὁ
903 2887 1026 2957 Κάτων
1041 2897 1222 2972 Singularis,
1237 2905 1270 2957 ut
1287 2899 1338 2958 bie
1352 2899 1425 2958 Cato
1435 2931 1477 2942 -
1488 2897 1553 2960 ttl

257 3013 290 3065 ut
314 3006 432 3066 Odissia
451 3003 576 3063 Homeri
595 3002 730 3062 Aeneida
756 3001 887 3077 Virgilii,
911 3001 1021 3062 Dosith.
1040 3001 1077 3062 de
1096 3004 1214 3062 nomine
1229 3022 1256 3082 p.
1271 3000 1374 3064 22311.
1389 3003 1504 3065 ilal-
1519 3007 1555 3067 de

258 3107 417 3189 generibus
436 3117 604 3188 poematum
624 3127 651 3187 p.
671 3104 712 3168 57
728 3129 735 3169 :
751 3109 937 3186 Excerptum
956 3112 995 3171 de
1016 3111 1111 3171 uerbo
1130 3110 1245 3171 Eutieii
1268 3113 1416 3184 Quattuor
1435 3111 1557 3188 formae

258 3224 329 3277 sunt
342 3219 505 3278 uerborum
520 3218 696 3277 inclinativa
710 3218 888 3277 meditatiua
903 3214 1134 3291 frequentativa
1148 3216 1290 3293 perfecta
1305 3217 1408 3293 forma
1423 3253 1464 3261 —
1480 3221 1498 3280 i.
1515 3218 1556 3281 72

255 3341 400 3401 praesum
428 3331 527 3384 autem
558 3331 587 3384 et
616 3325 721 3384 absum
748 3325 845 3384 uerba
869 3321 1060 3398 faciuntea
1090 3342 1123 3384 se
1150 3328 1319 3404 partieipia
1347 3346 1496 3403 praesens
1528 3337 1557 3389 et

259 3434 367 3493 absens
398 3477 405 3490 .
436 3430 568 3491 Romani
594 3432 735 3491 sublimes
766 3432 832 3490 siue
864 3435 1001 3490 tonantes
1029 3429 1123 3491 Rome
1152 3434 1252 3491 uirtus
1280 3441 1349 3514 etc,
1381 3433 1493 3512 glossae
1527 3441 1557 3494 et

259 3546 345 3598 uotae
374 3538 446 3596 varii
473 3537 605 3615 generis:
637 3536 655 3595 l.
680 3532 746 3596 72*
781 3537 938 3597 Poematos
965 3538 1029 3596 tria
1056 3544 1127 3597 sunt
1153 3554 1271 3612 genera
1297 3572 1333 3582 -
1360 3545 1484 3602 metrica
1508 3546 1560 3602 uel

259 3648 399 3706 ribtmieo
430 3646 547 3720 scripta
578 3660 727 3717 sermone,
759 3642 836 3703 beda
864 3643 900 3703 de
929 3651 983 3705 art.
1010 3650 1096 3704 metr.
1122 3663 1152 3723 p.
1179 3641 1289 3720 2602:
1316 3649 1346 3706 111
1376 3646 1556 3727 marginibus

259 3752 279 3812 i.
305 3747 435 3813 70-72
463 3748 611 3828 adscripta
639 3758 709 3809 sunt
736 3758 873 3829 excerpta
901 3767 936 3810 ex
961 3748 1048 3828 Capri
1076 3756 1106 3809 et
1128 3750 1263 3829 Agroecii
1291 3760 1322 3812 et
1349 3752 1444 3813 Bedae
1473 3751 1557 3815 libris

259 3859 296 3919 de
328 3856 543 3937 orthographia.
599 3856 628 3918 hi
661 3856 719 3917 duo
752 3858 961 3936 quaterniones
998 3864 1096 3917 autem
1134 3858 1163 3916 in
1201 3874 1236 3918 eo
1273 3859 1388 3939 codice,
1425 3879 1460 3920 en
1498 3878 1557 3938 quo

259 3965 408 4044 desumpti
432 3972 514 4044 sunt,
540 3965 660 4024 tertium
684 3972 714 4024 et
737 3972 875 4043 quartum
898 3962 995 4025 locum
1019 3961 1205 4045 obtinebant,
1228 3966 1253 4025 si
1278 3964 1349 4025 tides
1368 3976 1413 4027 est
1434 3985 1557 4027 rrtrmero

259 4072 313 4135 llll
337 4075 366 4134 in
386 4075 445 4133 imo
465 4072 596 4150 margine
616 4078 763 4131 extremae
783 4072 904 4150 paginae
923 4070 943 4131 i.
964 4069 1030 4132 72*
1050 4073 1169 4153 scripto.
1215 4070 1250 4131 ad
1275 4070 1401 4133 eundem
1425 4073 1556 4134 codicem

258 4179 427 4261 pertinebat
449 4181 475 4240 is
499 4180 654 4258 quaternio
678 4179 728 4256 qui
753 4195 831 4238 nune
854 4187 922 4239 ante
946 4177 1012 4238 illos
1034 4181 1149 4258 positus
1173 4186 1219 4240 est
1243 4179 1261 4239 1.
1285 4175 1429 4253 59-66,
1453 4182 1503 4259 qui
1527 4183 1557 4241 in

259 4296 390 4349 extrema
413 4288 518 4366 pagina
542 4287 686 4365 scriptum
710 4283 799 4345 habet
821 4303 978 4347 numerum
1003 4285 1061 4346 Vll.
1103 4290 1132 4348 in
1157 4287 1213 4349 hoc
1242 4288 1352 4365 scripta
1381 4296 1426 4346 cst
1456 4286 1558 4347 ultima

259 4413 328 4474 pars
351 4392 524 4472 glossarum,
548 4411 622 4470 quae
647 4401 717 4452 sunt
739 4393 769 4450 in
790 4390 972 4470 Sangallensi
991 4392 1102 4473 codice,
1125 4412 1193 4454 cum
1216 4395 1310 4473 prima
1334 4401 1416 4472 parte
1440 4403 1557 4455 senten·

260 4504 368 4562 tiarum
394 4509 425 4561 et
447 4498 640 4580 epistularum
665 4498 818 4573 Hadriani,
847 4517 974 4578 apovpa
1001 4517 1087 4574 seges
1111 4513 1223 4574 στασις
1241 4503 1327 4577 spica
1344 4534 1383 4543 -
1399 4497 1560 4580 υδρεχοος
1641 4500 1644 4505 ’

260 4611 409 4683 aquarius
427 4609 552 4688 αχθυες
561 4610 662 4684 pisces
677 4653 683 4666 .
698 4608 894 4686 θαυμαστον
914 4617 1004 4665 εστιν
1023 4609 1196 4667 mirandam
1210 4615 1253 4668 est
1267 4626 1321 4666 και
1337 4624 1507 4668 επαινιτον
1530 4616 1560 4668 et

260 4717 498 4776 laudandam-
507 4713 606 4791 diane
617 4733 679 4775 ουν
694 4715 762 4773 vide
776 4717 871 4789 igitur
885 4731 941 4772 ινα
954 4730 1069 4791 aaziae
1084 4719 1118 4772 ut
1130 4716 1260 4774 celerius
1274 4712 1384 4773 liosith.
1396 4712 1440 4773 ed.
1451 4712 1558 4774 Bneclr.

261 4818 337 4901 pne
347 4867 354 4880 .
364 4823 393 4880 in
404 4820 528 4900 singolis
536 4823 651 4900 paginis
661 4820 835 4899 plerumque
846 4825 994 4900 quattuor,
1009 4837 1075 4879 raro
1090 4818 1191 4898 plures
1206 4818 1250 4879 rel
1260 4822 1414 4898 pauciores
1425 4819 1559 4882 laterculi
