3316 5474
627 356 695 410 ARS
714 355 957 414 Guauutt‘rtct
1364 360 1427 425 367

133 560 272 602 versuum
296 544 467 604 vicenorum
495 551 525 603 et
547 551 761 620 quaternorum
790 546 828 605 ita
857 547 960 625 scripti
988 554 1070 625 suut,
1099 556 1132 606 ut
1158 548 1287 627 primum
1316 565 1429 625 graeca,

132 646 237 708 deinde
261 651 292 709 iu
315 649 408 711 altero
427 650 568 711 laterculo
587 653 668 712 iuxta
686 653 782 730 posita
801 653 861 713 sint
879 651 968 712 latina
988 651 1141 733 vocabula;
1165 653 1314 713 interdum
1333 655 1429 733 etism,

132 757 256 815 maxime
280 757 437 835 inprimis
468 755 513 816 vel
540 759 680 817 extremis
709 760 881 837 paginarum
914 757 1075 839 laterculis,
1108 758 1195 819 latina
1228 762 1428 840 superscripta

134 870 204 922 sunt
226 863 340 941 graecis
364 862 409 923 rel
432 864 462 923 in
486 861 668 942 marginibus
691 864 847 944 adscripta.

220 967 376 1030 Lectiones
399 978 498 1031 autem
517 970 645 1032 duorum
664 970 813 1053 ecdicum,
836 975 866 1032 iu
885 972 994 1051 quibus
1012 973 1082 1034 solis
1102 972 1233 1034 Dositbei
1252 991 1300 1033 ars
1319 976 1429 1053 scripta

132 1085 190 1156 est,
214 1085 272 1136 tam
295 1086 432 1137 accurate
456 1079 534 1139 inter
557 1096 589 1139 se
613 1081 816 1154 consentiunt,
844 1090 878 1140 ut
905 1079 1033 1141 dubitari
1064 1088 1191 1159 nequeat
1214 1082 1286 1159 quin
1309 1099 1344 1140 ex
1369 1098 1428 1140 uno

131 1183 289 1263 archetypo
313 1183 395 1245 ducti
419 1186 478 1245 siut
502 1231 508 1245 .
532 1184 583 1245 sed
608 1187 638 1246 in
661 1184 830 1246 Monaceusi
858 1185 933 1247 libro
961 1205 995 1247 ea
1024 1195 1136 1248 tantum
1168 1206 1242 1266 quae
1270 1205 1375 1265 graece
1399 1197 1430 1248 et

131 1291 219 1352 latine
244 1293 352 1372 scripta
376 1299 461 1352 eraut
484 1300 603 1372 recepte
622 1302 710 1372 atque
729 1312 764 1354 ex
784 1293 830 1354 his
849 1312 968 1373 quoque
988 1292 1078 1354 multa
1095 1296 1316 1374 praetermissa,
1340 1312 1427 1373 quse-

130 1398 197 1458 dam
228 1417 297 1458 1313
326 1401 413 1459 etiam
441 1418 456 1458 a
485 1398 605 1460 librario
633 1408 744 1461 mutata
778 1410 861 1462 sunt:
893 1420 985 1480 pauca
1013 1404 1132 1462 omnino
1161 1402 1366 1482 inveniuntur,
1397 1403 1428 1461 13

131 1504 239 1584 quibus
258 1504 410 1567 meliorem
433 1508 610 1585 scripturam
632 1505 781 1586 praebeat
817 1509 984 1569 accuratior
1007 1510 1095 1568 etiam
1119 1525 1282 1568 consensus
1301 1505 1429 1568 duorum

131 1612 266 1672 codicum
293 1612 527 1692 deprehenditur
558 1615 588 1673 13
620 1615 657 1675 iis
684 1632 760 1693 quae
789 1633 825 1675 ex
857 1613 964 1694 glossis
993 1624 1024 1675 et
1051 1616 1206 1676 sententiis
1235 1622 1265 1673 et
1292 1612 1428 1692 epistulis

130 1718 269 1780 lladriani
297 1722 327 1780 in
351 1719 518 1781 blouacensi
547 1719 647 1782 relicta
676 1731 759 1802 sunt,
788 1739 863 1801 quae
886 1721 972 1802 plane
995 1722 1098 1783 eodem
1127 1719 1213 1780 modo
1241 1722 1271 1781 in
1301 1728 1428 1800 utroque

130 1825 205 1887 libro
228 1830 338 1907 scripta
362 1828 459 1887 inveni
484 1875 490 1888 .
514 1829 613 1906 itaque
637 1845 705 1888 eum
728 1827 833 1888 inutile
852 1845 917 1887 esse
937 1827 1089 1888 rideretur
1108 1846 1224 1888 omnem
1244 1826 1428 1889 Monacensis

130 1933 240 1994 codicis
263 1933 490 2014 discrepantiam
514 1941 652 1994 accurate
675 1934 853 2014 descriptam
876 1952 1057 2016 proponere,
1081 1953 1139 1995 333
1164 1937 1263 2014 putavi
1283 1937 1428 1996 rationem

130 2059 218 2120 quam
247 2043 277 2102 in
305 2044 406 2122 priore
434 2041 563 2102 editione
591 2051 712 2103 secutus
741 2060 822 2102 eram
849 2041 1019 2103 mutandam
1047 2060 1127 2122 esse,
1155 2042 1221 2122 sed,
1253 2043 1331 2103 sicut
1358 2041 1428 2102 olim

129 2150 328 2231 institueram,
352 2148 550 2229 Sangallensis
572 2149 683 2209 codicis
706 2151 882 2229 scripturam
907 2158 966 2210 tam
989 2152 1018 2210 in
1043 2149 1140 2211 latinis
1160 2167 1246 2229 qnam
1265 2152 1295 2209 13
1314 2151 1428 2229 graecis

129 2253 278 2316 vocabulis
301 2274 409 2335 perse
432 2257 559 2335 positam
582 2257 612 2315 iu
635 2257 736 2335 priore
757 2256 953 2318 adnotationis
977 2266 1059 2338 parte
1078 2255 1197 2318 exhibui
1217 2304 1224 2318 .
1243 2255 1427 2317 Monacensis

129 2371 226 2423 autem
251 2362 362 2424 codicis
386 2364 528 2424 lectiones
550 2371 628 2444 tum,
651 2381 720 2423 cum
743 2362 779 2424 ab
803 2363 853 2425 1113
876 2363 1104 2445 dissentiebant,
1128 2366 1154 2425 si
1178 2362 1264 2423 modo
1283 2381 1426 2424 memora·

129 2469 197 2531 bilis
230 2489 295 2530 esse
329 2470 483 2531 ridebatur
515 2470 682 2551 dissensus,
718 2472 749 2531 iu
786 2470 877 2532 altera
909 2480 992 2551 parte
1022 2472 1218 2532 adnotationis
1251 2471 1344 2550 posui.
1390 2468 1427 2528 de

130 2577 310 2656 Sangallensi
339 2588 437 2639 autem
466 2577 567 2639 codice
597 2585 728 2657 repetam
756 2595 831 2656 quae
858 2579 890 2638 13
917 2579 1016 2657 priore
1046 2577 1191 2656 editione,
1219 2594 1255 2637 ex
1283 2594 1340 2655 qua
1368 2575 1426 2636 dis·

129 2687 278 2763 crepantia
303 2687 467 2764 scripturae
497 2686 623 2764 repetita
650 2694 710 2765 est,
742 2685 879 2764 scripsi:
903 2680 1092 2764 ‘rpramquam
1125 2686 1226 2744 curavi
1259 2692 1292 2743 ut
1323 2700 1427 2743 omnes

128 2790 239 2852 librarii
263 2810 381 2853 errores
404 2789 628 2873 exhiberentur,
661 2799 758 2852 tamen
790 2793 821 2852 in
852 2793 966 2871 graecis
995 2791 1100 2872 multa,
1127 2809 1202 2870 quae
1226 2808 1285 2850 333
1309 2798 1425 2850 tamer

128 2897 297 2958 diversitate
321 2900 485 2978 scripturae
509 2916 597 2977 quam
620 2917 656 2959 ex
675 2897 860 2978 neglegentia
879 2899 1003 2978 quadam
1023 2897 1067 2959 vel
1087 2900 1157 2958 vitio
1177 2899 1426 2977 pronuntiationis

129 3012 194 3065 nata
210 3013 288 3081 suut,
311 3005 472 3065 omittenda
495 3014 592 3086 erant,
615 3014 646 3066 ut
672 3024 683 3064 ι
707 3023 761 3083 pro
784 3025 813 3066 ει
832 3008 963 3085 positum
981 3006 1026 3066 vel
1045 3025 1074 3067 ει
1093 3023 1147 3085 pro
1167 3025 1190 3081 ι,
1215 3013 1246 3064 31
1269 3001 1425 3065 1111133113-

127 3113 199 3173 λεια
214 3124 342 3191 occepso
356 3130 410 3191 pro
426 3108 624 3173 catarracte
643 3119 797 3192 στοιχεῖα,
820 3111 866 3173 131
884 3133 904 3192 η
924 3132 978 3192 pro
997 3133 1037 3191 ει,
1062 3121 1096 3173 ut
1112 3113 1213 3191 λεγην
1232 3129 1286 3190 pro
1304 3106 1425 3190 λέγειν,

128 3213 1212 3305 3[1133131331313,313113333313ἐντῷτὴν,1ρ1ου,
1240 3227 1273 3278 ut
1296 3230 1351 3278 σιν
1370 3237 1424 3298 [113

128 3319 207 3404 σύν,
239 3347 260 3387 ν
289 3345 343 3406 pro
374 3347 394 3405 γ
422 3326 466 3386 rel
494 3345 517 3405 μ
551 3327 580 3385 13
614 3324 735 3407 talibus,
768 3339 940 3406 συνκρισις
972 3340 1135 3406 συνφωνα
1168 3344 1221 3405 pro
1255 3316 1427 3404 σύγκρισις

128 3427 308 3514 σύμφωνα,
331 3453 350 3495 τ
368 3451 422 3513 pro
441 3434 478 3510 θ,
498 3441 531 3494 ut
548 3451 628 3494 κατο
647 3450 702 3512 pro
720 3425 798 3494 καθ’
825 3424 856 3512 ὅ,
879 3454 900 3494 ν
919 3437 948 3496 13
968 3435 1025 3495 line
1044 3432 1254 3495 vocabulorum
1274 3434 1426 3514 omissum,

127 3549 161 3602 ut
184 3555 315 3621 ενγιστο
339 3559 393 3620 pro
417 3537 570 3619 ἔγγιστον
593 3586 601 3602 .
624 3539 696 3600 11333
724 3541 815 3620 igitur
842 3548 872 3601 et
899 3540 954 3601 alia
977 3541 1120 3620 quaedam
1148 3540 1280 3602 eiusdem
1307 3542 1425 3619 generis

128 3648 301 3729 plerumque
326 3667 384 3708 333
408 3646 535 3708 indicata
558 3648 661 3708 vitiosa
691 3646 802 3708 codicis
829 3650 976 3728 scripture
999 3651 1115 3709 correxi
1140 3696 1146 3708 .
1171 3667 1229 3708 non
1253 3646 1332 3707 nulla
1355 3666 1424 3708 rero

127 3757 190 3834 ipsa
213 3773 331 3834 quoque
356 3756 473 3835 vitiosa,
506 3772 580 3833 quae
613 3772 673 3815 non
704 3753 825 3816 librario
858 3755 910 3816 sed
939 3757 1130 3835 grammatico
1158 3773 1281 3834 graecae
1308 3754 1425 3834 liuguae

128 3881 185 3922 333
210 3865 280 3921 satis
303 3865 398 3942 perito
424 3861 579 3922 tribuenda
602 3870 684 3942 sunt,
716 3880 754 3922 ne
786 3862 961 3942 corrigenda
989 3863 1107 3942 quidem
1135 3856 1247 3942 putavi'
1271 3910 1278 3922 .
1302 3861 1425 3922 eandem

128 3972 218 4048 igitur
242 3971 385 4029 rationem
415 3970 445 4029 iu
468 3987 542 4030 nova
570 3968 699 4030 editione
724 3971 850 4051 retinui,
880 3988 972 4050 pauca
999 3969 1166 4050 apographo
1195 3969 1319 4050 codicis,
1346 3969 1424 4047 quod

127 4077 195 4136 olim
216 4077 351 4156 lesuram,
375 4075 473 4137 deuuo
496 4078 631 4156 inspecto
653 4076 752 4156 paullo
775 4080 943 4138 accuratius
965 4077 1091 4138 indicavi
1110 4077 1154 4138 rel
1178 4079 1208 4137 iu
1232 4078 1304 4156 ipsis
1327 4074 1425 4136 verbis

127 4184 309 4263 grammatici
333 4182 486 4243 emendavi
509 4231 515 4243 .
539 4201 573 4243 ea
597 4201 671 4262 quae
695 4181 815 4262 llageuo
839 4191 960 4244 auctore
983 4186 1083 4263 recepi
1107 4202 1142 4244 ex
1167 4201 1293 4243 censura
1316 4183 1424 4262 prioris

128 4290 265 4350 editionis
297 4289 332 4349 ab
360 4288 409 4350 illo
442 4291 472 4349 in
505 4287 745 4369 ephemeridibus
776 4288 927 4350 litterariis
959 4288 1163 4369 Lipsiensibus
1195 4283 1425 4371 (Literariscbes

129 4389 335 4478 Centralblatt)
358 4415 383 4456 a.
410 4392 491 4458 1871
517 4415 544 4475 p.
571 4392 654 4457 1268
678 4395 754 4455 iacta
776 4397 867 4475 petita
890 4404 966 4457 sunt

215 4502 344 4563 Plurima
368 4520 443 4581 qrrae
467 4521 483 4561 a
504 4499 644 4561 Dositheo
667 4502 698 4561 13
721 4510 784 4562 arte
808 4503 996 4580 grammatica
1019 4505 1128 4583 scripta
1149 4512 1218 4563 sunt
1232 4503 1309 4582 apud
1324 4502 1424 4564 Chari-

127 4612 205 4670 sium
229 4617 259 4669 et
282 4608 452 4669 Diomedem
476 4610 558 4668 etin
582 4608 730 4686 excerptis
752 4626 789 4668 ex
812 4607 951 4671 Bobiensi
973 4609 1075 4671 codice
1105 4612 1134 4670 13
1158 4612 1254 4689 primo
1278 4609 1424 4671 volumine

127 4718 384 4795 grammaticorum
409 4715 567 4776 latinorum
591 4714 692 4797 editis,
719 4733 777 4776 333
802 4716 881 4777 33113
904 4719 992 4778 etiam
1015 4717 1092 4797 apud
1115 4715 1188 4777 alios
1210 4719 1424 4799 grammaticos,

128 4825 205 4883 sicut
233 4825 263 4882 in
292 4822 480 4884 adnotatione
508 4822 647 4903 indicavi,
678 4820 826 4902 leguntur.
876 4843 935 4903 quo
963 4825 996 4885 sn
1023 4832 1057 4885 ut
1084 4825 1129 4884 rix
1158 4823 1317 4903 quidquem
1348 4826 1424 4906 3311,
