3316 5474
616 405 665 462 aa
685 405 987 483 oaruoeaarnu,

141 520 162 558 p.
177 508 237 549 2783.
251 510 278 549 84
292 507 317 549 P.

230 593 372 654 Dominor
395 595 440 654 tui
463 602 494 654 et
517 593 653 654 dominor
676 590 739 654 tibi.

228 700 369 780 Dogmata
392 718 511 781 graece,
533 700 623 761 latine
646 699 775 760 Decreta.
812 699 977 778 dogmatizo
1001 699 1130 759 decerno
1153 698 1214 758 sire
1238 716 1355 759 censeo.

229 806 304 868 Dum
329 809 499 868 coniunctio
523 805 679 886 aliquando
701 805 894 866 indicativum
917 804 1041 865 verbum
1065 804 1168 865 trahit:
1199 803 1361 884 Gregorius
1384 801 1443 866 ‘ne

137 896 305 995 scientia,
328 913 408 975 dum
426 915 525 975 novit
547 921 583 974 et
600 931 669 973 uon
688 891 827 994 diligit,
848 911 971 992 iullet,
994 920 1045 992 ut,
1068 910 1147 972 drrm
1166 913 1332 974 intuetur
1351 915 1443 993 quod

109 1019 198 1080 oilla
221 1020 414 1100 aliquando
438 1039 506 1081 nou
529 1019 670 1101 habuit,
694 1026 872 1100 temperet
894 1017 1068 1099 dolorem,
1092 1018 1184 1098 quod
1209 1016 1353 1082 amisit'.

226 1127 316 1189 Doleo
339 1131 433 1189 vicem
457 1131 501 1190 tui
525 1136 555 1189 et
578 1139 659 1190 tuam
683 1136 713 1188 et
736 1127 821 1188 doleo
845 1126 912 1188 tibi:
938 1125 1101 1205 Gregorius
1123 1144 1197 1207 papa
1221 1127 1258 1188 de
1280 1126 1441 1189 Benedicta
1521 1212 1524 1217 Ι

136 1243 219 1313 patre
253 1230 344 1295 ‘cum
376 1245 652 1316 persecutorem
685 1253 787 1296 suum
820 1242 970 1315 amaret,
1001 1235 1113 1313 magis
1145 1232 1201 1294 illi
1234 1233 1440 1314 quamisibi

136 1336 280 1402 doluit’.

224 1446 299 1508 Dum
332 1450 502 1509 coniunctio
535 1449 691 1528 aliquando
723 1448 843 1510 modum
871 1448 1106 1527 coniunctium,
1131 1441 1136 1529 Ι
1160 1446 1317 1527 aliquando
1351 1447 1441 1510 tralrit

98 1578 123 1616 ro
138 1554 342 1636 indicativum,
366 1564 399 1616 ut
422 1551 519 1616 ‘dum
542 1557 753 1615 anxiaretur
776 1571 838 1614 cor
866 1548 995 1614 nteum'
1019 1562 1049 1613 et
1072 1547 1168 1613 ‘dum
1192 1553 1328 1616 dicitur
1356 1556 1440 1617 inihi

135 1661 270 1723 cotidie
294 1660 373 1722 «ubi
397 1670 452 1723 est
475 1661 563 1723 deus
584 1657 723 1723 tuusi»'
746 1669 777 1722 et
800 1660 904 1720 beatus
926 1679 1000 1740 papa
1024 1658 1186 1738 Gregorius
1210 1656 1330 1722 ‘amici
1354 1680 1437 1742 ergo

135 1767 230 1829 beati
254 1767 329 1843 lob,
353 1768 432 1830 dum
456 1771 732 1849 percussionum
755 1785 889 1847 genera
909 1765 1137 1845 distinguere
1157 1770 1340 1851 nesciunt,
1361 1789 1440 1849 per·

137 1892 281 1936 cussum
308 1894 375 1955 pro
403 1875 511 1955 culpa
539 1868 804 1936 crediderunt'.
845 1874 915 1933 item
939 1872 1118 1952 aliquotiens
1140 1873 1210 1934 dum
1233 1883 1268 1936 ut
1290 1877 1444 1958 signifieat,

139 1989 172 2041 ut
194 1989 282 2060 poeta
306 1976 418 2062 (bacol.
442 1980 472 2054 9,
495 1974 553 2062 23)

100 2109 124 2148 rs
297 2087 434 2168 Tityre,
457 2087 537 2147 duni
560 2087 682 2168 redeo,
705 2085 827 2148 brevis
850 2095 905 2146 est
928 2089 996 2169 via,
1017 2105 1124 2166 pasce
1147 2064 1315 2169 capellas.

228 2190 409 2272 Desperatus
427 2212 482 2273 per
500 2213 517 2254 e
536 2193 737 2276 scribendum,
756 2194 910 2274 dispersus
928 2195 1016 2274 peri.
1048 2194 1168 2256 discedo
1187 2215 1242 2275 per
1259 2199 1277 2277 i,
1296 2198 1444 2259 descendo

140 2318 195 2378 per
218 2319 244 2360 e.

227 2405 355 2468 Diastoie
378 2425 498 2489 graece,
521 2407 611 2469 latine
632 2408 834 2470 interdictum.
866 2417 916 2469 est
935 2417 1040 2471 autem·
1056 2417 1125 2470 nota
1144 2408 1179 2470 ad
1203 2409 1309 2490 pedem
1328 2411 1444 2472 litterae

140 2515 249 2595 posita,
273 2532 347 2592 quae
371 2514 446 2574 male
470 2517 628 2577 coniuncta
652 2524 784 2598 separet,
807 2534 844 2576 ae
867 2533 944 2595 puer
968 2515 1069 2595 legens
1091 2525 1186 2598 erret,
1209 2525 1243 2578 ut

99 2643 126 2681 ao
300 2619 415 2681 libera
438 2639 501 2701 per
525 2623 661 2683 vitreos
684 2623 794 2683 movit
818 2624 970 2701 vestigia
994 2641 1143 2703 campos.

230 2727 340 2789 Domus
367 2728 529 2790 ablativum
553 2748 655 2791 casum
683 2729 842 2810 dupliciter
870 2730 969 2811 ellert,
997 2739 1027 2791 et
1049 2733 1121 2791 in'o
1146 2729 1282 2791 videlicet
1310 2740 1339 2791 et
1362 2733 1392 2791 in
1417 2749 1444 2791 u.

140 2835 192 2896 sed
217 2854 233 2895 a
256 2835 344 2897 douro
367 2839 522 2917 genetivus
544 2836 667 2916 pluralis
690 2840 724 2900 lit
745 2837 916 2916 domorum,
939 2855 955 2897 a
978 2837 1069 2898 domu
1092 2837 1242 2898 domuum.

229 2941 310 3022 Egeo
333 2946 429 3006 victus
453 2952 483 3004 et
511 2947 621 3006 victum
644 2953 675 3006 et
702 2947 790 3006 victu.
829 2946 922 3024 eripio
951 2943 1272 3004 flammae-hominem.
1310 2944 1447 3024 egredior

140 3049 229 3110 domo
254 3059 285 3111 et
307 3052 433 3112 civitate.
1041 3126 1051 3145 ι

101 3177 129 3216 es
232 3157 324 3218 Error
338 3166 384 3218 est
403 3159 447 3219 rei
462 3160 580 3240 vitium,
599 3167 633 3219 ut
650 3176 734 3218 amor
747 3157 846 3238 dolor3
865 3158 974 3217 erratio
989 3164 1088 3218 certae
1104 3159 1181 3238 viae3
1199 3159 1325 3218 erratrix
1345 3176 1446 3238 perso·

142 3282 209 3324 nant
235 3267 371 3348 respicit,
394 3275 428 3328 ut
451 3268 597 3347 venatri13
621 3266 747 3326 erratica
770 3263 893 3346 hedera,
916 3265 992 3325 ritis.

231 3370 407 3452 Eloquentia
430 3382 461 3434 et
483 3371 620 3452 eligantia
643 3370 803 3451 singularia
826 3388 953 3450 semper.

230 3477 359 3540 Exuviae
378 3483 519 3561 exequiae
539 3479 680 3541 excubiae
687 3528 696 3562 ,
719 3498 794 3558 quae
817 3497 922 3560 graece
941 3472 1192 3559 νυκτοφυλάκια
1211 3479 1361 3559 dicuntur,
1381 3487 1446 3538 exta
1522 3544 1527 3553 ,

143 3603 262 3664 quoque
287 3594 399 3646 tautum
422 3587 555 3667 pluralia.

104 3711 131 3751 so
231 3690 370 3772 Emporia
395 3694 535 3755 feminino
559 3713 669 3775 genere
693 3702 723 3755 et
745 3702 792 3754 cst
813 3711 968 3774 graecum,
990 3691 1079 3754 latine
1103 3702 1261 3754 mercatus.

232 3798 472 3863 Emolumentum
499 3821 554 3882 per
578 3821 595 3863 e
619 3799 784 3882 simplicem
806 3798 1011 3880 scribendum,
1039 3799 1195 3860 aemulatio
1223 3817 1334 3878 perae
1363 3798 1447 3880 diph-

145 3903 283 3983 tlrongon.

233 4011 318 4092 Equo
341 4015 430 4075 sedeo
460 4015 557 4077 dativo
581 4034 652 4076 casu
676 4023 706 4075 et
733 4013 858 4075 ablativo
882 4017 946 4076 sine
974 4017 1192 4096 praepositione
1220 4014 1392 4095 dicendum,
1419 4022 1449 4074 et

146 4136 255 4198 equum
279 4121 368 4182 sedeo
392 4125 558 4184 accusativo
583 4130 614 4183 et
636 4124 667 4182 in
690 4139 767 4200 equo
791 4130 822 4182 et
844 4140 935 4201 super
959 4140 1068 4201 equum
1091 4122 1236 4183 similiter.

234 4317 250 4363 a
269 4312 404 4367 nescienti
423 4311 451 4364 P
518 4309 635 4366 tinflet
651 4311 721 4365 item
740 4311 807 4364 dnm
825 4310 874 4367 Ls
944 4308 1070 4364 intuetur
1086 4310 1138 4364 illa
1156 4325 1228 4380 quae
1241 4309 1393 4377 aliquando
1412 4307 1451 4362 Μ

199 4390 360 4446 tdolorem
379 4392 413 4447 de
431 4391 483 4447 illa
502 4409 574 4461 qnae
592 4391 687 4448 amisit
706 4392 743 4446 M
814 4395 829 4444 7
849 4389 946 4459 quam]
964 4388 1013 4458 qui
1033 4389 1062 4441 P
1131 4389 1279 4444 amodum
1298 4404 1347 4443 om.
1369 4387 1398 4441 P
1422 4450 1426 4455 g

147 4484 181 4533 10
200 4479 358 4534 anxieretur
378 4482 415 4534 M
476 4480 591 4552 dicitur]
611 4468 673 4536 <iffi
693 4480 722 4534 P
790 4485 822 4534 11
842 4482 872 4534 et
889 4476 957 4531 dum
974 4477 1073 4531 beatus
1091 4477 1119 4530 P
1178 4478 1257 4550 ergo]
1276 4478 1370 4532 autem
1389 4476 1418 4530 P

147 4565 180 4613 13
199 4559 266 4613 dum
284 4562 335 4613 aut
352 4559 492 4630 significat
511 4562 548 4615 Μ
610 4570 645 4619 16
664 4560 789 4632 discedo]
808 4557 927 4614 dicendo
946 4558 975 4612 P
1028 4564 1061 4613 18
1079 4557 1259 4612 interdictum
1277 4558 1406 4613 iorboten
1423 4558 1452 4611 P

196 4645 230 4693 19
248 4639 369 4709 positam
389 4641 418 4694 P
474 4647 508 4696 10
527 4641 599 4698 liber
617 4641 729 4712 aperuit
745 4655 809 4694 reos
828 4638 865 4692 M
881 4637 953 4692 liber
970 4652 1021 4706 per
1038 4638 1089 4692 uit.
1107 4653 1171 4692 reos
1190 4637 1219 4689 P
1275 4643 1309 4692 11
1329 4654 1347 4692 a
1364 4638 1450 4693 domu

146 4718 292 4791 domuum]
312 4736 330 4774 a
348 4720 431 4776 domo
450 4722 560 4778 domnia
581 4722 609 4776 P
661 4727 696 4775 13
714 4719 821 4775 uictum
839 4721 869 4773 et
887 4716 977 4789 uictu]
995 4714 1086 4771 metui
1100 4716 1128 4770 P
1177 4722 1212 4772 25
1231 4719 1307 4773 certa
1323 4717 1372 4772 uia
1390 4718 1419 4772 P

147 4807 181 4855 16
196 4800 299 4856 hedera
313 4799 380 4854 uitis
393 4800 420 4852 P
431 4801 535 4857 hedera
548 4799 617 4856 uicii
626 4800 691 4853 ML
744 4805 778 4854 17
794 4814 904 4868 semper
917 4796 1040 4868 Empcra
1049 4827 1082 4838 -
1097 4814 1149 4868 per
1162 4813 1177 4852 e
1191 4797 1347 4868 simplicem
1359 4799 1449 4856 scribe

147 4881 271 4935 Exuuiae
287 4883 436 4936 -tautum
446 4882 569 4950 pluralia
578 4879 776 4936 AemulatioP
828 4884 863 4933 18
873 4876 1052 4946 exiquiaeM
1099 4878 1454 4950 aamequo]inequum1²
