3316 5474
552 383 724 439 EXEMPLA
743 382 1004 438 nuocvntonvn
1365 381 1431 445 475

133 481 309 530 mmmm

223 567 286 628 Filii
316 567 491 629 familiarum
520 577 549 630 et
573 588 590 625 s
614 568 673 630 Cic.
698 570 734 630 de
758 579 896 649 praetura
925 567 1035 629 urbana
1064 571 1110 640 (in
1141 569 1226 629 l'err.
1249 576 1308 630 nrt.
1331 587 1390 629 see.
1416 569 1435 627 I

133 674 245 755 21,62)
279 692 381 752 qnam
414 675 535 736 multis
567 678 674 737 istum
708 676 883 737 matribus
916 676 1130 736 familiarum
1164 680 1230 737 nim
1263 676 1432 737 attulisse

134 778 375 841 existimatis?
391 782 635 863 materfamilias,
654 783 713 843 Cio.
729 767 782 863 {iro
798 782 894 862 Caelio
910 782 1031 855 (13,32)
1050 785 1079 842 si
1098 791 1244 843 matrem
1264 782 1433 862 familias,

135 907 240 947 secus
264 906 366 966 quam
391 899 629 951 matronarum
654 892 830 951 sanctitas
853 889 1028 970 postulat,
1052 892 1304 951 nominamus.

94 999 114 1048 s'
223 994 295 1055 Fine
310 994 389 1056 illins
405 999 462 1074 rei,
481 996 587 1058 Salust.
602 997 670 1058 hist.
684 995 722 1056 lll
743 997 817 1058 fine
836 998 1022 1076 inguinum
1042 995 1298 1075 ingrediuntur
1318 992 1431 1080 murel

225 1102 366 1182 Fugitans
389 1102 468 1164 illius
491 1107 548 1182 rei,
571 1105 639 1166 Ter.
661 1103 748 1165 Phor.
774 1106 809 1175 (1
814 1105 840 1163 V
858 1105 943 1179 3,18)

405 1229 488 1271 erus
512 1210 677 1272 liberalis
699 1219 755 1272 est
778 1220 814 1272 et
837 1213 996 1291 fugitans
1019 1211 1136 1272 litium
1160 1260 1168 1274 .

224 1318 377 1398 Fugitivus
405 1316 441 1377 ab
469 1317 516 1378 illa
544 1336 591 1399 re,
623 1318 682 1379 Cic.
711 1318 746 1379 de
774 1321 867 1398 signis
899 1321 945 1391 (in
980 1319 1064 1379 Ferr.
1095 1320 1144 1379 Il'
1162 1321 1292 1394 50,112)
1320 1340 1435 1399 neque

137 1434 205 1485 tam
229 1425 381 1503 fugitivi
404 1424 458 1484 illi
482 1424 522 1484 ab
546 1424 712 1506 dominis,
735 1442 837 1505 quam
860 1434 896 1486 tu
921 1424 961 1485 ab
985 1427 1063 1486 iure
1087 1435 1122 1487 et
1144 1445 1160 1486 a
1183 1426 1354 1506 legibus.

100 1546 125 1585 ιο
226 1531 373 1592 Firmatns
391 1530 470 1592 illius
489 1534 547 1613 rei,
567 1531 673 1593 Salust.
693 1532 761 1593 hist.
781 1530 819 1590 ΙΙΙ
838 1532 878 1592 ad
898 1531 1061 1611 Cyzicum
1085 1537 1247 1613 perrexit
1269 1535 1435 1594 firmatus

137 1640 273 1698 animi.

226 1745 332 1805 Fartus
355 1744 409 1806 hae
433 1764 480 1825 re,
503 1745 562 1807 Cio.
581 1745 617 1806 ‹le
637 1745 790 1826 suppliciis
813 1750 872 1822 (in¹
887 1747 971 1806 Verr.
999 1746 1146 1827 l'11,27)
1170 1747 1337 1827 pulvinus
1360 1757 1437 1809 erat

137 1851 347 1933 perlucidus
370 1852 553 1913 Melitensi
577 1871 656 1912 rosa
680 1854 795 1913 fartus
819 1901 826 1912 .
1307 1850 1311 1857 ’

226 1959 329 2020 Falsus
352 1958 431 2020 illins
455 1961 512 2039 rei,
539 1959 697 2019 Terentius
721 1960 798 2019 Ena.
823 1960 876 2031 (II
895 1959 983 2032 2,13)
1013 1970 1051 2021 ut
1078 1960 1190 2023 falsus
1218 1965 1324 2023 animi
1353 1971 1436 2022 est.

98 2083 123 2121 rs
228 2065 337 2127 Fundit
359 2066 454 2146 hirmi,
479 2065 563 2145 Verg.
586 2065 657 2126 deu.
677 2063 700 2122 V
723 2065 800 2138 (77)
824 2083 918 2125 mero
947 2064 1064 2126 libans
1092 2068 1277 2128 carehesia
1300 2068 1437 2129 Baccho

139 2173 233 2235 fudit
255 2173 381 2234 humi.

228 2279 342 2340 Gaudet
361 2279 409 2340 illa
428 2298 475 2360 re,
494 2279 578 2359 Verg.
597 2279 664 2341 bno.
684 2280 788 2360 (6,29)
807 2278 951 2341 Phoebo
969 2281 1100 2362 gautlet
1119 2282 1288 2345 Parnasia
1308 2303 1439 2364 rupes.

139 2388 246 2468 gaudet
269 2387 347 2449 illam
371 2406 448 2468 rem,
471 2388 537 2448 Ter,
561 2387 634 2448 And.
657 2389 705 2461 (V
724 2388 789 2463 55)

312 2494 405 2555 huno
429 2496 504 2555 scio
528 2512 601 2555 mea
624 2492 737 2554 solum
761 2493 877 2555 solide
901 2497 1108 2575 gavisurum
1130 2498 1271 2577 gaudia,

99 2604 217 2665 niuem
241 2602 329 2663 Phor.
352 2602 400 2673 (F
420 2601 510 2676 9,d5)

206 2713 262 2771 rin
287 2710 437 2788 primum
461 2708 566 2768 hodie
590 2707 710 2767 faeere
734 2708 825 2786 quod
850 2727 913 2788 ego
937 2710 1117 2789 gaudeam,
1142 2707 1392 2772 Nausistrata?

229 2817 344 2878 Gerens
367 2818 532 2895 negotium,
555 2812 614 2874 Cio.
639 2811 744 2892 Philip.
764 2811 787 2872 ll
803 2814 929 2889 (2263)
952 2819 1123 2895 magister
1147 2820 1309 2897 equitnm
1334 2836 1439 2896 nego·

140 2926 227 2984 tium
259 2921 442 3003 publicum
474 2939 603 3001 gerens
636 2967 643 2980 .
675 2928 813 3000 gerentes
845 2925 968 3004 negotii,
1000 2923 1059 2984 Cic.
1091 2943 1146 3005 pro
1180 2924 1276 2986 Sestio
1310 2925 1440 2999 (15,97)

142 3032 277 3110 negotii
301 3039 470 3110 gerentes
494 3077 500 3090 .
524 3036 608 3109 gesto
631 3030 660 3087 in
686 3026 740 3087 lrac
764 3046 810 3108 re,
832 3028 899 3089 Ter.
923 3027 1004 3090 Adel.
1029 3031 1094 3103 (Il'
1113 3031 1201 3112 2,24)

233 3319 323 3372 Codex
344 3318 492 3371 Parrhasii
529 3316 646 3371 lFilius
664 3330 733 3371 ouer.
752 3313 819 3369 Filii
886 3314 978 3369 irim
992 3331 1042 3370 om.
1111 3322 1205 3385 3poet
1219 3321 1309 3373 mater
1323 3318 1443 3372 familias

141 3399 262 3467 spatium
276 3401 395 3467 quiesque
411 3398 467 3464 fere
486 3398 640 3452 litterarum
654 3397 686 3451 in
699 3395 789 3450 codiee
800 3409 917 3449 vamum
930 3397 1053 3450 relictam
1066 3401 1105 3450 eat
1176 3404 1192 3450 o
1207 3415 1284 3453 mare
1298 3397 1444 3468 Fatigatae

144 3479 221 3534 illius
240 3478 287 3533 rei.
308 3477 338 3532 Τ.
358 3477 448 3530 forma
466 3493 527 3531 eras
546 3476 670 3532 liberalis
689 3477 704 3530 έ
724 3477 754 3530 et
771 3473 895 3543 fugitans
915 3474 979 3530 litiis
1066 3482 1098 3530 10
1118 3477 1257 3532 firmatum
1277 3478 1363 3532 animi

146 3559 336 3613 tellumoni.
411 3564 442 3611 17
463 3555 577 3612 Phoebo
651 3562 936 3611 nonsummum
1006 3555 1186 3627 ttvin]vim
1258 3557 1445 3612 nausistraeta

235 3824 248 3870 1
268 3817 371 3871 laeana
389 3834 470 3884 qnam
489 3815 613 3869 indicavi
631 3815 736 3871 additis
753 3817 790 3871 r's's
807 3832 877 3886 quae
890 3830 920 3883 p.
940 3820 1041 3881 474,30
1057 3816 1163 3885 scripta
1180 3821 1245 3870 aaut
1262 3816 1304 3870 itu
1321 3814 1445 3884 suppleri

140 3899 256 3966 potami,
274 3895 363 3950 Filius
381 3896 505 3951 familiae
523 3895 569 3950 vel
587 3898 678 3950 muter
695 3895 833 3965 familiae,
850 3896 902 3951 filii
920 3895 1091 3951 familiarum
1106 3898 1135 3950 et
1149 3900 1252 3951 matres
1266 3893 1444 3962 familiarum,

145 3976 376 4044 naiteinins
388 3977 436 4030 sed
446 3977 496 4031 tilii
507 3977 684 4043 familiarum,
699 3993 817 4045 qnorum
827 3992 860 4030 ex
870 3975 1018 4030 nobilitate
1028 3975 1149 4030 maxima
1158 3993 1222 4044 pars
1232 3978 1300 4042 erat,
1314 3979 1445 4044 parentes

145 4057 344 4124 interficerent,
363 4058 437 4111 idem
453 4057 533 4111 Catil.
549 4062 610 4122 51,9
624 4058 728 4109 matres
741 4053 912 4109 familiarum
925 4055 987 4125 pati
1001 4072 1074 4124 quae
1089 4055 1240 4110 victoribus
1255 4053 1443 4109 collibuisset.

146 4137 201 4190 duo
220 4136 348 4191 Sallustii
366 4138 488 4205 exernplu
505 4138 537 4192 iu
555 4136 738 4191 Perizoniorro
756 4135 845 4189 oodioe
863 4137 1004 4204 αᾶεαίμα
1021 4142 1099 4201 aaut,
1117 4135 1182 4189 Filii
1200 4133 1370 4188 familiarum
1389 4132 1445 4199 (vel

146 4219 249 4270 matres
268 4216 448 4284 familiarum)
468 4216 580 4272 Sallust.
595 4214 665 4271 Bell.
680 4213 740 4270 Cat.
754 4213 813 4268 filia
824 4214 996 4270 familiarum
1010 4220 1063 4270 sto.
1077 4220 1102 4269 et
1120 4216 1152 4269 ia
1169 4216 1292 4282 margine
1309 4229 1343 4267 ere
1361 4214 1446 4269 attero

145 4298 304 4366 apographo
322 4299 425 4350 matres
444 4295 616 4350 familiarum
630 4295 690 4365 pati
706 4299 864 4363 .pruetereo
876 4298 938 4362 post
951 4292 1181 4348 materfamilias
1200 4294 1280 4348 uliud
1297 4293 1445 4361 sumptam

145 4379 276 4445 seriptum
293 4377 378 4443 [unse
395 4377 520 4431 indicare
537 4377 645 4431 videtur
663 4375 765 4430 laeum
783 4375 815 4426 in
833 4373 923 4427 codiee
940 4373 1036 4427 relicto
1107 4377 1123 4425 2
1143 4389 1228 4440 quam
1246 4372 1342 4428 multis
1360 4374 1446 4428 istum

146 4456 282 4526 ingenuis,
301 4474 385 4526 quam
404 4455 500 4509 multis
517 4455 652 4511 matribus
666 4453 788 4509 familias
800 4453 829 4508 in
843 4453 894 4508 illa
906 4454 999 4507 tustra
1012 4454 1097 4522 atque
1110 4451 1220 4521 impura
1233 4451 1374 4522 legatione
1388 4452 1445 4508 vim

146 4537 274 4591 attuhsse
288 4536 453 4591 existimatis
478 4536 569 4593 Cicero
641 4543 656 4590 6
676 4535 778 4590 Salust
792 4533 857 4589 hist
872 4532 925 4603 111]
947 4532 1074 4601 Phalara.
1088 4534 1120 4587 in
1140 4532 1217 4602 Vero.
1230 4548 1318 4603 georg.
1334 4533 1398 4586 III
1410 4538 1446 4587 53

147 4616 328 4687 dFugilane]
356 4616 444 4669 Prisc.
464 4617 481 4670 l.
503 4616 830 4684 remunerasse
923 4618 955 4667 10
973 4613 1099 4667 firmatus
1121 4611 1208 4666 animi
1232 4613 1269 4666 M
1285 4617 1311 4666 et
1333 4613 1447 4667 editores

146 4696 275 4750 Sallustii
340 4703 370 4750 13
391 4697 544 4753 Melitensis
563 4697 666 4751 codices
685 4693 823 4750 Ciceronis
887 4697 919 4746 15
934 4690 1037 4748 Bacchi
1052 4692 1089 4745 M
1154 4698 1184 4746 16
1198 4692 1291 4748 fundit
1311 4693 1447 4764 Vergilius

149 4782 181 4830 19
201 4776 290 4830 solum
309 4776 410 4847 solide]
429 4795 485 4831 uon
500 4777 590 4832 solum
607 4777 651 4844 Μ,
669 4774 759 4830 solide
772 4774 861 4830 solnm
879 4772 1021 4828 Terentius
1092 4778 1126 4826 22
1146 4773 1290 4843 negotium
1303 4772 1446 4843 publicum

147 4874 247 4925 gerens
265 4855 401 4925 magister
419 4855 545 4924 equilum
565 4854 660 4910 Cicero

1180 4942 1235 4996 31*
