3316 5474
234 352 301 422 350
801 357 959 414 Avnucls

234 472 255 508 p.
269 458 296 499 80
309 459 340 498 H.

233 545 409 625 composita,
442 552 576 604 ceterum
604 542 742 625 simplex,
771 543 901 622 alioquin
929 545 1099 623 composita.
1140 542 1301 604 Rationalis
1329 546 1440 623 speciei
1467 563 1536 604 con·

233 653 401 712 iunctiones
432 659 505 731 quot
534 647 625 712 sunt?
668 650 799 711 Numero
836 653 939 731 vigitrti
974 661 1004 712 et
1035 658 1175 730 quattuor
1213 652 1268 712 liae
1307 660 1377 712 sunt
1413 661 1537 735 tantum,

233 757 425 838 quamobrem
449 760 625 840 composita,
647 761 824 839 praesertim
847 758 987 840 simplex,
1009 761 1080 821 item
1104 758 1241 842 simplex,
1264 761 1394 838 itemque
1418 747 1537 838 compo·

233 867 303 947 sita,
316 868 356 927 ita
372 865 510 948 simplex,
529 867 629 944 itaque
643 868 819 948 composita,
843 868 912 945 quia
926 866 1217 947 simplex,qnoniam
1232 866 1365 947 simplex,
1385 869 1537 945 quoniam·

233 972 353 1053 quidem
381 975 556 1054 composita,
589 982 770 1053 quapropter
798 975 974 1054 composita,
1007 991 1184 1052 quamquam
1217 975 1395 1054 composita,
1426 976 1537 1054 quippe
1564 989 1580 1030 t

233 1079 372 1160 simplex,
395 1082 447 1158 qni
470 1079 609 1161 simplex,
632 1081 714 1159 atqui
737 1081 913 1161 composita,
940 1079 1072 1159 alioquin
1096 1081 1272 1159 composita,
1300 1081 1379 1139 enim
1402 1079 1538 1161 simplex,

234 1189 343 1249 etenim
375 1189 551 1267 composita,
580 1187 738 1248 enimvero
771 1188 947 1267 composita,
983 1204 1054 1264 ergo
1088 1186 1225 1268 simplex,
1261 1185 1328 1246 ideo
1365 1189 1538 1269 composita,
1573 1220 1578 1233 ·

233 1295 324 1374 igitur
347 1293 484 1374 simplex,
508 1293 621 1355 scilicet
643 1295 821 1373 composita,
850 1301 983 1354 ceterum
1011 1291 1149 1374 simplex,
1180 1301 1338 1372 propterea
1367 1296 1538 1373 composita.

323 1399 404 1461 Ordo
432 1401 674 1461 coniunctionum
706 1401 756 1478 qni
792 1394 858 1460 est?
904 1399 969 1470 Quo
1006 1409 1150 1480 apparent
1186 1402 1423 1481 coniunctiones,
1461 1419 1537 1480 quae

233 1509 376 1588 praeponi
408 1506 534 1568 debeant
563 1516 692 1587 tantum,
724 1525 799 1585 qnae
830 1505 970 1585 subiungi
1001 1514 1130 1587 tantum,
1163 1526 1238 1586 qnae
1270 1515 1301 1568 ot
1332 1511 1475 1587 praeponi
1507 1517 1538 1570 et
1552 1527 1579 1566 ro

234 1613 374 1693 subiungi
398 1662 404 1675 .
427 1621 652 1693 praeponuntur
676 1614 901 1674 coniunctiones
925 1620 1039 1674 tantum
1064 1631 1188 1674 numero
1212 1623 1325 1695 septem
1349 1614 1418 1696 liae,
1445 1624 1475 1675 at
1503 1635 1538 1677 ac

233 1729 278 1782 ast
308 1723 354 1782 sin
390 1723 535 1782 sinautem
564 1739 672 1780 nam*
703 1768 709 1781 .
740 1719 962 1798 subiunguntur
998 1723 1222 1782 coniunctiones
1260 1731 1374 1783 tantum
1411 1742 1537 1785 numero

234 1839 375 1909 quattuor
398 1829 468 1910 hae,
496 1848 530 1889 ve
554 1847 611 1908 que
636 1847 673 1888 ne
698 1846 816 1907 quoqne
841 1875 847 1887 .
870 1828 928 1888 iam
957 1836 1073 1889 ceterae
1103 1831 1328 1890 coniunctiones
1358 1829 1402 1908 [et
1429 1850 1536 1910 propo·

234 1946 347 1999 nuntur
357 1945 387 1998 et
402 1935 637 2015 subiunguntur]
649 1937 781 2015 exceptis
796 1953 885 2014 supra
900 1935 987 1996 dictis
1001 1936 1261 1999 coniunctionibus
1272 1946 1302 1998 et
1311 1948 1537 2018 praeponuntur

234 2053 264 2105 et
287 2042 516 2122 subiunguntur.
1130 2062 1133 2068 ·
1553 2061 1579 2101 15

323 2150 429 2230 Figura
458 2149 566 2210 accidit
588 2148 848 2210 coniunctionibus
871 2166 908 2208 an
939 2145 1020 2210 non?
1062 2151 1189 2231 Accidit,
1219 2154 1261 2211 sic
1293 2154 1337 2212 uti
1367 2161 1397 2213 et
1427 2155 1537 2214 ceteris

232 2258 368 2341 partibus
392 2259 542 2318 orationis.
581 2252 685 2326 Quae?
722 2254 850 2334 Simplex
880 2265 910 2315 et
939 2260 1100 2336 composita
1125 2304 1131 2317 .
1155 2276 1231 2336 quae
1259 2267 1358 2318 autem
1382 2262 1420 2320 sit
1443 2261 1537 2338 ligura

234 2366 357 2446 simplex
381 2372 411 2426 et
434 2362 542 2443 quibus
566 2382 601 2423 ex
624 2360 715 2423 rebus
739 2370 769 2422 et
792 2369 864 2440 quot
894 2362 988 2423 modis
1018 2364 1067 2424 liat
1094 2366 1188 2443 ligura
1216 2367 1391 2448 composita,
1420 2368 1476 2427 iam
1504 2369 1536 2427 in

233 2475 353 2535 nomine
376 2473 449 2532 satis
471 2470 670 2531 tractavimus.
1042 2467 1044 2470 ’

324 2579 470 2640 locemus
507 2579 750 2639 coniunctionum
787 2587 859 2656 quot
896 2572 987 2637 sunt?
1032 2573 1193 2657 Quinque?
1236 2574 1316 2649 Ocri?
1358 2579 1578 2656 Protlrrctus‚eo

234 2696 404 2769 correptus,
434 2695 553 2768 acutus,
582 2704 719 2767 pressus,
748 2681 900 2764 †etheria
931 2692 1071 2767 utraque,
1100 2684 1129 2745 id
1161 2695 1206 2746 est
1236 2685 1386 2747 distinctio
1417 2697 1446 2748 ct
1477 2707 1536 2749 non

234 2797 384 2873 distinctio
404 2841 410 2855 .
430 2812 509 2876 nunc
533 2793 563 2853 hi
591 2795 681 2853 certis
704 2791 963 2853 coniunctionibus
986 2811 1041 2871 per
1060 2795 1175 2872 species
1193 2793 1255 2854 dati
1274 2793 1536 2858 observabuntur.

233 2913 263 2966 at
286 2922 355 2964 vero
379 2904 473 2964 ceteri
492 2909 633 2963 accentus
651 2919 705 2980 per
724 2908 839 2961 ceteras
859 2900 973 2979 species
993 2901 1235 2961 coniunctionum
1255 2902 1418 2985 naturales,
1442 2903 1536 2965 idest

233 3010 396 3092 simplices,
419 3027 484 3070 esse
510 3008 681 3088 probantur.

323 3117 399 3178 Sunt
422 3119 660 3195 coniunctiones,
691 3133 780 3196 quae,
811 3133 878 3175 cum
903 3113 968 3175 aliis
998 3113 1132 3193 partibus
1162 3117 1305 3177 orationis
1328 3117 1536 3201 respondeant,
1550 3133 1578 3173 ²⁵

233 3225 386 3288 intellectu
411 3235 508 3286 tamen
532 3223 759 3303 discernuntur,
783 3231 887 3303 utve,
911 3223 1019 3282 sinon
1043 3241 1112 3284 cum
1136 3226 1333 3285 commotione
1356 3227 1445 3286 animi
1467 3245 1534 3306 pro·

233 3335 401 3412 nuntiatur,
424 3335 481 3393 erit
504 3332 687 3409 coniunctio,
710 3338 744 3390 ut
768 3323 956 3389 ‘Pariusve
985 3324 1108 3410 lapis';
1135 3332 1161 3390 si
1189 3350 1259 3391 vero
1290 3351 1340 3393 vae
1365 3352 1433 3395 cam
1457 3352 1535 3394 com-

235 3443 363 3502 motione
383 3441 472 3500 animi
494 3439 678 3519 proferatur,
701 3439 759 3497 erit
782 3437 965 3518 interiectio,
988 3443 1021 3496 ut
1044 3431 1108 3496 ‘vae
1137 3439 1245 3499 misero
1270 3435 1352 3499 milii’
1377 3488 1383 3500 .
1408 3459 1536 3523 quoque,

234 3551 259 3609 si
283 3566 342 3625 pro
371 3545 496 3606 ablativo
520 3564 590 3606 casu
614 3563 674 3605 aaa
703 3542 893 3623 respondeat,
922 3544 979 3603 erit
1006 3546 1190 3625 coniunctio,
1220 3554 1253 3606 ut
1280 3546 1357 3626 apud
1381 3546 1535 3627 Virgilium

433 3679 470 3731 tu
494 3687 635 3749 quoque
660 3665 842 3728 litoribus
865 3669 1005 3728 nostris
1026 3669 1158 3730 Aeneia
1182 3673 1303 3731 nutrix
1328 3719 1334 3731 .
1549 3686 1577 3726 so

234 3848 445 3856 ——--·

324 3965 337 4012 1
358 3956 559 4014 coniunctionis
576 3956 604 4010 Β
677 3963 692 4010 6
711 3954 801 4026 etqui]
821 3953 908 4023 adqui
927 3971 997 4010 corr.
1014 3954 1105 4024 adque
1123 3955 1151 4008 B
1223 3963 1239 4011 9
1259 3957 1308 4026 qui
1326 3961 1380 4031 est]
1404 3961 1535 4030 quisunt

232 4041 260 4094 B
334 4045 367 4093 10
386 4039 507 4094 debeant
524 4039 632 4091 tentum
652 4038 695 4092 est
713 4052 785 4104 queo
804 4033 936 4103 subiungi
949 4035 976 4088 B
1049 4040 1080 4088 11
1101 4041 1312 4106 praeponuntur
1326 4041 1535 4096 coniunctiones

233 4121 344 4175 tantum
362 4136 475 4174 numero
498 4121 606 4189 septem
629 4119 665 4172 he
688 4116 724 4171 sd
749 4116 801 4170 hac
824 4118 867 4170 ast
889 4115 932 4169 sin
955 4115 1092 4171 sinautem
1114 4133 1178 4170 nam
1197 4117 1225 4171 Β
1244 4125 1453 4189 praeponuntur
1471 4137 1534 4176 con-

233 4199 388 4255 iunctiones
407 4217 523 4255 numero
541 4202 604 4254 oeta
623 4199 677 4252 hae
695 4200 819 4265 tentum,
838 4199 868 4251 et
886 4213 919 4250 cc
939 4199 983 4250 ast
1001 4196 1059 4251 sive
1079 4213 1127 4252 seu
1145 4199 1192 4252 vel
1210 4199 1253 4252 sin
1272 4199 1410 4256 sinentem
1429 4203 1535 4257 l'robus

229 4300 260 4352 p.
270 4285 378 4348 144,24.
398 4281 525 4335 lammam
535 4281 665 4347 indicavi,
685 4295 738 4346 qao
748 4281 955 4345 unaeaseptem
965 4276 1205 4335 cootiumstioaioas
1213 4283 1410 4350 praepositivis
1424 4284 1535 4349 eccirlit,

232 4363 259 4417 si
275 4362 353 4417 niodo
376 4365 486 4429 septem,
508 4377 564 4415 oon
586 4376 633 4414 sea
656 4360 690 4413 ab
709 4358 824 4412 Aristaee
846 4355 1000 4423 adscriptae
1022 4364 1101 4412 eram
1173 4366 1206 4414 12
1226 4363 1429 4431 subiunguntur
1452 4381 1532 4432 prae-

234 4441 386 4510 positiones
405 4443 515 4494 tantum
534 4456 647 4494 numero
671 4440 778 4508 septem
798 4438 931 4506 quattuor
953 4436 1006 4491 hee
1029 4454 1081 4492 uae
1105 4456 1176 4508 quae
1199 4457 1252 4496 nee
1271 4458 1382 4511 quoque
1400 4443 1427 4496 B
1502 4452 1534 4499 17

234 4520 282 4592 sit]
307 4521 340 4574 fit
356 4520 384 4573 B
465 4527 498 4574 21
524 4536 637 4590 prossus
666 4523 695 4574 et
721 4517 800 4572 heria
825 4519 944 4584 utreque
969 4517 997 4570 B
1017 4559 1023 4571 .
1042 4518 1156 4587 hyphen
1183 4526 1209 4575 et
1234 4521 1372 4576 diastolen
1400 4528 1536 4579 comicum

233 4601 342 4654 menime
360 4602 586 4670 comprehendisse
603 4601 710 4655 sistetur
727 4598 921 4667 psammeticus
992 4603 1026 4652 23
1044 4600 1197 4671 naturales]
1217 4601 1378 4657 moralesB
1450 4613 1484 4659 26
1503 4610 1536 4661 ut

233 4681 353 4734 suinae
372 4678 396 4731 si
414 4697 470 4733 non
488 4679 672 4735 commotione
690 4678 776 4732 animi
795 4676 1010 4747 pronuntientur
1027 4679 1055 4733 Β
1127 4687 1160 4736 27
1180 4681 1311 4736 Pariusve
1330 4682 1415 4755 lapis]
1435 4685 1535 4755 papius

234 4758 280 4812 uel
297 4759 379 4828 papis
397 4760 438 4813 B:
463 4759 539 4827 Verp.
558 4759 627 4813 Aeo.
648 4759 668 4811 I
686 4764 740 4813 593
827 4756 850 4810 si
868 4772 933 4811 nero
953 4774 987 4810 ne
1006 4760 1178 4815 commotio.
1194 4777 1228 4815 ne
1246 4761 1274 4815 Β
1365 4762 1388 4816 si
1407 4765 1534 4821 ablatiuo

234 4856 299 4894 casn
317 4839 485 4909 respondent
502 4840 529 4892 B
601 4845 636 4892 30
654 4841 686 4893 tu
704 4835 827 4908 quoque]
854 4836 930 4905 Verp.
950 4837 1019 4892 Aen.
1046 4838 1112 4893 VII
1128 4846 1144 4894 1
