3316 5474
603 369 671 425 Ans
699 366 944 424 desumimus
1361 368 1425 433 417

125 466 277 516 mmmm

125 556 196 615 item
218 553 345 634 prodere
368 554 456 615 modo
479 562 547 615 aute
570 554 641 617 dare
664 557 822 636 signifieat,
844 564 878 617 ut
900 555 1027 637 prodere
1050 558 1175 637 patrium
1193 557 1316 636 dieitur,
1338 555 1426 617 modo

125 680 214 741 porro
237 661 308 723 dare
331 670 362 722 et
385 680 562 743 propagare,
584 671 618 723 ut

262 769 401 831 ltaliam
424 779 569 850 regeret
592 768 664 852 [et],
687 789 803 850 genus
825 770 898 832 alto
922 789 938 831 a
961 773 1135 850 sauguine
1158 771 1292 833 Teucri

262 877 443 959 proderet.
1008 887 1014 900 ‘

84 995 98 1036 ⁵
126 991 155 1045 et
177 1003 232 1064 pro
255 987 474 1066 praepositione
488 987 543 1066 iu,
566 994 600 1046 ut
622 1005 676 1066 pro
700 988 821 1068 rostris,
843 1005 898 1066 pro
922 985 1075 1070 tribunali,
1100 999 1132 1049 ut

306 1093 560 1172 hirsutumque
584 1093 821 1174 supercilium
844 1097 1095 1175 promissaque
1118 1094 1241 1169 barba,

125 1201 154 1261 id
178 1208 223 1262 est
247 1202 390 1282 immisse,
414 1219 431 1258 s
454 1208 484 1261 et
507 1220 561 1282 pro
581 1220 616 1262 eo
641 1201 720 1282 quod
744 1210 791 1263 est
812 1191 913 1281 ὑπέρ,
937 1212 970 1264 ut

276 1326 381 1369 uuum
404 1308 494 1369 illud
518 1308 600 1390 tibi,
623 1318 705 1370 nate
728 1308 806 1391 dea,
828 1328 965 1389 proque
988 1310 1153 1373 omuibus
1177 1329 1282 1373 unum

277 1416 489 1496 praedicam.

86 1541 112 1580 ro
213 1524 257 1585 Ab
280 1533 311 1586 et
329 1543 364 1585 er
385 1525 634 1604 praepositiones,
657 1525 682 1584 si
701 1542 831 1603 sequens
849 1524 972 1586 verbum
991 1544 1007 1586 a
1026 1525 1118 1587 rooali
1137 1528 1258 1606 incipiat
1265 1575 1273 1606 ,
1296 1528 1429 1606 integrae

125 1633 304 1713 elleruutur,
340 1640 374 1692 ut
405 1651 440 1692 ex
469 1631 590 1712 oppid03
625 1633 650 1692 si
673 1641 872 1692 consonantes
900 1641 1076 1714 sequantur,
1108 1642 1269 1694 extremam
1301 1632 1428 1694 litteram

124 1738 267 1819 perdunt,
286 1748 319 1799 ut
338 1759 353 1799 e
374 1739 452 1819 loro;
471 1738 622 1820 similiter,
640 1741 666 1799 si
685 1738 793 1800 rooalls
813 1736 818 1818 Ι
839 1749 982 1819 sequatur
996 1743 1223 1802 consonantium
1241 1739 1306 1800 loeo
1325 1742 1430 1822 posita,

125 1852 158 1906 ut
186 1865 201 1905 e
231 1847 275 1906 ria
299 1891 307 1907 .
330 1846 385 1906 hae
414 1855 512 1907 autem
541 1864 600 1906 non
629 1864 723 1907 unum
751 1845 889 1926 idemque
916 1849 1100 1923 siquificuut.
1146 1866 1203 1909 uec
1231 1851 1310 1909 euim
1337 1866 1429 1908 unum

125 1956 263 2029 idemque
285 1962 331 2014 ost
359 1948 386 2012 ‘a
411 1952 526 2014 theatro
551 1947 647 2014 venio'
676 1961 706 2014 et
738 1947 785 2013 ‘ex
815 1948 951 2014 theatro'.
997 1972 1064 2014 nam
1093 1957 1143 2034 qui
1171 1955 1243 2016 dicit
1270 1973 1286 2014 a
1314 1953 1429 2015 theatro

87 2078 111 2115 rs
126 2079 157 2119 se
181 2062 297 2141 uenire,
325 2079 384 2121 non
413 2080 448 2121 er
476 2062 540 2139 ipso
570 2060 700 2142 theatro,
727 2059 908 2121 sedeloco
932 2063 984 2140 qui
1007 2070 1054 2122 est
1080 2061 1196 2123 theatro
1219 2063 1372 2142 proximus
1396 2081 1429 2121 se

126 2169 225 2227 venire
256 2169 413 2248 significem
447 2170 497 2246 qui
529 2186 599 2227 vero
632 2186 668 2227 ex
700 2163 834 2248 theatro,
865 2186 904 2227 ex
938 2169 1003 2247 ipso
1030 2167 1146 2230 theatro
1175 2170 1321 2248 signifieat
1348 2216 1355 2228 .
1382 2167 1429 2229 his

125 2274 394 2354 praepositionibus
417 2293 504 2354 pares
527 2276 676 2336 contraria
710 2282 855 2353 potestate
884 2284 954 2336 suut
982 2275 1017 2336 ad
1045 2286 1076 2337 et
1102 2276 1148 2358 in,
1178 2293 1254 2356 quae
1285 2282 1315 2336 et
1347 2277 1427 2356 ipsae

125 2399 183 2441 nou
208 2400 300 2443 uutrm
327 2381 464 2462 idemque
492 2383 673 2463 significant,
700 2383 769 2460 qula
796 2383 827 2442 iu
854 2382 953 2444 lorum
984 2385 1028 2443 ire
1060 2391 1107 2444 est
1137 2386 1168 2444 iu
1200 2385 1298 2463 ipsum
1330 2383 1428 2443 lorum

124 2493 249 2571 intrare,
272 2488 307 2549 ad
323 2490 420 2550 lorum
435 2499 532 2551 autem
547 2491 605 2569 ire,
628 2487 664 2548 ad
678 2488 777 2550 locum
791 2489 856 2549 loro
870 2491 1047 2569 proximum.
1093 2491 1229 2552 similiter
1248 2489 1283 2550 ad
1300 2489 1427 2551 tribunal

85 2598 205 2657 revenit
228 2596 370 2677 litigator,
394 2598 423 2656 in
447 2595 576 2658 tribunal
599 2613 671 2657 vero
694 2613 815 2677 praeses
839 2604 890 2657 aut
912 2597 1009 2658 iudex.

570 2787 630 2852 DE
655 2787 985 2854 CONIVNOTIONE

214 2935 390 2997 Coniunctio
414 2942 460 2996 est
487 2953 555 3014 pars
578 2936 720 2996 orationis
748 2943 871 2996 nectens
899 2934 1098 3015 ordinansque
1127 2938 1304 2998 sententiam
1327 2984 1334 2997 .
1358 2955 1427 2998 oon-

124 3044 268 3104 iuuetioni
283 3043 422 3104 accidunt
436 3043 528 3121 figura
542 3041 615 3103 ordo
629 3048 769 3122 potestas.
797 3043 891 3122 ligura
905 3052 951 3103 est
964 3060 1023 3122 qua
1037 3051 1168 3124 apparet,
1182 3051 1283 3105 utrum
1301 3044 1426 3124 simplex

125 3153 175 3225 sit,
208 3158 242 3211 ut
274 3150 407 3231 quidem,
439 3168 475 3210 ou
509 3151 685 3230 composita,
716 3156 750 3210 ut
783 3150 921 3228 equidem
949 3197 956 3210 .
985 3149 1058 3210 ordo
1093 3168 1152 3230 quo
1185 3158 1320 3232 apparet,
1352 3169 1427 3230 quae

85 3288 111 3327 25
124 3260 267 3338 praeponi
289 3265 404 3318 tautum
427 3258 535 3336 possit,
564 3263 597 3316 ut
624 3274 705 3338 nam,
733 3274 808 3336 quae
836 3255 989 3335 subiungi,
1016 3264 1050 3318 ut
1078 3276 1150 3338 que,
1179 3277 1259 3333 queo
1285 3260 1426 3338 praeponi

125 3374 155 3426 et
179 3365 331 3447 subiungi,
355 3373 387 3425 ut
411 3374 441 3425 et
465 3413 470 3424 .
495 3372 625 3443 potestas
648 3365 892 3425 coniunctionum
914 3365 945 3424 in
969 3363 1005 3423 Vl
1029 3366 1144 3445 speeies
1173 3364 1327 3426 dividitur:
1356 3372 1426 3426 sunt

125 3475 204 3533 enim
219 3472 414 3552 copulativae,
434 3471 580 3553 causales,
594 3471 827 3546 ratiocinatirae,
841 3470 1016 3553 repletione,
1029 3470 1238 3553 disiunctirae,
1252 3471 1405 3534 dubitandi
1419 3520 1426 3533 .

215 3655 305 3708 Codes
323 3653 519 3723 Suuqollensss.
569 3658 582 3705 1
602 3652 682 3724 item]
700 3652 764 3708 ideo
842 3650 1015 3722 significetur
1032 3653 1150 3723 prodere
1226 3661 1242 3708 2
1261 3656 1357 3726 porro]
1376 3672 1428 3725 pro

160 3737 193 3789 nt
206 3751 255 3790 om.
329 3737 390 3789 bet
402 3750 453 3803 pro
467 3749 534 3803 pree
548 3733 577 3787 in
591 3734 691 3804 postris
705 3751 756 3804 pro
770 3731 904 3788 tribunali
976 3733 1212 3806 dhirsulnmque]
1223 3735 1262 3790 ite
1277 3739 1427 3804 oleumque

160 3816 260 3888 barba]
280 3814 366 3869 uerba
438 3821 453 3868 7
471 3813 502 3867 id
522 3814 575 3885 esi]
595 3813 632 3868 id'
714 3816 746 3869 nt
763 3831 814 3869 om.
893 3819 925 3867 12
944 3816 977 3867 ut
995 3813 1069 3869 storo
1154 3822 1185 3869 13
1205 3832 1260 3871 non
1278 3833 1363 3870 unum
1382 3815 1427 3870 ide

126 3898 288 3953 eetheatro
363 3902 393 3949 17
415 3896 584 3966 potestatem
656 3895 740 3967 quse]
760 3894 835 3963 quod
907 3899 940 3948 21
960 3894 1009 3949 DE
1029 3893 1304 3951 CONIVNCTIONE
1323 3913 1374 3951 om.

125 3984 159 4032 23
179 3992 250 4046 qnae
269 3978 388 4045 apparet
406 3993 441 4030 nn
461 3975 580 4045 simplex
600 3977 643 4030 est
722 3981 756 4030 21
776 3993 848 4044 quoe
867 3976 962 4030 ultimo
980 3977 1037 4031 loeo
1055 3991 1104 4031 otu.
1186 3983 1219 4030 27
1239 3976 1427 4032 mtionutinae

216 4143 228 4190 t
249 4140 282 4190 ut
299 4134 416 4206 prodere
434 4135 554 4204 petriam
573 4135 676 4191 dieitur
698 4136 825 4206 proditor
843 4135 987 4189 Diomedes
1065 4135 1225 4208 altalism]
1256 4137 1333 4207 Verp.
1357 4139 1426 4192 Aeu.

126 4220 210 4272 IIII
226 4223 284 4273 230
356 4222 372 4269 6
392 4215 599 4288 hirsutumque]
625 4215 702 4286 Verq.
721 4216 808 4270 buool.
827 4220 891 4281 8,34
964 4222 979 4270 7
998 4216 1028 4271 id
1050 4220 1093 4272 est
1115 4216 1244 4282 inmisss3
1268 4219 1298 4271 et
1319 4234 1370 4287 pro
1394 4233 1427 4271 eo

124 4299 200 4369 qnod
219 4300 263 4352 est
279 4294 347 4350 ἀντί
362 4296 438 4365 apud
457 4296 590 4365 Graecos,
618 4299 650 4351 ui
672 4313 735 4351 oum
758 4295 876 4352 dioimus
901 4297 1023 4350 ‘oeream
1041 4312 1093 4366 pro
1112 4297 1279 4367 Iphigeniru'
1308 4300 1338 4352 ei
1365 4296 1427 4367 ‘pro

125 4379 200 4433 dulci
218 4380 338 4432 Ascanio
362 4375 482 4442 veniat?
512 4379 542 4432 ot
567 4395 618 4447 pro
642 4393 675 4432 eo
699 4377 774 4446 quod
798 4379 841 4432 eet
862 4372 936 4445 ὑπὲρ
958 4377 1102 4432 Diomedes
1191 4378 1323 4449 8unnm]
1349 4376 1426 4448 Vero.

125 4461 193 4514 Aeu.
214 4459 276 4511 ΙΙΙ
294 4462 348 4512 435
421 4463 453 4510 10
471 4457 516 4511 Ab
535 4460 564 4512 et
582 4457 628 4529 ex]
648 4457 738 4513 Dium
755 4476 785 4528 p.
806 4462 907 4523 slusa
925 4457 1006 4512 Beda
1023 4458 1056 4512 de
1073 4458 1191 4527 orthoyr.
1206 4476 1236 4527 p.
1256 4463 1343 4524 263,3

127 4547 159 4595 13
177 4556 233 4594 non
256 4538 331 4592 idem
353 4555 495 4605 unumque
517 4539 687 4608 signitionnt:
710 4555 763 4593 nee
786 4538 860 4593 onim
884 4554 970 4592 unum
993 4539 1037 4593 est
1058 4555 1077 4592 s
1098 4539 1210 4592 theatro
1233 4537 1328 4592 venire
1346 4540 1427 4594 etex

124 4620 235 4675 theatro
255 4619 397 4673 Diomedes
479 4624 512 4673 17
530 4635 611 4689 pares
634 4620 699 4673 sumt
721 4618 862 4674 contraris
882 4619 1024 4688 potestate
1048 4621 1114 4674 sont
1131 4619 1234 4674 codices
1251 4619 1357 4684 Bedoe,
1378 4619 1427 4674 obi

125 4717 206 4770 poree
226 4699 274 4753 sed
293 4697 433 4753 contraria
451 4700 539 4754 edidi:
562 4715 644 4768 pares
666 4715 716 4753 om.
735 4699 879 4754 Diomedes
950 4705 984 4753 20
1002 4698 1126 4769 praeses]
1150 4703 1262 4768 praeter
1283 4699 1428 4754 Womedea

124 4787 149 4835 et
167 4783 246 4836 Beda
317 4785 350 4834 21
371 4780 418 4834 DE
439 4777 725 4850 CONIUNCTIONE]
750 4779 857 4837 Glisma.
871 4797 902 4850 p.
922 4784 1029 4846 22404
1048 4780 1140 4835 Diem.
1155 4798 1186 4850 p.
1206 4785 1305 4847 415,13
1324 4780 1426 4835 Domai.

122 4879 151 4930 p.
171 4866 278 4925 388‚28
349 4866 383 4912 25
402 4861 539 4931 praeponi
558 4863 587 4915 et
605 4859 737 4931 subiungi
754 4862 788 4916 ot
804 4861 891 4917 elium
911 4861 1057 4916 Charisius
