3316 5474
623 419 672 477 DE
691 420 788 478 ARTE
807 420 974 478 unumne
1382 421 1448 487 259

143 521 327 575 arem-ear.

147 607 282 688 vulgares
304 616 409 687 poetae
433 626 555 669 necesse
580 618 626 670 est
648 612 775 690 rustice,
798 609 878 670 docti
901 610 1009 670 iaciant
1034 608 1130 670 docte.
1168 627 1227 687 qno
1251 609 1339 670 modo
1364 618 1393 669 et
1417 607 1452 668 ad

145 717 239 776 instar
263 715 379 776 iambici
403 718 491 776 metri
514 714 714 795 pulcherrime
738 717 833 779 iactus
856 724 902 778 est
925 715 1053 796 hymnus
1076 715 1124 776 illc
1148 717 1332 799 praeclarus,

518 842 580 885 rex
604 832 750 885 aeterne
773 824 933 904 domine,

518 950 642 993 rerum
664 941 812 994 creator
833 933 1006 1012 omnium,

119 1062 132 1102 a
402 1036 406 1042 ’
519 1041 579 1119 qui
602 1058 683 1101 eras
705 1047 789 1100 ante
813 1038 961 1100 saecula

518 1165 655 1226 semper
678 1165 755 1208 cum
778 1155 880 1227 patre
905 1144 1023 1225 lilius,
1064 1206 1067 1211 ,

146 1262 177 1311 et
205 1252 253 1313 alii
284 1251 470 1313 Ambrosiam
500 1271 560 1313 non
591 1255 686 1334 pauci.
730 1255 801 1314 item
832 1252 867 1313 ad
898 1253 1023 1312 lormam
1053 1254 1140 1313 metri
1171 1251 1312 1313 trochaici
1344 1263 1455 1314 canunt

149 1356 291 1437 hymnum
314 1359 351 1419 de
375 1358 423 1420 die
446 1359 549 1420 iudicii
572 1378 633 1440 per
649 1353 868 1442 alphabetum,l
908 1365 911 1368 ⁴

520 1464 711 1546 apparebit
733 1468 929 1545 repentina

109 1597 134 1634 ro
520 1573 598 1634 dies
621 1590 745 1652 magna
768 1572 918 1653 domini,

521 1681 580 1741 lur
602 1680 757 1742 obscura
780 1678 879 1740 velut
902 1687 1007 1739 nocte

521 1788 739 1867 improvisos
762 1803 952 1866 occupans.

386 1959 504 2036 QVOD
529 1960 635 2026 TRIA
660 1958 760 2026 SINT
784 1958 966 2025 GENERA
989 1957 1222 2023 POEMATOS

240 2107 317 2182 Sapo
337 2110 405 2187 quia
425 2109 516 2170 multa
535 2090 751 2190 disputavimus
769 2105 806 2168 de
827 2106 1014 2187 poematibus
1033 2100 1064 2167 et
1082 2108 1199 2186 metris,
1223 2126 1455 2170 commemoran-

111 2236 135 2274 rs
150 2214 220 2274 darm
244 2217 274 2274 in
299 2215 379 2275 calce
404 2218 472 2295 quia
495 2224 649 2295 poematos
672 2232 781 2295 genera
802 2220 873 2273 sunt
896 2214 961 2273 tria.
998 2222 1049 2274 aut
1072 2216 1152 2275 enim
1177 2215 1305 2275 activum
1324 2214 1369 2274 vel
1393 2216 1457 2276 iml·

142 2323 274 2381 tativnm
299 2329 359 2404 est,
383 2322 462 2401 qnod
482 2321 588 2383 Graeci
611 2322 794 2383 dramaticon
818 2318 864 2380 rel
887 2321 1057 2381 mimeticon
1080 2320 1241 2402 appellant;
1264 2330 1316 2385 aut
1339 2341 1456 2384 enarra·

150 2429 252 2510 tirum,
271 2428 349 2508 quod
364 2428 469 2488 Graeci
488 2430 710 2507 exegematicon
729 2426 776 2488 rel
802 2426 1006 2507 apangelticon
1025 2437 1211 2509 nuncupant3
1231 2437 1282 2489 aut
1300 2448 1457 2491 commune

150 2534 195 2594 rel
226 2537 364 2616 mixtum,
392 2534 471 2614 quod
495 2534 601 2596 Graeci
624 2553 739 2596 coenon
767 2533 813 2594 rel
840 2534 951 2593 micton
980 2544 1092 2595 vocant
1129 2534 1310 2596 dramaticon
1339 2546 1385 2597 est
1413 2536 1456 2596 vel

150 2643 287 2722 activum,
303 2644 333 2702 in
353 2660 411 2721 quo
431 2660 577 2721 personae
591 2641 747 2722 loquentes
766 2639 999 2700 introducuntur
1013 2641 1077 2699 sine
1096 2639 1456 2726 poetaeinterlocutione,

110 2768 136 2808 ao
151 2758 184 2807 ut
202 2766 234 2807 se
253 2747 362 2808 habent
386 2749 553 2828 tragoediae
579 2758 609 2809 ot
632 2746 761 2809 iabulae:
785 2745 886 2807 drama
910 2747 988 2806 enim
1012 2744 1102 2806 latine
1126 2745 1223 2807 sabula
1248 2748 1371 2810 dicitur:
1395 2768 1454 2828 quo

150 2872 260 2933 genere
284 2857 395 2934 scripta
420 2863 466 2914 est
1457 2837 1470 2857 ⁹

310 2980 379 3042 quo
404 2961 445 3021 de
468 2961 580 3023 lloeri
603 2957 734 3042 pedes?
757 2978 797 3020 an
822 2977 889 3039 quo
913 2961 967 3019 via
991 2959 1104 3041 ducit,
1126 2963 1161 3021 in
1182 2959 1327 3023 urbem?
1358 3027 1361 3032 ,

151 3087 209 3148 quo
237 3068 314 3149 apud
344 3087 397 3129 nos
425 3087 535 3147 genere
566 3070 681 3129 cantica
704 3068 888 3128 canticorum
911 3068 1022 3145 scripta
1046 3076 1129 3148 sunt,
1152 3067 1203 3128 uhi
1227 3088 1281 3129 vox
1305 3069 1455 3131 alternans

151 3173 261 3235 Christi
276 3184 305 3236 et
319 3175 460 3258 ecclesiae
472 3177 589 3237 tametsi
604 3193 663 3235 non
679 3171 764 3251 [hoc]
779 3171 999 3251 interloquente
1010 3175 1156 3251 scriptore
1173 3177 1328 3236 manifeste
1344 3180 1454 3256 reperi·

110 3291 208 3343 estur.
250 3285 470 3362 exegematicon
494 3291 540 3343 est
566 3280 611 3342 vel
640 3281 855 3359 enarrativum,
882 3281 912 3338 in
942 3297 1001 3358 quo
1029 3289 1116 3359 poeta
1145 3283 1207 3360 ipse
1235 3281 1368 3362 loquitur
1391 3287 1454 3345 sine

151 3388 240 3449 tullius
258 3391 484 3469 interpositione
503 3407 658 3472 personae,
676 3395 710 3448 ut
728 3405 761 3446 se
780 3384 891 3446 habent
910 3392 972 3446 tres
990 3385 1060 3446 hbri
1078 3390 1209 3467 georgici
1227 3391 1283 3450 toti
1297 3399 1327 3450 et
1346 3385 1452 3474 primal

150 3514 219 3576 pars
242 3496 354 3576 quarti,
381 3497 453 3556 item
476 3495 607 3558 Lucretii
635 3497 765 3557 carmina
789 3502 819 3554 et
847 3491 893 3553 his
923 3492 1036 3555 similia.
1074 3513 1133 3574 quo
1161 3513 1271 3574 genere
1294 3496 1371 3576 apud
1401 3516 1454 3557 nos

151 3605 279 3682 scriptae
299 3611 369 3662 siant
391 3601 545 3682 parabolae
566 3602 731 3678 Salomonis
750 3608 781 3661 et
798 3598 1001 3682 ecclesiastes,
1024 3618 1100 3680 quae
1119 3603 1150 3661 in
1169 3619 1222 3662 sua
1241 3600 1354 3684 lingua,
1378 3605 1455 3664 sicut

151 3718 181 3769 et
207 3708 396 3789 psalterium,
418 3719 514 3771 metro
539 3718 654 3771 constat
677 3727 744 3771 esse
767 3709 944 3787 conscripta.
987 3725 1101 3768 coenon
1125 3717 1171 3768 est
1198 3708 1245 3769 vel
1273 3712 1396 3792 micton,
1424 3712 1454 3770 in

111 3836 138 3874 ao
152 3834 210 3895 quo
224 3823 311 3895 poeta
330 3818 394 3897 ipse
414 3815 546 3895 loquitur
560 3824 591 3877 et
609 3833 755 3898 personae
775 3813 932 3893 loquentes
949 3814 1191 3896 introducuntur,
1206 3824 1239 3875 ut
1257 3823 1328 3876 sunt
1345 3817 1456 3896 scripta

152 3922 218 3982 llias
237 3932 267 3983 et
285 3921 416 4003 Odyssea
434 3921 556 3984 Homeri
575 3931 605 3984 et
623 3922 770 3984 Aeneidos
788 3918 903 3999 Virgilii
922 3927 950 3980 et
973 3920 1049 4000 apud
1070 3937 1124 3981 nos
1146 3921 1270 3982 historia
1293 3921 1371 3983 beati
1394 3921 1455 4003 lob,

152 4045 363 4053 ——-—-·———

242 4101 274 4149 13
294 4093 394 4160 QVOD
414 4094 500 4150 Tum
520 4094 604 4149 SINT
623 4092 775 4148 GENERA
796 4088 992 4145 robustos
1011 4090 1103 4146 Diem
1122 4096 1189 4162 482,
1207 4099 1243 4147 13

242 4255 347 4311 ldocti
365 4254 473 4310 faciant
490 4255 572 4310 docte
591 4253 676 4313 sLP
693 4253 775 4308 docte
793 4249 903 4305 faciunt
920 4248 997 4306 docti
1015 4251 1045 4305 F
1124 4253 1264 4321 quomodo
1283 4256 1312 4308 et
1329 4254 1364 4307 nd
1385 4251 1455 4308 Fet

151 4341 286 4404 caponem
306 4337 336 4390 et
353 4335 380 4388 L
398 4334 538 4403 quomodo
557 4333 595 4388 ad
613 4334 664 4392 ςΡ
724 4330 845 4387 Sindici
865 4328 896 4383 F
955 4328 1109 4384 allabetum
1128 4331 1155 4385 L
1174 4333 1336 4386 elbebotnm
1355 4333 1417 4386 FP

154 4421 186 4469 rs
204 4414 402 4471 Pouuaros
422 4412 453 4467 F
473 4412 682 4469 Ponusuvu
700 4412 727 4465 L
818 4415 851 4463 14
874 4406 953 4479 quio]
977 4406 1045 4477 quid
1063 4408 1095 4463 F
1182 4417 1216 4465 aa
1233 4413 1379 4480 poematos
1391 4390 1459 4466 'FP

152 4498 313 4564 poematum
328 4495 355 4548 L
410 4500 442 4548 16
462 4493 618 4550 mimiticon
633 4509 649 4552 ς
667 4492 818 4563 myctycon
832 4489 863 4544 F
879 4486 1011 4543 micticon
1025 4488 1052 4542 L
1070 4488 1205 4563 micbigon
1224 4491 1252 4544 P
1305 4498 1336 4546 1⁷
1356 4509 1454 4563 exege-

152 4576 276 4630 maticon
300 4574 331 4629 F
416 4583 448 4631 18
471 4592 578 4631 coenon
601 4573 713 4642 (coinon
736 4589 806 4628 corr.
829 4588 916 4626 cenon
939 4568 977 4638 L)
1002 4569 1048 4623 uel
1070 4569 1177 4625 micton
1199 4569 1261 4624 LP
1288 4571 1387 4627 coinen
1409 4573 1455 4627 uel

152 4654 259 4710 mikion
272 4654 303 4709 F
355 4661 389 4708 tt
409 4674 463 4726 quo
482 4658 523 4727 te]
544 4654 622 4723 Verp.
637 4653 723 4708 bucol.
737 4658 794 4720 9,1
849 4656 883 4704 23
902 4648 978 4719 qnod
996 4649 1071 4719 apud
1085 4649 1116 4703 F
1167 4656 1202 4705 24
1220 4667 1276 4706 non
1289 4651 1319 4705 in
1336 4653 1391 4707 hoc
1405 4653 1457 4710 ςΡ

191 4734 338 4790 manifeste
358 4736 384 4788 L
402 4736 553 4791 manifesta
571 4732 650 4792 PFc
717 4738 752 4787 25
770 4730 999 4802 exhegemeticon
1017 4730 1049 4785 F
1114 4736 1148 4785 26
1167 4729 1263 4802 ullius]
1282 4731 1359 4786 illins
1377 4733 1408 4786 F

152 4823 186 4871 29
206 4817 337 4872 constant
354 4816 380 4869 L
435 4823 469 4871 30
487 4820 521 4871 nt
538 4818 604 4870 sunt
620 4813 726 4884 scripte
743 4812 774 4866 F
789 4815 822 4868 nt
840 4827 926 4882 snpra
942 4810 1047 4881 scripta
1066 4811 1149 4868 §LP
1218 4817 1250 4865 31
1271 4811 1370 4867 iliades
1389 4827 1406 4868 ς

153 4896 286 4951 aeneidos
306 4895 365 4949 LP
380 4897 494 4952 aneidos
514 4896 545 4949 F

1069 5048 1077 5070 α
1190 4980 1243 5037 tt*
