3316 5474
227 362 292 433 226
492 368 612 422 ΒΕΒΑΕ
637 367 685 422 DE
704 370 801 424 ARTE
821 371 932 427 METR.
952 370 999 425 ΕΤ
1017 371 1066 426 DE
1085 371 1268 427 ORTHOGR.

225 555 449 634 grammaticum
472 552 508 612 do
529 553 738 631 cacosyntheto
758 555 914 635 appellarit
936 575 964 634 p.
979 552 1074 616 2347.
1107 574 1210 616 verum
1230 575 1266 616 ne
1290 558 1321 616 in
1344 554 1391 614 his
1410 555 1530 634 quidem

224 659 385 739 quidquam
415 661 566 738 reperitur
595 661 673 739 quod
703 662 825 740 dignum
853 681 919 724 esse
948 665 1089 735 memoria
1112 662 1254 723 videatur.
1296 672 1385 741 atque
1410 664 1531 722 omnino

225 767 322 827 omitti
346 765 394 825 hic
413 765 511 827 tinini
534 765 609 826 liber
633 769 663 826 in
684 786 757 828 uora
776 769 906 830 editione
925 759 1184 849 grammaticorum
1208 779 1338 854 poterat,
1361 772 1440 830 sicut
1463 769 1529 829 reli·

226 891 283 952 qua
307 891 381 952 quae
406 872 442 933 ab
466 872 515 932 illo
539 880 569 933 et
593 873 765 952 aequalibus
784 876 848 935 eius
872 874 908 936 de
933 884 995 936 arte
1019 878 1208 955 grammatica
1231 878 1341 956 scripta
1365 883 1449 956 sunt,
1474 878 1530 935 uisi

224 978 357 1041 Putschii
386 982 522 1040 instituto
552 980 661 1041 iactum
689 990 768 1041 esset
797 989 830 1042 ut
858 999 916 1041 una
945 999 1012 1041 cum
1040 984 1230 1061 antiquorum
1262 981 1531 1063 orthographorum

224 1086 308 1147 libris
338 1087 425 1165 vulgo
454 1096 660 1166 usurparetur.
699 1106 803 1167 quare,
833 1106 870 1148 ne
894 1087 965 1166 qnid
989 1088 1210 1151 desideraretur
1233 1088 1311 1168 quod
1336 1088 1405 1149 olim
1430 1107 1530 1168 rocep-

225 1201 288 1254 tum
311 1204 404 1275 esset,
432 1212 512 1254 nunc
540 1212 659 1272 quoque
688 1193 786 1254 denuo
809 1193 956 1255 edendum
981 1213 1046 1255 esse
1075 1195 1183 1256 librum
1212 1199 1324 1276 putari,
1355 1199 1530 1275 praesertim
1564 1228 1569 1239 ·

225 1318 292 1360 cum
324 1299 415 1360 multa
446 1319 520 1379 quae
552 1299 648 1361 adbuc
679 1309 818 1380 corrupta
850 1303 880 1360 in
910 1300 956 1361 his
986 1305 1136 1381 excerptis
1168 1302 1340 1364 terebantur
1373 1322 1409 1363 ex
1442 1321 1529 1362 maun

228 1408 347 1486 scriptis
371 1405 523 1467 codicibus
547 1406 725 1485 corrigenda
748 1415 856 1468 esseut
894 1407 970 1469 dnos
992 1418 1091 1470 autem
1115 1409 1234 1470 codices
1252 1409 1287 1470 ad
1312 1428 1375 1470 eam
1395 1428 1457 1470 rem
1482 1408 1530 1469 ad-

225 1512 316 1588 hibui,
336 1513 564 1595 Sangallensem,
585 1532 674 1594 quem
695 1534 762 1575 cum
780 1513 913 1576 Putschii
932 1515 1062 1577 editione
1081 1518 1144 1596 ipse
1163 1515 1361 1596 contuleram,
1376 1526 1405 1577 et
1419 1516 1530 1577 Monte·

225 1620 429 1702 pessulanum,
459 1623 544 1682 cuins
569 1623 748 1701 scripturam
777 1621 975 1682 alluebnero
998 1623 1165 1683 adnotatam
1193 1621 1345 1684 habebam.
1383 1642 1399 1682 e
1424 1621 1532 1702 quihus

187 1750 192 1758 ·
227 1728 424 1808 Sangallensis
444 1747 511 1789 cum
532 1727 666 1790 Putschii
685 1729 814 1790 editione
833 1728 1010 1808 plerumque
1029 1731 1190 1810 consentit,
1213 1728 1313 1791 multis
1333 1739 1429 1790 tamen
1450 1729 1531 1810 locis,

226 1837 256 1895 iu
280 1834 390 1913 quihus
413 1834 574 1896 Beruensis
597 1836 689 1896 codex
714 1835 760 1896 vel
788 1846 948 1916 corruptus
971 1837 1017 1897 rel
1045 1836 1250 1917 neglegentius
1278 1855 1293 1896 a
1317 1836 1458 1898 Putschio
1483 1855 1529 1895 er*

225 1960 347 2022 pressus
376 1951 454 2022 erat,
487 1943 670 2003 emendatam
708 1943 865 2004 lectionem
893 1942 1039 2022 praebuit.
1080 1945 1111 2003 iu
1139 1940 1398 2022 Montepessulano
1431 1939 1532 2000 codiro

225 2067 284 2108 non
309 2047 403 2109 solum
429 2058 566 2128 excerpta
590 2049 646 2110 alio
670 2049 774 2110 ordine
798 2049 940 2129 disposita
964 2049 1015 2110 sed
1040 2050 1128 2110 etiam
1152 2047 1240 2109 rerba
1265 2049 1419 2127 scriptoris
1444 2066 1531 2128 saepe

225 2165 338 2216 temere
357 2164 468 2216 mutata
487 2164 565 2217 sunt.
598 2175 666 2218 cum
685 2157 741 2217 hoo
762 2156 966 2217 consentiebat
985 2154 1233 2237 salisburgensis,
1256 2173 1344 2234 quem
1363 2154 1530 2216 Frobenius

226 2263 380 2343 expressit.
418 2281 473 2343 ego
498 2263 716 2343 Sangallensem
740 2262 872 2324 codicem
896 2265 1021 2323 maxime
1043 2271 1165 2323 secutus
1188 2280 1270 2342 sum,
1291 2263 1377 2321 cuius
1401 2263 1527 2340 scriptu·

226 2386 288 2429 ram
312 2371 351 2429 ita
375 2372 610 2451 repraesentavi,
638 2378 684 2451 ut,
712 2370 762 2431 nbi
786 2370 822 2430 ab
846 2389 879 2431 ea
903 2368 1103 2451 recedendqm
1127 2377 1220 2450 esset,
1247 2367 1474 2447 discrepantiam
1498 2368 1528 2426 in

225 2474 414 2536 adnotatione
434 2476 613 2537 exhiberem.
652 2495 686 2536 ex
707 2459 976 2556 Montepessulauo
989 2474 1105 2578 codice,
1128 2493 1256 2554 quocum
1275 2473 1414 2535 Frobenii
1441 2472 1530 2533 editio

227 2583 305 2642 sicut
324 2582 392 2663 dixi,
411 2585 570 2664 consentit,
589 2602 623 2643 ea
642 2602 717 2662 quae
736 2585 849 2644 rectius
867 2585 898 2644 iu
917 2601 953 2643 eo
973 2601 1060 2662 quam
1079 2584 1109 2642 in
1126 2580 1307 2662 Sangallensi
1327 2581 1402 2642 libro
1421 2583 1530 2660 scripta

225 2698 296 2749 suut
318 2689 365 2749 vel
387 2689 588 2752 memorabilia
611 2709 677 2751 essc
701 2690 877 2751 ridebantur
900 2689 1049 2751 adnotari:
1079 2707 1147 2749 nam
1171 2706 1289 2750 omnem
1315 2688 1449 2749 lectionis
1473 2686 1530 2746 dis·

226 2798 406 2876 crepantiam
429 2806 459 2858 et
483 2805 626 2858 mutatum
652 2806 860 2878 excerptorum
885 2795 1019 2857 ordinem
1043 2793 1174 2856 indicare
1198 2795 1302 2856 inutile
1326 2796 1390 2855 luit.
1428 2794 1530 2855 eadem

226 2904 340 2963 ratione
368 2906 398 2964 iu
426 2903 559 2965 Putsclrii
592 2905 722 2966 editione
750 2923 823 2966 usus
850 2921 932 2985 sum,
960 2921 997 2964 ex
1023 2921 1081 2982 qua
1110 2921 1143 2963 ea
1172 2920 1247 2988 quae
1276 2901 1321 2961 rel
1356 2902 1530 2961 auctoritate

226 3008 337 3069 codicis
356 3009 400 3069 vel
424 3011 628 3071 emendatione
648 3011 772 3071 editoris
791 3012 904 3072 rectius
922 3012 953 3070 iu
972 3028 1006 3070 ea
1029 3028 1118 3089 quam
1141 3010 1171 3068 in
1196 3026 1283 3069 mauu
1304 3009 1423 3088 scriptis
1446 3006 1530 3067 libris
1624 3024 1642 3034 ·‘

224 3115 365 3195 leguntur
388 3117 434 3177 vel
457 3127 581 3198 propter
604 3117 688 3177 aliam
712 3135 831 3178 causam
855 3117 931 3177 hanc
955 3134 1057 3178 curam
1079 3113 1273 3195 requirebant
1302 3114 1428 3175 indicata
1452 3123 1529 3175 strnt.
