3316 5474
645 351 693 405 DE
713 349 1002 405 ORTHOGRAPHIA
1404 350 1467 414 201

161 464 183 499 p.
198 451 256 493 2³12.
273 453 298 491 ra
312 451 336 489 Ρ,

252 535 355 596 Onmis
384 535 491 596 vocalis
516 537 529 594 l
549 555 567 614 g
591 535 609 595 h
633 558 652 617 p
676 556 694 616 q
719 546 730 597 t
754 557 770 595 v
799 555 853 616 pro
878 546 1059 597 consonante
1089 535 1282 614 sequentihus
1311 546 1391 597 caret
1421 535 1470 595 ad·

163 645 340 723 spiratione,
364 653 397 704 ut
416 643 485 703 Aler
505 662 574 722 ager
598 642 651 702 aha
675 645 738 723 apis
762 662 837 724 aqua
861 652 924 704 ater
948 662 1040 725 arua,
1056 645 1146 703 ollem
1167 662 1238 722 egeo
1258 642 1343 703 ehem
1366 642 1469 721 epulae

164 772 269 835 equus,
292 761 323 813 et
346 753 525 830 coniunctio,
549 752 624 828 ignis
648 752 715 830 iter,
738 769 813 830 opus
837 753 937 811 otium
954 752 1025 831 ovis,
1049 758 1116 810 uter
1132 768 1202 820 arva.
1240 749 1276 809 de
1300 752 1367 829 agni
1391 752 1470 811 enim
1545 728 1548 733 ⁹

163 860 270 940 hapso,
293 859 322 920 id
346 867 392 919 est
416 858 536 938 vellere,
559 860 589 917 in
614 857 820 937 superioribus
844 857 956 919 dictum
980 867 1034 918 est.

135 989 151 1029 a
254 964 358 1025 Omnis
386 964 493 1025 vocalis
516 964 526 1024 l
554 975 698 1043 sequente
726 964 837 1044 ahsque
864 983 880 1024 e
909 965 1013 1025 leviter
1041 965 1227 1043 euumiatur,
1255 973 1287 1023 ut
1316 963 1373 1044 ala,
1401 963 1471 1043 ales,

165 1072 210 1132 alo
233 1073 262 1133 id
290 1080 336 1132 est
364 1074 476 1151 nutrio,
504 1070 588 1138 albus
616 1074 644 1134 id
673 1081 719 1134 est
748 1072 837 1152 color,
865 1072 944 1152 alga,
967 1071 1076 1152 almus,
1100 1071 1198 1152 alnus,
1221 1069 1313 1150 altus,
1336 1070 1418 1130 alvus
1441 1071 1470 1131 id

165 1187 212 1239 est
230 1187 343 1260 venter,
366 1179 433 1260 ilex,
457 1178 561 1258 Herda,
583 1180 661 1262 ilico,
680 1180 737 1262 ille,
758 1179 823 1240 olor
841 1179 869 1240 id
890 1189 936 1240 est
954 1198 1075 1259 cygnus,
1094 1177 1202 1257 oleum,
1223 1178 1315 1258 ulcus,
1335 1177 1472 1258 ulciscor,
1497 1204 1509 1218 -

166 1263 273 1366 ulmus,
296 1285 371 1346 ulna.
410 1294 550 1346 notantur
574 1285 639 1347 halo
663 1285 800 1367 verbum,
828 1285 919 1346 hilum
949 1284 1051 1345 hilaris
1079 1284 1165 1346 holus
1189 1280 1315 1345 nomina.
1352 1286 1471 1344 eenim

166 1401 309 1470 sequente
334 1390 342 1450 Ι
365 1389 541 1471 plerumque
565 1395 694 1471 graviter
712 1395 844 1474 ellertur,
868 1392 1022 1454 athelino
1046 1391 1149 1452 helvus
1173 1389 1297 1451 helucus
1320 1391 1424 1470 helops
1442 1400 1472 1451 et

127 1524 153 1563 ιι
167 1498 307 1577 quicquid
332 1498 368 1557 ah
392 1517 451 1559 uno
475 1517 593 1579 quoque
617 1519 721 1560 eorum
746 1501 785 1561 m.

256 1602 360 1665 Omnis
379 1605 487 1664 vocalis
505 1624 534 1664 m
553 1616 696 1685 sequente
717 1606 820 1667 leviter
839 1608 1020 1686 enuntiatur,
1044 1614 1076 1665 nt
1096 1624 1178 1666 amor
1197 1608 1310 1683 amicus
1329 1623 1471 1665 amoenus

167 1730 267 1771 amans
301 1713 426 1772 amictus
458 1730 576 1773 amurca
606 1732 671 1774 emo
700 1732 782 1773 emax
817 1716 894 1773 imus
924 1716 1014 1773 immo
1042 1731 1127 1773 omen
1157 1731 1291 1772 omasum
1319 1719 1472 1773 omentum

168 1837 253 1878 umor
276 1836 399 1878 umerus
423 1819 557 1901 umidus,
583 1823 692 1881 notatis
719 1820 824 1880 hamus
848 1819 992 1880 Hammon
1020 1819 1108 1879 homo
1137 1820 1244 1880 humus
1274 1827 1304 1878 et
1332 1819 1472 1898 quicquid

167 1925 203 1984 ah
227 1926 273 1986 his
296 1927 337 1986 lit.

106 2007 154 2096 Ῑι
258 2032 361 2092 Omnis
381 2033 487 2094 vocalis
507 2053 526 2094 n
546 2044 689 2114 sequente
709 2035 813 2096 leviter
832 2037 964 2117 ellertur,
988 2043 1021 2095 ut
1039 2053 1134 2095 aunus
1153 2034 1258 2095 anulus
1279 2037 1359 2094 ensis
1379 2036 1475 2096 inanis

168 2140 285 2199 initium
305 2139 401 2199 inulae
417 2159 492 2200 onus
507 2149 632 2201 onustus
649 2161 726 2203 arnus
740 2144 856 2222 iunctm,
871 2143 979 2201 notatis
999 2141 1093 2201 honor
1111 2141 1252 2201 honestas
1266 2151 1296 2201 et
1310 2135 1471 2221 lohannes!

169 2244 213 2303 vol
242 2247 408 2324 peregrinis
431 2255 461 2305 et
485 2249 601 2325 punicis
627 2248 761 2330 vocibus,
786 2258 819 2308 ut
841 2247 986 2308 Hannibal
1009 2249 1113 2310 Hanno
1137 2248 1256 2327 Henna',
1279 2257 1309 2308 et
1332 2247 1473 2307 hinnulus

169 2350 213 2411 vel
236 2349 345 2411 hinnus
369 2360 399 2412 et
421 2353 562 2431 quiequid
586 2352 622 2413 ah
645 2354 691 2414 his
716 2355 756 2415 ln.

257 2458 279 2516 A
305 2458 349 2517 vel
372 2479 391 2518 u
417 2460 530 2520 vocales
555 2479 569 2520 r
593 2470 736 2541 sequente
761 2462 864 2522 leviter
888 2464 1094 2542 enuntiantur,
1121 2470 1153 2521 nt
1176 2480 1243 2521 area
1268 2462 1345 2520 aries
1368 2478 1474 2520 aranea

128 2583 256 2628 aoarcus
284 2583 363 2624 arma
393 2566 502 2626 aruluus
530 2576 612 2628 artus
636 2586 686 2627 aro
711 2553 806 2628 urtica
834 2587 922 2650 urna,
951 2571 1059 2628 notatis
1087 2568 1157 2628 hara
1188 2567 1296 2628 harena
1328 2567 1476 2627 harundo:

170 2691 236 2731 uam
265 2672 414 2731 harmonia
444 2672 580 2752 harpyiae
609 2674 757 2754 harpalice
786 2693 890 2754 graeca
918 2683 988 2735 suut
1015 2683 1046 2735 et
1071 2673 1108 2733 oh
1136 2674 1193 2733 hoc
1224 2673 1421 2753 adspirantur.
1459 2691 1475 2732 e

171 2778 277 2838 vocalis
301 2796 316 2838 r
344 2789 487 2858 sequente
515 2779 619 2840 leviter
648 2782 784 2861 eHertur,
812 2789 845 2840 ut
873 2800 943 2841 erus
971 2799 1057 2840 error
1085 2799 1187 2841 ervum
1212 2798 1296 2860 ergo,
1324 2781 1380 2839 nisi
1408 2787 1476 2859 post

170 2903 184 2944 r
209 2884 227 2943 h
251 2897 393 2964 sequatur
417 2887 461 2947 rel
485 2905 504 2947 n
529 2887 574 2947 rel
597 2906 611 2947 s
635 2887 680 2947 rel
704 2907 720 2946 e
744 2887 842 2966 longa:
871 2895 943 2948 tunc
972 2889 1051 2948 enim
1079 2889 1207 2967 graviter
1231 2888 1415 2966 enuntiatur,
1443 2894 1477 2945 ut

169 2991 261 3052 horha
289 2993 430 3054 herbidus
459 2993 581 3054 herhilis
609 2993 769 3075 herbosus,
797 2996 950 3074 proprium
974 2992 1105 3074 Hamae,
1134 2992 1212 3053 undo
1236 3002 1281 3054 est
1305 2988 1475 3053 ‘Hernica

130 3118 252 3160 essexa
276 3095 427 3182 colunt',
451 3100 576 3161 Hersilia
600 3101 688 3162 heres
711 3100 866 3160 heredium
890 3098 1059 3161 Herennius
1082 3103 1250 3180 proprium3
1279 3109 1310 3161 et
1332 3098 1476 3160 Hercules

170 3224 185 3264 a
213 3224 319 3284 gracco
348 3226 401 3287 per
425 3226 583 3287 syncopam
613 3209 722 3268 iacttrm
745 3209 811 3266 iure
835 3206 924 3267 hahet
946 3207 1191 3288 adspirationem,
1222 3206 1287 3266 heri
1315 3209 1403 3266 etiam
1427 3206 1475 3266 ad-

171 3311 304 3372 verhium
329 3316 471 3392 temporis
494 3314 678 3376 differentiae
704 3332 805 3393 cansa,
829 3331 866 3373 ne
889 3315 1043 3392 genetivus
1066 3322 1189 3392 putetur
1210 3312 1245 3373 ah
1269 3332 1304 3373 eo
1329 3312 1407 3392 quod
1432 3321 1477 3373 est

171 3436 241 3477 erus
265 3422 316 3479 cri.
354 3423 363 3480 i
387 3420 494 3480 vocalis
517 3430 585 3483 ante
610 3440 625 3481 r
648 3438 766 3500 semper
794 3419 974 3498 adspiratur,
1002 3428 1037 3479 nt
1064 3419 1166 3480 hircus
1198 3418 1387 3498 hirquitallus
1410 3417 1475 3479 Hir-

171 3548 223 3555 -..

261 3624 273 3670 1
299 3620 388 3673 omnis
411 3620 517 3676 uocalis
536 3621 551 3673 f
566 3638 581 3675 c
600 3638 618 3673 n
637 3637 656 3689 p
675 3637 694 3688 q
712 3621 725 3674 t
744 3639 762 3674 u
786 3635 837 3689 pro
856 3621 1025 3674 consonante
1045 3617 1227 3688 sequentibus
1246 3621 1322 3672 caret
1340 3618 1368 3671 Β
1387 3619 1477 3672 omnis

170 3695 275 3751 nocaHs
294 3697 307 3750 l
319 3698 519 3769 ghlpqtu
538 3703 672 3769 sequente
692 3701 768 3752 carel
787 3700 814 3752 A
833 3697 924 3753 omnis
942 3698 1048 3754 uocalis
1067 3701 1132 3753 anie
1151 3698 1344 3767 fgtpqtu
1361 3702 1438 3753 carot
1455 3697 1480 3753 0
1493 3694 1502 3712 ⁶

224 3782 240 3829 2
259 3792 326 3845 ager
344 3778 391 3833 ala
409 3779 470 3848 apis
489 3780 549 3834 AB
567 3797 634 3851 eger
652 3780 742 3850 alapis
761 3779 785 3835 0
868 3777 965 3850 effero]
985 3778 1071 3834 affero
1089 3779 1116 3832 Β
1135 3777 1234 3834 afferre
1253 3780 1280 3832 A
1298 3777 1382 3834 affere
1402 3777 1426 3833 Ο

171 3855 264 3926 ehem]
283 3857 348 3910 hom
367 3876 434 3915 corr.
455 3861 536 3915 ehem
555 3862 582 3914 A
601 3861 676 3915 enim
694 3861 753 3914 Bo
840 3862 914 3916 :ide
932 3860 999 3931 agni
1018 3860 1092 3914 enim
1111 3860 1199 3928 hapso
1217 3858 1245 3911 B
1264 3857 1299 3913 de
1318 3860 1384 3929 agni
1403 3858 1477 3914 enim

171 3952 239 4005 apso
258 3938 285 3990 A
305 3937 339 3991 de
359 3956 431 4006 agno
450 3940 525 3994 enim
543 3939 655 4009 apsoG
724 3941 793 3995 Ain
815 3941 1003 4011 superioribus
1021 3939 1127 3994 dictum
1151 3941 1195 3992 est
1212 3955 1262 3993 orn.
1282 3938 1340 3994 AO
1410 3943 1479 3995 bnt

171 4015 228 4070 alia
246 4016 304 4071 alea
322 4017 368 4073 alo
387 4019 414 4072 Β
433 4022 465 4073 ul
483 4019 529 4074 ala
548 4020 606 4075 alas
625 4020 671 4074 alo
691 4018 762 4074 Oui
779 4021 824 4075 alo
839 4021 891 4076 alic
909 4022 937 4075 A
1001 4019 1140 4090 iolcum]
1162 4019 1223 4073 oleo
1243 4018 1301 4072 AG
1360 4019 1478 4074 8holns

172 4096 286 4150 nomina
304 4099 363 4151 AB
383 4100 444 4153 olus
463 4099 577 4154 nomina
597 4098 620 4153 O
671 4104 687 4153 9
707 4100 832 4170 grauiter
846 4100 960 4156 effertur
973 4101 1136 4170 plerumque
1150 4098 1183 4151 nh
1196 4097 1270 4153 elluo
1291 4098 1315 4154 C
1366 4100 1477 4169 helvas]

172 4176 271 4230 helnne
289 4178 317 4230 A
336 4178 415 4233 elnns
436 4178 460 4232 G
511 4179 637 4251 helucus]
656 4180 747 4235 hellus
765 4180 823 4234 AG
886 4188 916 4236 11
936 4198 1032 4237 omnes
1051 4179 1162 4235 uocales
1179 4196 1208 4231 m
1226 4181 1359 4247 sequente
1378 4178 1479 4232 leuiter

173 4257 353 4312 enuntiantur
378 4258 402 4313 0
490 4266 522 4313 12
546 4277 643 4315 amano
667 4259 787 4316 amictus
810 4278 924 4316 amurca
947 4262 974 4314 B
997 4277 1094 4315 amana
1117 4260 1195 4314 amat
1217 4274 1330 4312 amurca
1354 4255 1378 4310 0
1400 4259 1478 4311 amnt

174 4355 290 4408 amurga
312 4341 340 4392 A
432 4348 464 4395 13
488 4341 612 4412 umerus]
636 4357 761 4394 umerum
785 4341 845 4395 AB
867 4341 1062 4396 humeran
1148 4337 1299 4408 Hammon]
1329 4336 1481 4390 hamonG

174 4419 306 4479 hamone
358 4427 389 4475 15
406 4421 504 4476 anulus
518 4423 545 4476 Β
559 4421 678 4476 annulus
693 4421 750 4476 AO
797 4421 947 4476 inannisA
961 4419 1053 4475 iannio
1067 4422 1095 4475 Β
1146 4427 1178 4474 17
1198 4417 1309 4488 Henna]
1327 4416 1478 4471 haennaB

229 4505 260 4554 18
280 4502 326 4555 uel
344 4500 465 4556 hinnuns
483 4502 511 4555 B
530 4502 576 4556 uel
595 4503 695 4556 innuas
715 4501 745 4571 0,
764 4518 814 4556 osu.
833 4502 860 4555 A
935 4505 966 4554 19
985 4502 1133 4569 sequentes
1152 4501 1179 4552 Β
1255 4504 1289 4551 21
1314 4495 1431 4566 har-pige
1449 4498 1477 4551 A

174 4581 270 4650 harpie
288 4581 347 4636 BG
398 4587 432 4635 22
452 4582 549 4651 ergoni
568 4582 598 4636 Si
612 4584 675 4651 post
689 4600 702 4634 r
716 4582 735 4636 b
749 4581 974 4650 sequaturneln
991 4580 1038 4634 nel
1052 4597 1094 4635 se
1113 4580 1238 4649 longaB
1257 4575 1355 4648 ergoni
1372 4576 1477 4645 pirb

175 4662 329 4730 aequaturl
349 4663 515 4730 (sequuntur
532 4661 551 4714 l'
568 4661 603 4728 0)
622 4680 641 4718 n
655 4662 673 4715 l'
689 4679 701 4715 s
716 4678 731 4716 e
749 4662 836 4732 longa
849 4659 907 4715 AO
960 4667 995 4716 24
1012 4661 1134 4716 haarnac
1148 4660 1175 4713 Β
1194 4660 1279 4713 herne
1294 4657 1321 4710 A
1339 4636 1485 4712 haemo&

209 4741 295 4812 unde]
316 4744 348 4794 ul
365 4742 392 4794 Β
465 4740 596 4813 Hernico]
618 4741 695 4811 Vere.
711 4742 779 4797 Am.
801 4740 868 4795 VII
880 4745 935 4796 694
1006 4747 1041 4795 26
1060 4757 1110 4810 per
1128 4754 1279 4809 syncopam
1299 4738 1325 4791 A
1344 4754 1394 4807 per
1412 4755 1477 4808 syn·

175 4837 261 4890 copae
282 4820 370 4891 Gper
390 4821 502 4891 sincope
521 4822 548 4874 B
620 4820 718 4892 etiam]
738 4821 768 4874 et
786 4819 846 4874 AB
864 4818 951 4874 eatO
1019 4825 1053 4874 27
1074 4817 1161 4890 qnod]
1182 4835 1235 4888 que
1254 4820 1281 4872 A
