3316 5474
600 367 649 422 DE
676 367 933 423 DIFFERENTHS
1358 367 1420 431 521

123 479 144 516 p.
160 468 219 508 asoa.
234 468 287 508 atos
301 467 326 506 P.

211 552 315 614 Frater
334 564 364 613 et
386 572 553 632 germanus.
600 556 692 614 irater
711 563 761 614 aut
780 573 816 614 ex
836 554 890 613 alia
910 563 1003 613 matre
1023 561 1073 613 aut
1092 572 1126 613 ex
1147 552 1203 613 alio
1222 563 1305 633 patre
1325 562 1424 633 potest

123 679 203 741 esse,
226 679 384 740 germanus
407 679 443 721 en
467 660 561 720 isdem
584 659 758 740 parentibus
781 663 821 720 sit
844 678 966 720 necesse
991 669 1044 720 est.

213 765 317 826 Sermo
341 774 371 827 ot
394 766 527 846 loquella.
570 786 668 827 sermo
701 769 832 828 omniurn
864 769 997 846 gentium
1030 775 1088 848 est,
1121 766 1245 846 loquella
1278 769 1424 846 cuiusque

123 875 220 951 gentis
243 877 361 953 propria
385 868 560 957 dialectos!

82 996 95 1037 ε
211 978 317 1040 Comes
341 989 371 1040 et
398 980 535 1041 adsecula
564 989 594 1040 et
621 979 730 1041 sodalis
758 989 789 1041 ει
816 979 917 1041 cliens.
963 998 1063 1040 comes
1091 983 1148 1040 iter
1176 981 1260 1062 lacit,
1287 980 1423 1041 adsecula

124 1089 260 1164 sequitur
282 1090 494 1168 potentiorem,
517 1086 626 1147 sodalis
649 1086 866 1148 adulescentiae
890 1105 998 1147 nomen
1022 1100 1081 1167 est,
1105 1087 1198 1148 eliens
1221 1106 1238 1144 ε
1261 1090 1301 1148 ita
1324 1106 1424 1149 comes

125 1201 220 1274 tutus,
243 1193 378 1254 adsecula
402 1196 566 1273 officiosae,
590 1193 698 1254 sodalis
721 1197 846 1275 amicus,
869 1193 962 1253 cliens
986 1196 1171 1254 summissus.

212 1299 305 1360 Causa
328 1309 358 1360 ει
381 1304 464 1362 ratio.
511 1320 598 1362 causa
622 1302 709 1362 docet
733 1303 822 1382 lacta,
847 1303 921 1361 ratio
946 1299 1031 1360 solvit
1054 1300 1189 1361 obscura.

211 1407 324 1468 Nomen
348 1418 379 1468 ει
401 1406 584 1469 vocabulum.
626 1427 733 1469 nomeu
758 1409 913 1488 proprium
936 1407 1059 1487 indicat,
1087 1407 1262 1469 vocabulum
1286 1407 1424 1468 diffundit

84 1533 109 1572 ro
123 1514 375 1591 significationem.

212 1619 320 1680 Horret
343 1631 374 1680 ει
397 1621 531 1700 trepidat.
577 1620 681 1681 horret
703 1639 828 1702 corpus,
850 1621 979 1700 trepidat
1002 1630 1099 1682 motus
1123 1625 1220 1683 animi.

213 1726 363 1797 Quaerere
387 1738 417 1787 ot
439 1730 591 1807 inquirere
612 1737 642 1788 ει
660 1727 839 1788 desiderare.
885 1727 1056 1806 quaerimus
1079 1728 1277 1810 disciplinam,
1300 1731 1423 1808 inquiri-

123 1852 190 1893 mus
209 1834 245 1893 de
266 1852 324 1912 quo
344 1834 526 1915 dubitamus,
550 1834 752 1895 desideramus
772 1834 816 1894 vel
836 1834 914 1913 quod
934 1834 1083 1912 diligimus
1103 1835 1145 1894 rel
1167 1836 1245 1915 quod
1264 1839 1424 1896 amisimus.

212 1940 401 2003 Temerarius
433 1952 462 2003 ει
497 1942 600 2002 audax.
650 1944 826 2002 temerarius
862 1943 927 2001 sine
961 1951 1100 2021 respectu
1134 1943 1236 2003 salutis
1269 1942 1360 2004 obicit
1392 1961 1424 2003 se

84 2046 277 2127 repericuliS,
309 2048 401 2108 audax
434 2052 497 2109 sine
531 2051 644 2110 ratione
673 2052 816 2130 impetum
845 2051 922 2110 lacit.
968 2068 1039 2129 ergo
1067 2049 1161 2109 andan
1191 2069 1250 2110 non
1279 2050 1424 2131 providet,

125 2156 300 2213 temerarius
323 2173 383 2214 non
406 2157 499 2216 timet.

214 2259 347 2339 Longum
371 2270 401 2322 et
424 2263 603 2342 longincum.
649 2263 769 2343 longum
793 2262 1000 2343 praeverbium
1028 2272 1086 2343 est,
1114 2267 1213 2343 itaque
1237 2262 1359 2324 verbum
1383 2264 1424 2325 illi

124 2370 297 2446 opponitur:
320 2368 490 2447 longincum
513 2372 629 2430 itineris
653 2380 708 2432 est.

212 2473 292 2533 Felix
312 2484 343 2534 et
361 2477 537 2538 fortunatus.
580 2477 647 2537 lolia
668 2480 708 2539 ita
729 2487 892 2558 natusest,
916 2478 1085 2539 fortunatus
1104 2496 1172 2538 cum
1191 2477 1298 2557 opibus
1316 2496 1424 2538 nomen

84 2582 245 2660 aoaccipit:
269 2583 308 2640 ita
333 2582 399 2641 lelir
426 2593 548 2643 naturae
572 2583 649 2644 hono
674 2586 798 2665 fruitur,
821 2584 989 2644 fortunatus
1012 2584 1165 2644 commodo
1190 2587 1340 2663 temporis.

10 2675 13 2685 ’
212 2689 316 2747 destas
331 2699 361 2748 ει
375 2697 482 2749 aestus.
519 2699 615 2750 aestas
639 2699 772 2770 estpars
791 2693 872 2771 anni,
891 2700 994 2751 aestus
1013 2690 1093 2750 calor
1112 2690 1292 2769 [temporisl.
1325 2701 1425 2752 aestus

124 2812 139 2852 a
163 2795 253 2853 nimio
278 2795 374 2854 calore
398 2815 504 2856 nomen
529 2799 649 2878 accipit3
677 2805 774 2858 aestas
802 2816 909 2857 nomen
933 2815 991 2857 non
1016 2799 1144 2877 amittet,
1172 2800 1287 2857 etiamsi
1315 2807 1424 2877 tompo-

125 2910 186 2960 rata
210 2911 264 2960 est.

214 3007 309 3068 Citius
338 3018 367 3069 et
400 3010 536 3072 celerius.
583 3013 671 3072 citius
703 3010 908 3092 praeverbium
942 3012 1090 3090 qualitatis
1121 3011 1297 3092 praelativae
1330 3012 1425 3072 similo

84 3133 111 3174 as
127 3117 309 3192 cognominis
333 3112 356 3193 †
380 3135 433 3196 pro
458 3129 572 3179 matura
596 3128 642 3178 est
665 3120 752 3178 etiam
776 3120 1000 3209 significantiam
1024 3117 1150 3200 lrabenS,
1175 3118 1254 3180 volut
1277 3122 1334 3179 iarn
1355 3121 1425 3179 lessi

123 3229 191 3280 aute
212 3231 328 3301 tempus
348 3242 380 3282 re
400 3225 475 3285 lacta
494 3235 527 3285 ut
545 3225 684 3304 loquatur
708 3244 767 3285 non
791 3225 921 3286 ostendit
944 3224 1106 3306 qualitatiS,
1130 3225 1182 3286 scd
1207 3229 1356 3306 temporis.
1395 3236 1426 3287 at

124 3327 260 3388 celeritas
283 3331 329 3388 sui
355 3333 496 3410 temporis
521 3341 566 3390 est
589 3333 729 3411 perlecta.
1420 3308 1439 3357 ⁸

214 3435 306 3495 Simul
331 3445 361 3496 et
386 3457 450 3497 una.
498 3439 585 3500 simul
609 3439 706 3501 locum
730 3439 928 3521 demonstrat,
951 3457 1009 3500 una
1033 3443 1300 3518 congregationem.

212 3542 382 3604 Comminus
410 3554 440 3605 et
468 3547 591 3606 eminus
635 3550 799 3608 comminus
820 3548 935 3621 alodiis
954 3564 1140 3622 linquamus,
1173 3550 1289 3607 eminus
1312 3545 1424 3628 iaculis,

84 3668 111 3707 eo
125 3652 192 3727 quia
215 3649 287 3710 illud
311 3669 327 3711 a
350 3651 486 3712 manibus
510 3672 568 3714 non
593 3654 719 3736 recedit,
741 3653 797 3714 hoc
822 3672 839 3712 ε
864 3651 1000 3713 manibus
1022 3655 1176 3714 emittitur.

121 3854 123 3858 ,
212 3805 323 3857 uluter
342 3805 378 3859 ed
396 3807 508 3861 saecula
531 3807 561 3874 (l.
580 3808 752 3878 adseculam)
775 3812 804 3863 et
826 3807 957 3863 comitem
981 3809 1010 3862 et
1032 3807 1188 3863 clientem.
1209 3807 1359 3862 adsaecule
1383 3811 1426 3862 est

125 3883 238 3937 humilio
257 3901 435 3952 perseverans
455 3887 633 3956 adsequendo
648 3887 675 3957 (l.
690 3904 708 3942 a
722 3888 874 3957 sequendo)
889 3905 991 3943 nomen
1004 3888 1132 3955 trahens,
1151 3905 1243 3944 comes
1258 3889 1303 3942 vel
1317 3888 1425 3942 itineris

124 3964 289 4098 {exoriens
304 3966 481 4036 potentioris,
497 3966 583 4022 cliens
597 3967 757 4037 utirumque
772 3970 800 4036 (t.
815 3970 976 4036 utrumque)
990 3970 1047 4022 cod.
1059 3968 1147 4023 Movet.
1220 3974 1254 4022 29
1265 3967 1424 4022 Comminus

219 4050 323 4110 267,10

212 4195 281 4241 tex
299 4187 408 4242 hisdem
428 4189 461 4242 N
530 4191 743 4246 tadseculaN
757 4192 895 4248 asseclas
914 4191 1003 4245 tribue
1021 4191 1087 4245 loeis
1159 4189 1299 4243 deodales
1313 4189 1423 4243 edules-

124 4275 231 4330 eentiae
250 4281 288 4331 nn
307 4283 322 4330 e
341 4277 427 4332 'cliens
446 4281 488 4332 ita,
507 4297 599 4334 comos
613 4280 647 4334 N
656 4280 760 4337 sodalis
778 4277 983 4336 adolescentiae
997 4295 1098 4334 nomen
1112 4282 1155 4333 est
1169 4319 1176 4332 .
1192 4278 1277 4332 cliens
1292 4277 1425 4347 implorat

124 4374 205 4425 opem
224 4362 254 4411 et
270 4357 354 4410 fidem
373 4401 379 4412 ,
398 4356 440 4411 ita
458 4375 551 4413 comes
570 4375 587 4416 ς
650 4365 666 4414 8
686 4360 770 4414 docet
786 4359 893 4414 fectum
912 4373 928 4416 ς
993 4364 1026 4412 14
1046 4358 1208 4413 temerarius
1227 4358 1275 4426 qui
1294 4357 1352 4412 sine
1372 4374 1388 4415 ς

126 4441 157 4489 l'l
179 4436 357 4504 lonquincnm
376 4436 409 4489 N
424 4436 643 4506 longinquant
726 4444 758 4494 18
778 4441 929 4509 opponitur
951 4440 1131 4509 lonquincnm
1156 4438 1270 4492 iteneris
1288 4438 1321 4490 N
1337 4454 1423 4507 eppo·

125 4516 202 4569 nitur
220 4516 403 4586 longinquum
422 4515 529 4571 itineris
548 4533 564 4575 ς
636 4525 668 4572 21
690 4522 784 4574 aestus
803 4537 821 4574 a
838 4520 924 4574 nimio
943 4521 1036 4574 calore
1055 4535 1157 4573 nomen
1173 4517 1312 4587 accepite
1330 4519 1424 4572 aestuo

123 4595 209 4649 animi
228 4613 245 4650 a
264 4597 354 4653 colore
373 4603 411 4651 ἠῖι
428 4597 532 4668 accipit
549 4598 583 4652 N
661 4604 697 4653 24
719 4599 892 4669 praelatione
916 4615 933 4658 ς
950 4623 986 4649 π
1004 4599 1092 4654 latine
1120 4599 1228 4652 duobos
1254 4599 1365 4664 litteris,
1392 4603 1424 4652 ut

122 4676 275 4743 videbatur,
290 4677 381 4731 deletis
388 4678 421 4730 N
467 4683 500 4730 ιι
509 4694 559 4747 pro
568 4680 783 4737 maturumeotc
794 4722 800 4734 .
810 4685 1131 4750 corruptometmoaeom
1145 4678 1245 4732 codicis
1258 4679 1423 4746 scripturam

123 4757 234 4809 eclritui
305 4757 395 4828 velut]
415 4759 477 4815 uts
547 4758 738 4830 antefacta]
758 4760 950 4815 relateeditio
968 4760 1140 4813 Ascanione
1211 4763 1244 4811 29
1264 4757 1423 4812 Comminus

123 4838 153 4889 et
170 4837 278 4891 eminus
296 4837 395 4892 iaculis
418 4843 449 4891 ut
466 4838 574 4893 videtur
596 4839 629 4894 N
645 4837 775 4896 Cominus
794 4862 801 4894 ε
820 4840 918 4894 iaculis
937 4855 954 4898 ς
973 4881 979 4894 .
998 4839 1183 4908 supplementa
1197 4838 1327 4905 praebuit
1344 4837 1424 4891 Bedo

177 4946 331 4975 annutante!
345 4946 430 4975 term
452 4947 495 4976 vn.
1176 4932 1210 4979 34
