3316 5474
164 367 230 432 458
656 366 829 422 ARVSIANI
847 365 966 420 MESSII

164 479 186 516 p.
201 470 246 510 arr.
261 470 301 509 rra
315 469 340 509 n.

253 556 344 617 Arius
367 554 403 615 ab
431 554 478 615 illa
502 572 549 635 re,
573 554 631 614 Cic.
655 572 710 634 pro
735 552 812 634 Sylla
835 552 962 627 (30,83)
985 561 1020 613 et
1042 554 1142 613 avius
1165 570 1182 612 a
1204 553 1392 615 sanitate.

253 663 328 723 hntc
351 670 553 742 exspectatum
577 681 632 742 pro
655 670 813 741 antequam
836 668 1024 742 expectatur,
1049 658 1132 739 Verg.
1155 677 1237 739 geor.
1261 658 1309 719 lll
1335 661 1443 734 (348)

311 778 390 830 ante
411 777 659 849 exspectatum
682 770 815 849 positis
838 776 911 829 stat
933 769 968 827 in
992 768 1130 845 agmine
1154 769 1294 828 castris
1322 815 1330 829 .

253 876 350 937 Audet
378 878 447 957 hoc,
474 877 534 937 Cic.
558 876 662 957 Philip.
685 875 712 936 ll
736 872 840 953 (216)
873 873 957 954 quid
990 877 1082 935 enim
1115 883 1170 935 est
1201 875 1300 954 qnod
1338 884 1382 937 tu
1419 895 1492 939 non

164 979 316 1044 audeas?
339 983 428 1043 audet
451 983 507 1043 hoc
531 984 643 1065 lacere,
666 981 750 1062 Verg.
775 984 846 1042 hen.
870 980 893 1038 V
917 982 1013 1055 (379)
1502 998 1515 1040 a

312 1090 420 1151 audet
442 1090 541 1151 adire
565 1093 679 1151 virum
703 1088 938 1168 manibusque
962 1087 1133 1149 inducere
1157 1098 1323 1153 caestus,

164 1198 252 1259 audet
275 1200 305 1258 in
329 1198 399 1279 hoc,
423 1196 507 1277 Vcrg.
531 1197 783 1275 Ι1111111347)

391 1323 479 1383 quos
504 1303 562 1365 ubi
586 1305 774 1364 contortos
796 1302 928 1364 audere
952 1305 987 1364 in
1011 1298 1148 1382 proelia
1171 1303 1253 1365 vidi.

253 1413 330 1473 Acer
353 1412 399 1472 his
423 1410 527 1493 rebus,
551 1410 635 1490 Verg.
659 1429 739 1490 geor.
763 1409 802 1469 lll
826 1411 878 1484 (7)
902 1410 1122 1491 humeroque
1151 1410 1284 1490 Pelops
1315 1414 1489 1495 insignis

165 1517 316 1600 eburno,
339 1536 423 1579 acer
446 1520 548 1597 equis
572 1565 578 1578 .
1500 1534 1524 1575 rr

253 1627 361 1685 Arrisit
391 1625 447 1700 illi,
484 1623 677 1704 Symmachus
715 1623 751 1683 ad
783 1622 983 1684 Theodosium
1015 1626 1222 1703 imperatorem
1257 1624 1388 1690 beatum
1425 1632 1487 1691 iam

163 1734 318 1812 parvulum
343 1751 442 1794 meum
466 1734 514 1792 cui
538 1734 619 1811 pium
644 1780 650 1791 .

253 1838 331 1899 Bibit
352 1838 438 1913 illuri,
462 1837 547 1917 Verg.
571 1840 642 1898 Aen.
666 1837 678 1896 l
703 1832 800 1920 (749)

391 1945 518 2006 inielin
542 1944 628 2005 Diuo
652 1945 865 2024 longumque
890 1944 1035 2007 bibebat
1058 1965 1240 2008 amorem.

165 2053 240 2114 bibit
268 2054 316 2114 illo
344 2052 466 2134 poculo,
494 2052 571 2112 illem
600 2071 679 2132 geor.
704 2050 729 2111 ll
754 2047 852 2133 (506)
880 2071 1013 2131 gemma
1042 2053 1141 2114 bibat
1164 2101 1171 2113 .
1194 2052 1298 2113 bibere
1324 2055 1394 2137 dat,
1420 2057 1522 2120 Clau

164 2159 399 2221 Tusculanarum
424 2160 591 2234 (121165)
616 2168 653 2219 nt
676 2159 750 2219 lovi
775 2158 902 2220 bibere
926 2162 1161 2221 ministraret.

255 2267 368 2328 Rellum
388 2287 455 2328 cum
480 2266 529 2327 illo
553 2269 642 2346 gerit,
671 2267 730 2327 Cic.
754 2269 784 2326 in
808 2266 967 2327 llortcnsio
995 2271 1055 2346 qui
1088 2287 1164 2329 cum
1198 2267 1302 2328 hodie
1338 2269 1482 2333 bellum

165 2394 243 2436 cum
267 2384 408 2435 mortuo
431 2383 575 2454 gerunt,
598 2372 683 2452 Verg.
707 2374 780 2433 hen.
803 2372 842 2432 xi
866 2374 962 2446 (305)

344 2480 474 2541 bellum
498 2483 755 2560 importunum,
779 2482 890 2561 cives,
914 2476 991 2539 curu
1014 2489 1120 2558 gente
1144 2480 1290 2541 deorum

344 2590 567 2666 invictisque
592 2588 681 2646 viris
704 2589 883 2666 gerimus.
1493 2602 1520 2642 11

165 2696 274 2757 bellum
299 2705 401 2756 contra
425 2695 506 2755 illum
531 2697 622 2774 gerit,
645 2695 705 2755 Cic.
729 2693 832 2775 Philip.
857 2693 896 2753 lll
920 2691 996 2775 (I‚!)
1024 2713 1101 2754 cum
1129 2693 1261 2754 bellum
1291 2697 1478 2759 nefarium

166 2813 292 2865 contra
325 2805 432 2863 vitam
465 2803 703 2881 fortunasque
736 2810 880 2862 nostras
908 2819 976 2862 non
1005 2803 1174 2880 cogitari,
1206 2802 1268 2861 sed
1297 2805 1376 2879 geri
1407 2807 1477 2866 iam

167 2911 325 2971 villeram
341 2958 347 2969 .
362 2908 438 2969 bello
453 2907 563 2988 bonus,
583 2907 665 2987 Vcrg.
682 2909 751 2968 ten.
768 2906 830 2966 vlit
845 2908 941 2979 (1180)
956 2925 1041 2986 gens
1062 2907 1157 2968 bellu
1176 2909 1363 2987 praeclara
1381 2958 1388 2969 .
1404 2909 1477 2972 belli

166 3037 220 3097 pro
235 3013 277 3077 ‘in
293 3012 390 3096 bello',
410 3015 476 3075 Ter.
492 3014 595 3075 Heaut.
611 3015 834 3090 (1111011111
854 3023 888 3075 ct
907 3015 1056 3093 gloriani
1075 3018 1184 3075 armis
1203 3013 1291 3075 belli
1310 3021 1477 3099 repperi,

167 3125 224 3185 Sal.
247 3123 309 3203 lug.
333 3123 436 3196 (rit)
459 3140 654 3201 pancorum
678 3120 830 3182 arbitrio
855 3121 941 3182 belli
965 3121 1131 3200 clomique
1155 3120 1398 3201 agitabantur.
1421 3121 1427 3204 Ι
1490 3135 1516 3175 2⁶

255 3230 413 3291 benivolus
440 3229 496 3310 illi,
525 3229 584 3290 Cic.
613 3248 667 3309 pro
696 3228 801 3289 Flacco
834 3247 935 3308 quam
968 3228 1178 3290 benevolum
1211 3229 1305 3290 hunc
1336 3233 1475 3311 populo

167 3339 334 3417 Romano,
362 3355 463 3417 quam
488 3335 633 3397 lidelem
655 3339 801 3417 putatis.

257 3493 346 3547 Codex
364 3492 511 3545 Parrhasii
549 3498 634 3558 lpro
653 3489 746 3558 Syllae
766 3490 795 3542 et
813 3489 878 3542 auia
891 3489 1011 3544 sanitate
1084 3491 1291 3561 terpectatur]
1306 3495 1475 3560 expectatus

201 3574 253 3644 Ill]
273 3573 324 3627 llll
397 3574 604 3626 6111111111.
678 3567 827 3638 8proelia]
843 3570 933 3638 prelia
1007 3578 1035 3623 11
1054 3570 1213 3638 Symmachi
1287 3573 1475 3627 13Aen.1111

166 3653 282 3707 infoelix
358 3657 388 3705 15
408 3649 488 3703 bibat
506 3650 603 3704 bibere
621 3649 671 3702 dat
689 3666 745 3702 non
763 3649 886 3703 indicato
909 3666 994 3702 11111
1017 3650 1176 3703 elocutionis
1198 3652 1281 3705 initio
1356 3655 1387 3704 lii
1408 3670 1474 3707 cnm

167 3733 277 3787 mortuo
291 3731 366 3786 cives
380 3749 443 3784 eum
459 3733 542 3799 gente
553 3730 674 3783 Deorum
688 3731 804 3798 gerunt,
821 3730 867 3782 sed
880 3729 973 3783 deletis
986 3730 1073 3783 uerbis
1088 3729 1162 3783 cives
1178 3747 1239 3784 cum
1254 3734 1338 3800 gente
1349 3732 1475 3789 Deorum
1550 3730 1553 3737 ’

203 3820 237 3867 22
256 3829 312 3867 non
330 3829 380 3865 orn.

258 3956 398 4010 tadeone
422 3953 501 4008 robis
528 3953 635 4007 alienus
654 3970 672 4007 1
695 3951 831 4015 sanitate,
859 3951 930 4005 adeo
953 3952 1057 4006 oblitus
1082 3952 1254 4008 constantiae
1279 3971 1371 4023 meae,
1399 3957 1474 4014 adeo

167 4036 314 4092 immemor
332 4053 425 4091 rerum
444 4053 461 4089 a
480 4052 523 4089 me
543 4036 684 4104 gestarum
703 4050 763 4087 1111
787 4032 884 4087 videor
904 4031 1041 4086 Ciceronis
1061 4033 1163 4087 codices
1181 4073 1187 4084 .
1208 4033 1315 4088 alienus
1339 4037 1369 4090 et
1391 4038 1474 4094 avius

168 4120 260 4189 lepisse
276 4118 386 4171 videtur·
404 4117 565 4170 Arusianus
584 4159 590 4170 .
610 4115 731 4183 eaerrcpia
749 4113 928 4166 elocutionum
956 4113 1078 4166 alienum
1107 4113 1158 4167 hac
1186 4131 1215 4168 re
1239 4120 1263 4168 et
1287 4115 1410 4170 alienum
1437 4119 1475 4174 ab

167 4199 220 4253 hac
239 4215 268 4252 re
283 4199 377 4266 posita
395 4202 459 4250 sient
477 4213 564 4264 cupra
575 4213 604 4265 p.
616 4200 696 4261 151)
768 4199 784 4246 1
804 4195 869 4246 ante
888 4194 1065 4262 expectatum
1085 4214 1091 4245 :
1111 4192 1186 4247 dieto
1206 4193 1301 4262 citius,
1319 4198 1474 4265 antequam

167 4279 225 4334 eius
244 4280 406 4347 expectetur
428 4276 565 4331 adventus
589 4277 701 4329 Seruius
723 4276 755 4328 in
780 4273 855 4342 Verp.
876 4273 893 4326 l.
914 4289 935 4327 c.
1022 4279 1039 4326 4
1058 4272 1124 4341 quid
1147 4277 1243 4329 autem
1266 4275 1308 4328 est
1332 4275 1475 4334 Ciceronis

167 4360 271 4412 codices
345 4365 373 4411 11
403 4356 584 4426 Symmachus
611 4354 691 4407 GP.
711 4354 866 4423 Syrnruoclti
888 4355 1037 4421 exeurplum
1063 4355 1253 4422 interpolatori
1275 4355 1373 4408 tribuit
1394 4357 1474 4413 Horu

167 4454 250 4491 uenus
256 4455 285 4505 p.
297 4442 333 4490 37
398 4443 429 4489 17
445 4435 556 4505 quicum
571 4440 681 4490 mortuo
696 4433 778 4489 hodie
793 4433 898 4488 bellum
913 4439 1014 4503 gerunt
1025 4434 1050 4486 G
1062 4476 1068 4489 .
1078 4438 1193 4502 fortunae
1205 4434 1253 4504 qui
1268 4433 1351 4489 hodie
1367 4435 1474 4493 bellum

168 4534 230 4570 cum
250 4520 359 4570 mortuo
378 4520 481 4585 gerunt
553 4524 586 4571 18
605 4518 706 4586 gerant
726 4515 762 4567 Μ
832 4520 865 4567 21
885 4532 948 4568 cum
967 4516 1071 4570 bellum
1092 4516 1227 4570 nefarium
1247 4518 1344 4569 contra
1362 4533 1427 4572 aras
1445 4522 1476 4575 et

167 4595 257 4661 locos,
285 4601 383 4650 contra
410 4599 498 4651 vitam
526 4598 706 4665 fortunasque
734 4598 843 4649 nostras
868 4594 903 4648 ab
927 4594 1039 4649 homine
1063 4596 1211 4665 profligato
1231 4612 1264 4650 ac
1286 4594 1397 4664 perdito
1417 4616 1475 4654 non

59 4669 66 4683 ⁸
168 4675 336 4743 comparari,
355 4674 404 4729 sed
423 4676 484 4745 geri
502 4677 558 4729 iam
578 4676 701 4730 viderem
720 4675 813 4728 Cicero
886 4680 918 4727 22
939 4694 992 4730 non
1014 4676 1132 4746 cogitari
1152 4677 1222 4729 PM
1239 4693 1293 4730 non
1313 4677 1475 4746 cogitacio

204 4761 238 4807 21)
256 4754 418 4823 agitabatur
438 4756 588 4809 Sallentina
660 4761 694 4809 2ss
709 4770 793 4824 quam
813 4753 973 4810 benivolum
995 4757 1097 4809 (r'Plli
1115 4800 1121 4812 .
1141 4759 1173 4810 in
1190 4774 1222 4811 eo
1237 4761 1318 4827 parte
1337 4760 1476 4816 orationis

168 4852 237 4903 quoe
254 4840 374 4901 stuperes-t
392 4837 473 4888 cerba
491 4853 547 4890 non
565 4836 693 4904 lepuntur
