3316 5474
613 347 662 401 DE
688 346 944 402 DIFFERENTIIS
1370 347 1434 411 527

132 461 154 498 p.
167 449 227 488 areo.
242 448 295 487 neoc
309 449 332 490 r.

130 605 131 609 Ἰ
220 533 426 614 Corruptelam
458 543 489 594 et
521 534 752 613 corruptionem.
808 532 976 612 corruptela
1009 534 1072 611 ipsa
1103 553 1154 594 res
1186 542 1245 612 est,
1281 535 1433 613 corruptio

132 642 351 719 corrumpentis
374 638 597 700 administratio,

220 746 378 807 Caerulum
396 755 426 807 et
445 747 621 807 caeruleum.
659 747 796 808 caerulus
816 757 938 809 naturae
953 747 1034 807 color
1048 755 1107 827 est,
1126 747 1280 808 caeruleus
1300 747 1432 826 [natura]

132 854 266 931 tingitur:
290 855 330 913 ita
353 853 479 915 alterum
502 862 562 934 est,
584 852 710 914 alterum
733 855 774 914 fit.

104 977 117 1015 s
220 959 384 1039 Properare
413 969 443 1020 et
470 961 620 1021 festinare.
667 962 717 1040 qui
745 971 886 1040 properat
909 971 1030 1040 apparet
1058 980 1118 1021 non
1146 980 1211 1021 esse
1241 963 1351 1042 lessus,
1382 964 1432 1040 qui

132 1066 252 1126 festinat
275 1066 392 1127 ridetur
415 1085 481 1127 esse
505 1066 689 1146 defatigatus.

219 1172 317 1233 Polire
341 1183 371 1235 et
395 1192 511 1235 novare.
557 1174 685 1252 polimus
709 1174 807 1254 rudia,
830 1192 972 1235 novamus
995 1185 1102 1236 vetera.

219 1279 353 1341 Nobilem
382 1290 412 1341 et
442 1300 628 1360 generosum.
674 1280 781 1342 nobilis
809 1300 824 1341 a
853 1280 1006 1343 nobilitate
1040 1302 1154 1364 rerum,
1186 1302 1349 1362 generosus
1381 1286 1432 1363 qui

130 1405 235 1465 graece
259 1377 398 1467 εὐγενής
420 1388 599 1468 appellatur:
621 1391 661 1450 ita
684 1389 760 1449 alter
782 1408 818 1450 ex
842 1408 889 1470 re,
913 1389 987 1449 alter
1011 1409 1046 1450 ex
1070 1392 1243 1470 cognatione
1268 1368 1320 1451 est.

91 1513 117 1550 ro
218 1493 373 1553 Notionem
404 1504 434 1555 et
466 1503 591 1574 gentem
648 1497 727 1555 natio
759 1495 856 1556 solum
888 1499 1016 1576 patrium
1049 1500 1178 1578 quaerit,
1214 1517 1287 1576 gens
1324 1501 1431 1558 seriem

131 1602 275 1661 maiorum
298 1600 432 1681 explicat.

219 1707 398 1787 Praeparare
413 1717 444 1768 et
458 1727 637 1800 comparare.
675 1727 852 1790 praeparare
870 1713 967 1792 prius,
986 1728 1158 1789 comparare
1173 1708 1304 1789 undique
1318 1730 1431 1790 parare.

220 1813 339 1874 Guttam
363 1824 394 1875 et
416 1815 531 1876 stillam.
577 1825 660 1895 gutta
684 1826 796 1899 manet,
820 1816 896 1878 stilla
920 1817 1006 1878 cadit.

218 1920 382 1982 Convenire
407 1931 436 1982 et
459 1925 548 1983 coire.
595 1924 732 1983 convenit
755 1925 786 1984 in
809 1943 916 1998 unum,
939 1927 999 1985 coit
1021 1927 1051 1984 in
1075 1933 1147 1985 acta.

91 2047 116 2086 15
218 2028 342 2089 Caricam
362 2038 391 2089 et
414 2031 610 2108 patrocinium
629 2039 660 2090 et
678 2032 850 2091 orationem
896 2050 984 2092 causa
1004 2040 1050 2122 est
1066 2031 1104 2091 de
1124 2051 1180 2111 qua
1200 2035 1310 2113 agitur,
1332 2042 1429 2112 patro·

130 2136 240 2194 ciuium
263 2135 341 2213 quod
365 2135 621 2213 adcommodatur,
644 2139 739 2197 oratio
762 2155 837 2215 quae
861 2137 1000 2217 loquitur.

218 2241 393 2320 Superbiam
417 2253 447 2304 et
470 2243 678 2322 adrogantiam.
724 2243 862 2324 superbia
886 2254 969 2305 esta
998 2245 1238 2326 superhabendo,
1261 2246 1430 2326 adrogantia

129 2349 216 2407 etiam
240 2350 269 2408 in
293 2368 455 2430 pauperem
478 2349 564 2410 cadit

218 2456 351 2518 Scrutari
375 2468 405 2518 et
428 2476 580 2537 qiraerere.
626 2466 777 2519 scrutatur
804 2461 836 2520 in
863 2470 893 2521 te
921 2460 969 2521 ille
992 2464 1043 2539 qui
1067 2480 1083 2519 a
1107 2469 1135 2521 te
1160 2463 1311 2541 intercipit
1334 2462 1429 2541 aliqua

88 2581 115 2618 ro
129 2574 257 2623 secreta:
281 2583 425 2642 quaerere
448 2565 507 2625 duo
531 2568 689 2649 significat,
712 2567 757 2627 rol
780 2567 859 2646 qnod
883 2567 980 2649 abest,
1003 2568 1048 2628 vel
1069 2568 1147 2647 quod
1166 2569 1201 2627 ad
1220 2571 1428 2647 patrimonium

128 2671 266 2729 refertur.

217 2777 354 2838 Adnuere
378 2787 409 2838 et
432 2781 566 2841 inuuere.
612 2783 710 2842 innuit
737 2781 782 2841 rel
809 2783 904 2860 capite
933 2781 979 2842 rel
1007 2781 1180 2862 supercilio,
1207 2781 1309 2842 adnuit
1338 2783 1373 2842 ad
1398 2788 1432 2843 id

128 2884 207 2961 quod
231 2883 343 2944 dictum
367 2885 412 2945 rel
436 2886 546 2946 lactirm
569 2897 623 2948 est.

217 2991 344 3051 Gnatum
368 3002 398 3052 et
422 3001 532 3053 natum.
578 3002 685 3071 gnatus
708 2993 800 3072 saliua,
823 3002 910 3055 iratus
933 2994 978 3054 rel
1002 2994 1109 3073 pullus.

88 3115 114 3154 ‘25
218 3098 390 3159 insimulare
423 3109 454 3160 et
486 3100 635 3161 simulare.
689 3102 741 3178 qui
772 3101 923 3161 insimulat
959 3101 1005 3161 rel
1041 3105 1139 3182 arguit
1171 3104 1215 3163 rel
1248 3106 1345 3185 tingit,
1377 3108 1428 3184 qui

90 3262 95 3270 ,
128 3205 247 3266 simulat
269 3205 395 3286 probare
419 3207 482 3267 vult
505 3207 584 3286 quod
610 3227 668 3268 uon
691 3207 771 3282 estl

216 3312 365 3374 Proelium
389 3324 418 3374 et
446 3313 565 3374 bellum.
611 3313 720 3374 bellum
748 3315 837 3375 etiam
865 3316 929 3375 sino
955 3315 1068 3394 proelio
1095 3325 1155 3397 est,
1183 3337 1250 3378 cum
1274 3319 1428 3399 indicitur3

127 3418 271 3498 proelium
297 3419 354 3498 [in]
379 3424 441 3500 ipsa
465 3440 571 3501 pugna.

216 3691 231 3735 3
252 3680 399 3736 Caerulum
419 3683 497 3737 Beda
514 3687 617 3749 2th
688 3688 723 3736 22
743 3682 818 3737 luter
836 3682 958 3738 adnuere
977 3686 1006 3738 et
1023 3685 1137 3739 innuere
1161 3690 1190 3740 et
1211 3685 1333 3740 abnuero
1353 3726 1359 3738 .
1380 3686 1427 3738 ad-

127 3762 188 3815 nuit
215 3763 250 3815 ad
283 3762 358 3831 quod
386 3763 492 3818 dietum
519 3765 575 3830 est,
602 3761 632 3816 id
660 3764 704 3815 eet
726 3763 867 3833 promisit,
896 3764 989 3819 innuit
1016 3767 1111 3819 antem
1138 3766 1301 3836 supercilio,
1329 3769 1428 3822 abnuit

126 3841 241 3910 negarit
257 3844 313 3898 cod.
335 3844 426 3897 Mont.

218 4109 228 4154 1
252 4101 444 4171 corruptelam
458 4105 488 4154 et
506 4101 711 4170 corruptionem
733 4143 738 4154 .
758 4100 917 4171 corruptela
935 4102 996 4170 ipsa
1014 4121 1058 4156 roo
1076 4106 1120 4156 est
1138 4120 1167 4165 ς,
1188 4102 1380 4173 Corruptelam
1399 4107 1428 4159 et

127 4181 332 4248 corruptionem
352 4181 511 4250 corruptela
523 4181 615 4250 ipsae
631 4182 635 4246 Ι
652 4180 859 4249 corruptionem
873 4182 1032 4251 corruptela
1046 4183 1107 4251 ipsa
1121 4190 1136 4236 e
1151 4183 1183 4235 N
1252 4190 1268 4235 3
1283 4184 1426 4238 caeruleus

128 4262 242 4331 fingitur
258 4264 344 4319 Beda.
364 4261 507 4315 caeruleus
525 4264 653 4314 naturam
671 4260 782 4329 fingite·
854 4267 870 4314 5
889 4266 970 4331 paret
987 4278 1043 4316 non
1062 4278 1120 4316 ease
1139 4262 1225 4315 fessus
1239 4263 1295 4319 Νς
1310 4267 1428 4331 apparet

127 4359 181 4396 non
200 4360 258 4396 esso
275 4343 379 4396 fessum
397 4342 481 4394 editio
500 4341 666 4395 Basilernar'e
745 4339 882 4395 8nobilis
899 4343 929 4413 a]
953 4342 1111 4400 nobileme
1191 4342 1379 4396 eeureuec
1396 4344 1429 4396 N

166 4429 196 4475 ll
217 4421 339 4491 explicat
356 4438 406 4476 one.
426 4436 442 4477 ς
518 4427 550 4474 14
568 4420 626 4474 coit
642 4418 751 4473 inactat
767 4420 800 4473 N
816 4421 874 4474 coit
892 4423 921 4476 in
940 4440 957 4481 ς
975 4423 1032 4478 coit
1049 4423 1079 4477 in
1098 4423 1201 4477 multos
1221 4423 1371 4477 Fabricius

129 4508 160 4555 16
179 4503 294 4568 lodessa
311 4519 383 4569 quae
402 4500 543 4569 loquimur
615 4506 648 4554 1o
666 4499 715 4554 ille
738 4503 788 4570 qui
808 4502 954 4574 'intercipit
972 4521 988 4562 ς
1006 4501 1050 4558 illi
1069 4502 1117 4570 qui
1136 4504 1167 4555 nt
1184 4503 1315 4572 tintercip
1333 4505 1377 4571 N,
1395 4507 1427 4559 in

126 4600 179 4651 quo
197 4582 242 4650 cip
260 4599 316 4635 nou
335 4586 405 4635 certo
423 4580 558 4649 apparete
629 4587 663 4633 20
682 4579 762 4635 abest
779 4597 796 4639 ς
814 4581 915 4637 habeut
931 4583 965 4636 N
1033 4589 1065 4636 21
1086 4582 1216 4652 retertur]
1235 4583 1390 4651 pertinets'

127 4670 160 4716 22
180 4662 279 4715 annuit
296 4662 333 4715 ad
352 4662 379 4716 id
394 4661 469 4729 quod
484 4659 588 4714 dictum
602 4660 648 4713 rel
666 4660 770 4714 lactum
789 4664 833 4715 est
850 4662 1010 4726 Fabricius,
1029 4660 1127 4713 adnuit
1145 4661 1181 4713 ad
1197 4662 1202 4727 1
1219 4660 1292 4728 quod
1312 4661 1387 4716 dictu
1407 4670 1424 4716 ir

126 4759 193 4810 pore
212 4783 217 4794 .
238 4783 244 4793 .
265 4783 271 4793 .
290 4742 323 4794 N
339 4741 437 4794 annuit
459 4740 496 4793 ad
518 4740 593 4808 quod
611 4740 716 4794 dictum
735 4740 780 4795 uel
799 4757 815 4798 ς
901 4749 935 4795 ‘tt
955 4743 1036 4795 natue
1054 4740 1147 4810 pullus
1166 4755 1190 4797 ς.
1209 4741 1325 4806 tortosae
1342 4745 1425 4796 natue

127 4820 211 4874 etiam
229 4820 322 4888 pullus
394 4827 428 4874 28
447 4821 583 4890 proelium
601 4823 664 4890 ipra
680 4835 810 4890 pugnos
