3316 5474
235 372 280 436 54
773 373 874 429 VELlI
892 373 1006 429 LONGI

235 482 257 519 p.
271 473 324 512 mro
337 471 363 511 Ρ.
491 470 496 475 ’

326 556 506 635 ingredienti
530 556 602 617 mibi
626 559 771 616 rationem
794 557 943 618 scribendi
967 560 1099 618 occurrit
1122 561 1221 619 statim
1244 562 1284 620 ita
1307 559 1452 638 quosdam
1471 578 1540 621 cen·

236 666 332 724 suisse
356 683 422 724 esse
445 664 651 745 scribendum,
674 671 708 724 ut
730 663 879 743 loquimur
903 673 933 724 et
956 663 1101 725 audimus.
1146 683 1214 726 nam
1237 668 1278 726 ita
1301 685 1372 728 sane
1395 685 1428 727 se
1451 665 1542 728 babet

238 788 479 850 nonnumquam
503 771 597 832 torma
621 771 803 852 enuntiandi,
827 779 860 832 nt
882 770 998 832 litterae
1022 774 1052 830 in
1075 773 1138 850 ipsa
1162 774 1324 852 scriptione
1347 776 1461 853 positae
1479 791 1541 835 non

237 876 395 937 audiantur
419 880 597 938 enuntiatae.
634 881 677 938 sic
701 880 780 938 eninr
803 896 871 938 cnm
894 877 1013 959 dicitur,
1035 873 1131 939 ‘illum
1154 874 1220 958 ego’
1244 888 1274 940 et
1295 875 1441 942 ‘omnium
1464 884 1541 961 opti·
1588 868 1595 881 “

236 978 339 1063 mum',
362 983 445 1044 illum
468 992 499 1045 et
521 986 653 1044 omnium
677 1002 770 1061 aeque
794 1001 823 1042 m
847 987 986 1045 terminat
1009 1002 1065 1044 nec
1088 992 1186 1045 tamen
1210 989 1241 1046 in
1264 964 1469 1047 enuntiatione
1490 1003 1568 1066 apa

236 1098 328 1169 paret
370 1098 402 1150 ut
425 1108 492 1150 cum
516 1089 642 1151 dicimus
666 1083 730 1150 ‘hic
752 1098 798 1150 est
821 1086 896 1172 ille',
919 1109 1011 1151 rrnum
1035 1109 1052 1151 c
1075 1089 1233 1152 scribimus
1257 1100 1288 1153 et
1310 1088 1541 1174 duo‘audimus,

236 1197 315 1276 quod
339 1207 460 1277 apparet
483 1200 514 1257 in
538 1206 642 1259 metro.
689 1216 754 1258 nam

397 1322 462 1383 boc
485 1331 563 1383 erat
586 1322 676 1383 alma
698 1338 843 1402 parens,
866 1319 959 1400 quod
982 1340 1034 1382 me
1056 1340 1119 1401 per
1143 1323 1230 1404 tela,
1252 1341 1316 1402 per
1337 1325 1454 1402 ignes

397 1431 526 1510 eripis,

239 1559 265 1616 si
289 1572 381 1617 unum
404 1573 421 1614 e
444 1553 519 1615 banc
543 1553 682 1633 syllabam
706 1555 869 1633 exciperet,
897 1551 1056 1631 acephalus
1082 1562 1163 1615 esset
1191 1572 1296 1615 versus
1319 1573 1374 1615 nec
1399 1564 1504 1634 posset
1525 1571 1584 1616 aro

236 1662 322 1741 longa
341 1659 449 1741 syllaba
467 1662 609 1742 incipere,
632 1679 707 1740 quae
727 1669 773 1721 est
791 1658 911 1719 heroico
931 1668 1026 1719 metro
1046 1663 1220 1720 necessaria.
1255 1679 1326 1740 ergo
1349 1660 1542 1723 scribendum

238 1786 293 1848 per
315 1768 374 1828 duo
394 1786 410 1828 c
434 1763 525 1828 ‘hocc
549 1777 612 1828 erat
635 1767 710 1828 alma
733 1761 857 1847 parens'
881 1774 932 1825 aut
955 1765 1155 1826 confitendum
1174 1765 1318 1844 quaedam
1337 1765 1422 1827 aliter
1441 1768 1543 1850 scribi,

238 1874 324 1933 aliter
343 1875 500 1933 enuntiari.
532 1891 599 1933 nam
619 1873 794 1952 quibusdam
814 1872 921 1932 litteris
940 1870 1103 1953 deficimus,
1125 1890 1199 1951 quas
1218 1881 1316 1932 tamen
1335 1890 1428 1933 sonus
1447 1891 1542 1934 enun—

237 1980 368 2039 tiationis
395 1981 532 2058 arcessit,
560 1988 593 2040 ut
617 1997 685 2040 cum
713 1978 840 2068 dicimus
862 1971 1034 2038 ‘virtutem'
1058 1986 1089 2038 et
1111 1973 1223 2039 ‘virum
1253 1979 1361 2038 lortem
1386 1980 1544 2041 consulem

237 2080 424 2164 Scipionem’
449 2084 552 2166 [isse],
579 2088 751 2165 pervenisse
775 2086 838 2145 lere
861 2084 897 2144 ad
920 2102 1008 2145 aures
1036 2088 1223 2165 peregrinam
1246 2084 1375 2145 litteram
1392 2088 1584 2150 inveniente

237 2201 268 2253 et
290 2193 320 2250 in
339 2188 490 2269 plerisque
510 2190 614 2252 Cicero
635 2193 753 2253 ridetur
776 2191 878 2252 auditu
903 2210 1041 2253 emensus
1065 2194 1267 2271 scriptionem,
1290 2194 1343 2270 qui
1362 2200 1393 2253 et
1410 2192 1544 2254 Aiiacem

236 2307 267 2359 et
289 2296 405 2357 llaiiam
433 2316 489 2376 per
516 2298 574 2359 dno
597 2299 608 2358 i
635 2298 791 2360 scribenda
825 2300 1017 2359 existimavit:
1049 2297 1168 2378 quidam
1197 2316 1289 2358 unum
1317 2316 1382 2358 esse
1411 2299 1542 2361 animad-

237 2411 366 2478 vertunt,
389 2403 536 2482 siquidem
558 2412 659 2484 potest
680 2403 787 2484 et‘per
807 2400 898 2464 unum
922 2406 933 2464 i
956 2406 1115 2485 enuntiari,
1138 2414 1172 2465 ut
1196 2407 1341 2484 scriptum
1364 2414 1418 2465 est.
1461 2405 1542 2467 unde
1630 2432 1633 2437 ·

236 2509 309 2572 illud
337 2513 420 2586 quod
445 2513 580 2590 pressius
603 2521 633 2571 et
655 2510 772 2590 plenius
795 2519 881 2571 sonet
903 2529 958 2590 per
981 2510 1040 2570 duo
1063 2513 1073 2570 i
1096 2510 1188 2570 scribi
1215 2519 1355 2589 oportere
1383 2513 1543 2593 existimat,

239 2621 282 2679 sic
306 2627 337 2679 et
359 2617 498 2699 Troiiam,
521 2626 551 2678 et
574 2621 658 2696 siqua
681 2617 749 2678 talia
772 2626 850 2678 sunt
892 2616 961 2676 inde
985 2618 1094 2677 crescit
1111 2619 1167 2678 ista
1191 2619 1360 2698 geminatio,
1382 2627 1413 2678 et
1436 2619 1585 2699 incipitao

238 2743 292 2804 per
319 2726 377 2784 tria
400 2726 410 2783 i
433 2721 524 2785 scribi
553 2726 676 2806 coiiicit,
704 2733 738 2785 ut
764 2725 858 2803 prima
886 2721 995 2802 syllaba
1023 2725 1062 2783 sit
1089 2726 1150 2804 coi,
1177 2734 1337 2803 sequentes
1365 2723 1441 2785 duae
1470 2727 1542 2786 iicit.

327 2966 419 3021 Codex
438 2965 587 3020 Parrhasii
630 2971 646 3019 2
666 2981 733 3019 eane
750 2981 781 3019 re
798 2963 905 3019 babent
994 2962 1137 3034 3poaitae
1156 2965 1306 3020 audiantur
1323 2966 1471 3021 enuntiare

237 3053 253 3100 5
273 3062 373 3120 equam
391 3045 525 3100 terminat
539 3046 572 3101 G:
592 3064 619 3098 m
634 3047 771 3114 apannit
789 3062 804 3099 e
873 3061 926 3099 nec
938 3046 1034 3098 1111111
1049 3045 1241 3100 enuntiatione
1255 3048 1376 3116 apparet
1389 3063 1453 3100 cum
1472 3046 1542 3102 dici·

238 3162 300 3198 mua
364 3149 398 3198 10
411 3142 502 3213 posuit
566 3150 596 3197 13
612 3142 766 3198 delficimua
831 3148 863 3196 15
878 3140 1037 3212 Scipionem
1050 3132 1107 3196 isse
1121 3141 1223 3212 perisse
1237 3141 1294 3196 lere
1353 3148 1387 3197 15
1400 3143 1541 3214 Δ11111111]

239 3225 328 3281 aiiace
402 3229 434 3276 tt
453 3240 504 3292 per
517 3222 608 3278 ducii
680 3221 808 3293 quidam]
827 3221 960 3291 quoniam
1031 3238 1116 3274 unum
1131 3237 1192 3275 ease
1207 3221 1230 3275 0
1245 3237 1314 3275 corr.
1329 3238 1490 3277 unaeaaec

240 3310 272 3359 18
292 3307 324 3358 ut
342 3303 478 3371 scriptum
496 3301 535 3356 ait
552 3302 625 3356 unde
644 3300 715 3355 illud
732 3301 854 3371 praeuius
926 3306 961 3356 20
979 3299 1093 3369 'Itojam
1165 3306 1197 3354 21
1218 3301 1327 3370 syllaba
1345 3302 1384 3357 ait
1401 3302 1543 3389 cummuni

236 3389 282 3456 c'oi
298 3402 447 3469 sequentes
465 3397 521 3452 duo
540 3399 602 3452 iieit
615 3400 650 3454 0:
669 3398 809 3453 communi
823 3399 988 3466 erpuacttc

329 3638 341 3684 1
366 3627 515 3699 quosdam]
544 3627 894 3696 Scaur.p.25,11ergo
911 3641 966 3679 vox
989 3625 1135 3681 acdbenda
1156 3645 1212 3696 quo
1231 3628 1315 3683 modo
1337 3632 1368 3684 et
1388 3633 1472 3685 aouat

239 3719 255 3766 a
275 3710 384 3780 positae
398 3707 549 3760 audiantur
561 3707 723 3761 enuntiatae
737 3707 780 3759 tt·
796 3723 851 3760 uon
866 3705 976 3759 addidit
990 3704 1140 3760 Suatenius
1154 3708 1186 3759 ia
1201 3706 1307 3763 Terent.
1324 3709 1423 3764 Maur.
1433 3727 1465 3778 p.
1476 3715 1544 3766 253.

235 3792 352 3857 [ortum
369 3786 477 3856 positae
495 3802 551 3839 non
568 3786 717 3840 audiantur
735 3787 764 3840 in
782 3783 972 3841 enuntiatione
1044 3791 1060 3837 5
1080 3801 1168 3854 aeque
1186 3788 1350 3843 terminant:
1376 3804 1429 3842 nec
1446 3791 1543 3844 111111

236 3887 271 3923 ex
288 3864 480 3922 enuntiatione
499 3869 618 3934 apparet
635 3865 675 3933 R,
694 3867 743 3920 uti
760 3881 849 3934 aeque
871 3863 1006 3918 terminat
1024 3882 1051 3917 m
1077 3868 1192 3919 maiecit
1210 3866 1361 3922 Sustentata
1449 3872 1467 3921 8
1490 3869 1545 3923 hoe

236 3944 407 4017 erat]·l'erp.
423 3946 492 3998 Aea.
512 3941 555 3996 ΙΙ
571 3949 626 3998 601
700 3951 731 3999 11
751 3961 824 4013 quae
842 3946 885 3998 eat
902 3942 932 3996 iu
948 3941 1062 3998 heroico
1079 3947 1170 3999 metro
1189 3945 1217 3998 R
1290 3953 1323 4001 tt
1341 3964 1406 4001 cum
1424 3946 1545 4001 dicimus

235 4025 383 4096 vntutem]
396 4042 428 4093 p.
448 4028 543 4087 7515
604 4029 637 4076 15
656 4022 815 4093 Scipionem
832 4041 893 4080 esee
911 4025 1027 4095 periisse
1045 4024 1103 4078 iere
1120 4021 1161 4092 a,
1180 4023 1340 4095 Scipionem
1358 4044 1419 4082 eaae
1435 4028 1543 4097 perime

235 4109 294 4164 fere
316 4107 400 4161 eadee
424 4103 521 4156 Vrsini
609 4104 768 4172 pervenisse
789 4104 847 4158 fere
868 4104 1072 4158 Brnmbucbiaa
1094 4105 1212 4174 ormqr.
1239 4107 1286 4160 lut.
1306 4112 1423 4175 1125.
1448 4109 1544 4161 mulin
1594 4130 1599 4139 ·

236 4204 384 4259 personare
398 4184 456 4238 tere
471 4183 522 4250 (rel
535 4182 680 4251 obrepere)
694 4183 729 4236 ad
744 4199 825 4236 aurea
838 4181 1013 4252 peregrinam
1026 4182 1151 4239 litteram
1164 4202 1184 4253 y
1197 4183 1322 4240 invenies
1385 4192 1418 4241 16
1432 4186 1542 4260 Cicero]

237 4269 354 4340 Quintil.
374 4266 395 4319 Ι
411 4269 438 4330 4,
455 4269 489 4318 11
509 4263 582 4317 sciat
600 4264 686 4317 etiam
704 4264 830 4318 Ciceroni
854 4263 992 4333 placuisse
1018 4265 1074 4320 aiio
1092 4264 1263 4333 Maiiamque
1284 4264 1542 4335 3111111111ιαί-

238 4349 305 4403 bere
379 4353 411 4402 17
430 4362 481 4415 per
499 4346 556 4400 duo
574 4346 584 4398 i
602 4343 760 4415 scribenda]
776 4349 916 4413 p.66,18.
932 4349 1008 4409 72,2
1081 4345 1215 4414 quoniam
1234 4363 1320 4398 nuum
1338 4361 1398 4399 eme
1416 4346 1542 4402 animad-

236 4430 356 4482 vertunt
385 4425 540 4495 siquidem
560 4429 653 4496 potest
671 4428 700 4480 et
717 4442 768 4495 per
785 4442 872 4478 uuum
891 4423 902 4477 i
921 4424 1073 4494 enuntiari,
1096 4428 1129 4479 ut
1146 4425 1282 4493 scriptum
1300 4425 1345 4479 ait
1372 4426 1447 4480 unde
1470 4427 1542 4483 illud

235 4507 358 4576 prescius
372 4507 412 4573 R,
431 4509 505 4576 quod
524 4511 619 4563 tamen
639 4525 725 4560 unum
744 4522 804 4561 esse
823 4505 1062 4561 animadvertunt:
1081 4504 1221 4574 siquidem
1239 4521 1322 4574 posse
1340 4507 1371 4559 et
1387 4523 1439 4574 per
1455 4525 1542 4562 uuum

236 4584 247 4638 i
270 4585 422 4653 enuntiari,
449 4592 483 4643 ut
505 4589 640 4657 scriptum
663 4587 709 4640 ait
746 4586 819 4639 unde
842 4584 917 4653 quod
941 4584 1014 4638 illud
1036 4585 1159 4654 preasiua
1184 4586 1297 4639 coniecit
1321 4585 1355 4639 G.
1378 4584 1542 4642 Sdnitaias

235 4669 338 4733 qaam.
356 4666 473 4733 aucep.
492 4672 517 4720 er
534 4667 652 4735 outoyr.
671 4666 852 4732 (1111111111
869 4682 896 4717 a
915 4668 1003 4731 iaco)
1015 4681 1047 4733 p.
1066 4670 1085 4719 e
1157 4670 1192 4718 ao
1210 4662 1251 4718 sic
1268 4667 1300 4718 et
1315 4663 1431 4718 Troiam
1448 4666 1474 4720 a

239 4751 272 4798 at
292 4743 418 4798 coniiicit
429 4749 462 4797 ut
480 4745 571 4813 prima
588 4744 698 4814 syllaba
711 4744 750 4797 ait
766 4741 934 4809 eommunia,
952 4747 1101 4812 sequenter
1115 4743 1171 4797 dno
1184 4743 1259 4798 iicit:
1277 4759 1342 4796 nam
1356 4742 1381 4797 ai
1394 4747 1438 4798 eat
1454 4745 1542 4817 aliud,

236 4823 318 4891 iacit,
336 4839 387 4893 pro
407 4839 425 4876 a
443 4822 453 4876 i
473 4824 661 4892 substituitur,
679 4825 713 4876 ut
730 4823 834 4877 vocalia
852 4820 980 4877 obtineat
997 4821 1025 4873 R
