3316 5474
608 375 656 429 DE
675 374 965 431 ORTHOGRAPHIA
1389 372 1432 436 49

127 488 150 524 p.
165 476 225 516 ems.
245 475 309 515 161².

127 562 225 639 posita
249 569 304 620 est.
341 558 381 618 ibi
405 577 532 640 qnoque,
555 558 606 619 obi
630 579 698 621 cum
717 559 814 620 littera
834 578 852 638 q
872 559 993 619 conlusa
1014 567 1058 618 est
1077 577 1106 639 ιι,
1130 561 1223 620 ricem
1243 562 1443 637 consonantis·

94 680 100 690 ·
128 665 229 746 babet,
251 684 320 726 cum
343 665 409 727 dico
433 661 541 726 ‘arma
570 668 755 745 virumque
786 661 889 726 cano'
912 674 943 726 et
966 661 1150 744 ‘quisquis
1178 684 1215 725 es
1243 661 1432 746 armatus’,

129 771 197 832 ideo
216 774 355 851 quoniam
376 782 406 833 et
424 781 491 832 ante
511 772 639 833 diximus
658 790 818 851 numquam
838 773 911 833 diras
930 772 1044 831 vocales
1064 774 1158 853 coire,
1182 779 1215 832 ut
1239 791 1298 831 non
1314 753 1433 849 'longam

130 876 270 958 syllabam
299 879 415 939 saciant.
453 887 482 939 at
509 880 538 938 in
567 897 603 938 eo
631 879 708 958 quod
738 886 864 958 estque
892 880 1047 939 manifesta
1070 877 1199 938 brevitas
1223 886 1280 958 est,
1308 876 1434 956 ideoque

103 987 161 1044 sin
184 984 241 1045 boo
264 985 354 1064 pede,
378 979 525 1064 ‘quisquis
549 979 603 1065 es’,
627 1004 713 1046 nemo
737 985 883 1046 dubitabit
906 989 978 1065 quin
1003 985 1136 1065 dactylus
1159 987 1207 1065 sit,
1231 987 1316 1045 onius
1340 988 1434 1064 prima

130 1088 240 1169 syllaba
259 1090 345 1170 longa
368 1100 422 1151 est.
454 1089 559 1152 Verrio
578 1091 682 1152 Flacco
706 1090 823 1152 videtur
846 1094 970 1153 eandem
994 1112 1060 1153 esse
1084 1092 1160 1171 apud
1185 1111 1239 1152 nos
1262 1111 1282 1153 u
1306 1092 1435 1153 litteram

28 1193 33 1199 ’
131 1215 206 1276 quae
234 1197 313 1277 apud
336 1196 465 1257 Graecos
488 1206 532 1257 est
555 1196 592 1258 Υ.
616 1216 743 1277 namque
771 1197 818 1258 bis
846 1199 988 1278 exemplis
1015 1207 1252 1279 argumentatur:
1286 1190 1364 1278 quod
1395 1199 1435 1258 illi

131 1303 235 1364 dicunt
265 1295 409 1383 κύμινον
441 1323 496 1364 nos
528 1307 693 1385 cuminum,
730 1324 818 1384 quam
850 1305 891 1366 illi
923 1298 1132 1387 κυπάρισσον
1164 1324 1220 1365 nos
1252 1323 1437 1387 cupressum,

131 1427 218 1484 qoem
241 1408 284 1468 illi
305 1401 515 1490 κυβερνήτην
539 1428 593 1470 nos
611 1410 855 1492 gubernatorem3
878 1430 933 1472 nec
957 1430 1017 1472 nou
1041 1431 1076 1472 ex
1100 1412 1277 1492 eiusmodi,
1301 1411 1435 1471 Theseus

93 1537 118 1575 ιι
132 1514 310 1575 llenoeceus
333 1514 439 1576 Peleus
463 1525 493 1576 et
516 1516 670 1597 similibus,
694 1518 835 1578 adfirmat.
873 1517 1054 1577 Graecorum
1078 1536 1148 1578 rere
1172 1520 1223 1597 qui
1247 1517 1283 1578 de
1307 1520 1436 1596 antiquis

130 1621 238 1681 litteris
273 1623 458 1700 scripserunt
492 1626 717 1704 commentaria,
750 1626 822 1684 item
852 1621 1024 1683 Latinorum
1056 1627 1107 1702 qui
1138 1624 1206 1684 illos
1239 1627 1333 1689 secuti
1366 1630 1436 1683 sunt
1474 1630 1478 1636 “

131 1725 233 1787 eadem
257 1725 355 1788 littera
378 1736 494 1789 veteres
517 1730 620 1790 solitos
644 1729 801 1805 scribere!
828 1728 988 1789 ostendunt
1011 1722 1136 1810 μακρός
1158 1727 1288 1811 μακροῦ
1310 1727 1436 1816 μακρῷ,

131 1843 161 1894 et
184 1833 324 1894 confusas
347 1835 439 1896 luisse
463 1856 481 1896 o
505 1844 534 1896 et
558 1856 600 1897 ου
618 1845 648 1898 et
668 1856 707 1897 oa:
731 1834 807 1915 apud
832 1853 886 1895 uos
910 1853 1028 1913 qnoque
1052 1838 1165 1914 antiqui
1188 1837 1359 1916 ostendunt,
1383 1838 1435 1915 qui

131 1957 225 2018 aeque
254 1941 393 2000 confusas
420 1960 437 2000 o
465 1950 496 2001 et
522 1961 542 2002 u
571 1942 684 2002 litteras
712 1941 851 2001 habuere.
888 1958 955 2000 nam
984 1941 1083 2000 consol
1113 1941 1299 2002 scribebatur
1326 1960 1380 2021 per
1407 1961 1434 2022 o,

92 2067 118 2108 ιι
132 2064 200 2106 oum
223 2045 374 2125 legeretur
396 2065 451 2125 per
474 2065 503 2127 ιι,
526 2047 638 2108 consul.
674 2046 753 2107 uncle
777 2049 807 2106 in
832 2044 931 2106 multis
956 2048 1043 2106 etiam
1062 2047 1232 2108 nominibus
1251 2050 1346 2108 variae
1366 2055 1436 2109 sunt

132 2154 307 2232 scripturae,
329 2160 363 2212 ut
386 2153 483 2213 lentes
507 2154 615 2232 luntes,
638 2152 758 2213 lrondes
778 2153 909 2213 irundes.
946 2155 956 2212 i
975 2172 1045 2213 vero
1064 2153 1164 2214 littera
1183 2155 1332 2216 interdum
1353 2155 1437 2217 exilis

133 2268 186 2340 est,
209 2259 360 2320 interdum
383 2262 517 2342 pinguis,
541 2270 574 2320 nt
597 2262 626 2319 in
651 2278 686 2319 eo
710 2258 789 2338 quocl
814 2267 859 2318 est
882 2258 982 2338 prodit
1006 2262 1096 2320 vincit
1119 2260 1220 2321 condit
1243 2261 1349 2322 exilius
1373 2262 1437 2322 volo

132 2356 238 2425 sonare
266 2383 284 2420 e
311 2367 341 2424 in
373 2384 407 2425 eo
437 2385 507 2427 vero
540 2365 618 2445 quod
650 2367 833 2445 significatur
864 2364 985 2445 prodire
1018 2368 1128 2426 vincire
1159 2368 1280 2428 condire
1312 2366 1434 2448 [aeque]

132 2489 227 2550 usque
257 2473 438 2551 pinguescit:
468 2480 501 2533 ut
531 2475 588 2533 iarn
612 2475 642 2532 iu
666 2471 887 2550 ambiguitatem
911 2472 1008 2553 cadat,
1040 2481 1142 2534 utrum
1174 2477 1260 2554 peri
1294 2474 1437 2554 quaedam

96 2576 262 2639 eodebeant
286 2577 345 2638 dici
367 2596 405 2638 an
427 2597 481 2657 per
505 2599 538 2659 ιι,
562 2587 596 2639 ut
619 2585 664 2639 est
688 2586 828 2657 optumus
852 2595 1014 2638 maxumus.
1050 2581 1080 2638 in
1105 2579 1214 2658 quibus
1237 2580 1436 2641 adnotandum

135 2685 290 2762 antiquum
317 2702 485 2745 sermonem
512 2684 655 2765 plenioris
683 2687 748 2745 soni
776 2685 868 2744 luisse
896 2694 940 2762 et,
973 2693 1006 2745 ut
1037 2687 1076 2746 ait
1104 2687 1223 2767 Cicero,
1251 2689 1436 2748 rusticanum

134 2797 223 2868 atque
247 2790 305 2850 illis
329 2792 391 2851 lere
414 2791 560 2870 placuisse
584 2810 638 2873 per
662 2791 768 2853 utalia
787 2788 967 2852 scribere'ct
987 2795 1150 2854 enuntiare.
1182 2811 1318 2854 erravere
1338 2803 1437 2854 autem

133 2898 327 2977 grammatici,
350 2898 400 2974 qui
423 2906 603 2976 putaverunt
628 2897 805 2979 superlativa
824 2916 884 2973 per
906 2915 926 2957 ιι
950 2901 1107 2961 enuntiari.
1146 2907 1179 2960 nt
1198 2902 1277 2960 enim
1296 2900 1437 2960 conceda·

222 3067 314 3122 Codex
336 3067 484 3124 Parrhasii
538 3077 551 3123 1
577 3071 617 3125 ibi
641 3086 812 3139 quamquam
835 3068 884 3121 nbi
908 3085 971 3122 cnm
994 3070 1089 3125 littera
1110 3071 1120 3124 i
1144 3071 1260 3126 confusa
1282 3073 1326 3126 eet
1349 3089 1368 3125 ιι

134 3147 211 3218 tat]
230 3149 264 3202 ut
335 3149 401 3219 qne]
422 3166 494 3217 quae
566 3152 645 3205 'lest
664 3166 713 3204 om.
788 3144 955 3220 Βκύμινον]
976 3149 1116 3218 cyminum
1192 3146 1367 3218 κυπάριιινν

134 3231 254 3296 9qnem
272 3244 324 3282 om.
401 3229 538 3299 necnon]
558 3232 587 3283 et
605 3246 660 3283 non
742 3236 774 3284 13
795 3248 809 3282 ο
828 3232 858 3283 el
875 3250 892 3283 υ
912 3232 941 3283 et
959 3251 981 3282 ω
1060 3229 1119 3299 qui]
1140 3229 1207 3298 quio
1289 3236 1438 3285 temnere

134 3308 162 3362 in
181 3325 215 3363 eo
304 3308 429 3379 condire]
450 3310 561 3379 prodire
653 3317 686 3366 19
704 3308 865 3380 pinguescit
882 3308 925 3378 nt]
945 3309 1057 3379 pinguis
1077 3310 1147 3364 citat
1166 3310 1196 3378 0,
1215 3325 1283 3363 con.
1303 3310 1334 3362 ιἰι
1352 3324 1438 3378 marg.

134 3388 294 3458 pinguescit
311 3391 375 3442 nic
429 3394 463 3442 20
482 3389 613 3459 debeant]
635 3390 740 3443 habent
794 3394 827 3441 21
847 3387 920 3458 soni]
942 3405 1026 3443 sonus
1081 3394 1115 3443 22
1135 3389 1292 3459 enuntiare]
1312 3388 1438 3442 enuntio·

134 3484 199 3522 uere
271 3474 305 3522 23
324 3484 442 3538 persone.
833 3487 837 3497 ·

223 3634 237 3682 1
257 3628 302 3683 Ibi
320 3644 480 3699 quenquam
499 3629 524 3683 si
543 3647 605 3683 cum
624 3627 749 3682 littorei
767 3628 882 3682 confusa
900 3630 942 3682 est
960 3647 978 3681 u
997 3628 1037 3696 R,
1056 3628 1109 3697 ibi,
1129 3630 1263 3698 quemad
1282 3629 1396 3684 modum
1411 3629 1435 3682 si

134 3723 196 3762 cnm
215 3709 312 3763 littero
330 3726 349 3777 q
367 3706 482 3761 confusa
500 3709 544 3762 eet
560 3725 578 3761 v
597 3708 743 3762 Sernlcroc:
769 3709 846 3778 esp.
862 3711 957 3773 58,19
975 3707 1005 3760 in
1024 3707 1067 3762 bis
1086 3708 1115 3762 in
1133 3711 1233 3777 quibus
1253 3703 1316 3764 cum
1334 3727 1353 3777 q
1372 3725 1436 3764 con-

134 3785 196 3842 fuse
213 3787 287 3842 boec
304 3787 400 3843 littera
419 3790 477 3856 est,
495 3790 528 3843 nt
544 3786 572 3841 in
593 3805 628 3843 eo
645 3789 720 3857 quod
739 3788 861 3856 estquis
969 3791 985 3839 2
1010 3787 1100 3858 arma]
1126 3788 1203 3858 l'erp.
1222 3791 1291 3842 Aen
1312 3789 1333 3840 Ι
1349 3793 1364 3841 1

135 3866 272 3937 quisquis]
294 3866 371 3938 Verq.
391 3869 458 3923 Aen.
476 3867 520 3920 VI
538 3872 595 3920 388
676 3872 693 3919 4
711 3867 790 3920 utin
809 3884 842 3920 eo
861 3867 936 3936 quod
955 3870 999 3922 est
1016 3884 1034 3921 ι
1052 3884 1125 3935 quae
1144 3867 1293 3922 manifesta
1312 3868 1345 3924 R.
1368 3868 1437 3938 ‘leqo

134 3962 188 4014 que
201 3945 354 4000 manifesta
366 3947 407 4000 nel
425 3949 457 4000 nt
474 3946 551 4000 ineo
566 3946 641 4016 qnod
660 3947 703 4000 est
721 3944 783 4014 quis
802 3948 831 4000 et
850 3962 904 4013 qne
922 3945 1083 4001 manifesta’
1105 3946 1294 4002 Commelinne.
1323 3949 1353 4001 ab
1370 3948 1437 4000 νοντ’-

135 4025 250 4079 bendum
269 4041 323 4079 ease
339 4027 410 4081 vidit
428 4026 563 4081 Semlerua
653 4032 668 4079 7
692 4043 762 4094 qnae
786 4026 861 4095 apud
880 4024 1001 4081 Graecos
1019 4046 1036 4079 ν
1060 4025 1087 4078 R
1177 4026 1252 4094 quod
1275 4025 1318 4079 illi
1342 4025 1439 4080 dicunt

135 4104 278 4173 cyminum
300 4122 351 4160 nos
374 4106 528 4160 cuminum:
552 4121 636 4173 qnam
660 4103 704 4158 illi
726 4100 913 4174 κυπάρισσον,
938 4121 988 4160 nos
1007 4099 1179 4174 obpressum:
1203 4107 1246 4160 illi
1264 4101 1438 4177 κυβερνήτην

136 4201 185 4250 noo
202 4186 420 4256 gubernatorem
439 4184 467 4240 R
540 4190 572 4244 11
592 4183 612 4236 ii
630 4182 699 4237 ilem
717 4184 881 4239 Latinorum
900 4184 928 4238 R
946 4191 971 4239 et
989 4186 1071 4239 codex
1095 4185 1191 4240 Vrsini
1261 4185 1437 4254 Latinorum]

137 4265 214 4320 Mor.
231 4265 332 4320 Victor.
346 4283 377 4335 p.
393 4271 437 4330 11,
450 4271 476 4320 9.
496 4269 577 4332 24,2
652 4271 683 4319 13
704 4268 733 4320 et
750 4264 879 4319 confusos
897 4264 983 4320 fuisse
1002 4284 1017 4318 o
1037 4269 1066 4319 eb
1084 4286 1105 4318 ω
1124 4266 1152 4320 R
1223 4265 1290 4335 quio
1308 4281 1397 4333 aeque
1411 4264 1439 4317 lt

207 4351 242 4400 18
261 4346 363 4400 lacem
381 4362 462 4413 quom
480 4345 604 4400 indicavi
621 4348 663 4401 ita
680 4347 736 4412 sere
752 4340 862 4399 videtur
879 4344 1035 4412 supplenda
1051 4360 1114 4410 esee,
1132 4345 1232 4399 exilius
1249 4344 1313 4399 volo
1332 4360 1439 4412 nonme,

137 4425 241 4481 aidieo
260 4427 297 4480 ab
316 4423 444 4492 eoquod
463 4424 506 4477 eet
522 4425 639 4493 prodere
658 4424 769 4479 vincere
788 4423 920 4490 condere,
938 4423 967 4477 in
987 4440 1021 4478 eo
1040 4440 1106 4478 vero
1125 4425 1200 4494 qood
1218 4424 1359 4494 significat
1377 4439 1439 4491 pro-

137 4505 195 4559 dire
214 4510 261 4560 etc.
339 4503 648 4572 schoenemann,
667 4504 789 4558 debeant
806 4502 863 4557 dici
881 4503 1062 4557 Schneideroe
1078 4519 1191 4573 gramm.
1211 4505 1258 4557 lot.
1277 4519 1300 4556 υ.
1321 4502 1342 4554 Ι
1355 4519 1386 4571 p.
1400 4507 1440 4556 20

188 4590 221 4638 21
242 4583 377 4655 plenioris
391 4599 474 4638 ιοιιιιι
488 4581 529 4652 R,
548 4583 681 4653 plenioris
694 4582 756 4637 soni
772 4582 951 4638 Gomntelinus
965 4589 989 4638 et
1003 4583 1183 4638 Schneiderue
1254 4581 1439 4651 rusticanum]

140 4663 193 4718 Cic.
211 4665 245 4718 de
263 4669 333 4719 orat.
353 4664 417 4717 ΙΙΙ
433 4669 477 4730 11,
495 4668 533 4718 42
552 4664 679 4728 ultum,
698 4660 811 4730 Catule,
831 4662 934 4716 sodalis
952 4662 983 4716 L.
1001 4661 1084 4716 Cotto
1102 4663 1223 4731 gaudere
1242 4661 1312 4714 mibi
1329 4662 1441 4715 videtur

140 4743 277 4811 mambote
294 4743 408 4813 linguae
427 4757 551 4812 sonoque
565 4741 643 4796 vocis
662 4741 765 4810 agresti
785 4744 815 4795 et
831 4740 902 4795 illud
921 4742 996 4811 qnod
1014 4742 1139 4810 loquitur
1157 4741 1278 4811 priscum
1297 4740 1387 4795 risum
1406 4739 1439 4794 iri

140 4825 233 4892 putat,
253 4822 277 4878 ei
295 4823 380 4893 plene
397 4823 483 4877 fuerit
500 4820 673 4876 rusticanum

192 4931 348 4964 cunnum
362 4931 448 4963 num
468 4930 512 4962 ιιι.
1212 4917 1229 4965 4
