3316 5474
230 389 273 452 80
766 391 864 445 VELII
884 388 999 445 LONGI

229 501 250 537 p.
265 491 324 530 saar.
339 492 365 530 aa
378 491 402 530 r.

233 574 334 655 soleat,
357 583 387 634 et
406 576 544 653 quoniam
563 574 676 651 antiqui
696 593 754 635 non
778 577 991 654 geminaverint
1014 583 1222 648 consonantes,
1248 574 1299 634 sed
1320 573 1384 634 loco
1404 576 1533 653 gemina·

231 683 320 741 tionis
343 690 443 741 uotam
467 684 722 760 superposuerint.
767 685 798 742 iu
822 682 930 762 quibus
954 700 1039 741 error
1062 684 1126 741 eius
1155 683 1310 743 manifeste
1339 681 1535 762 deprehendi·

232 797 290 848 tur.
336 806 402 848 nam
426 789 570 866 geminari
594 799 790 849 consonantes
810 789 963 868 productis
987 787 1137 848 vocalibus
1160 791 1277 849 iunctas
1300 807 1372 850 usus
1396 788 1537 869 ostendit,

231 897 260 954 in
285 913 344 973 quo
369 894 494 955 dicimus
518 896 606 954 etiam
630 914 746 955 errasse
771 894 893 956 saltasse
917 894 1013 955 abisse
1034 894 1039 968 Ι
1060 895 1196 955 calcasse.
1233 897 1300 974 quis
1319 904 1418 956 autem
1440 898 1538 957 nescit

232 1000 340 1061 malum
365 1019 422 1061 una
446 1000 455 1059 l
480 1000 576 1061 littera
600 1004 740 1081 scriptam
764 1002 889 1062 multum
913 1001 1023 1061 distare
1046 1020 1061 1060 a
1081 1000 1167 1060 Mallo
1191 1001 1294 1061 eodem
1318 1001 1463 1062 elemento
1487 1011 1565 1081 get

207 1102 213 1111 '
234 1104 366 1167 minato?
393 1107 465 1168 illud
481 1127 549 1167 vero
568 1117 775 1186 argumentum
795 1108 872 1186 quod
893 1108 974 1187 dicit,
996 1118 1094 1168 notam
1114 1108 1229 1168 solitam
1248 1111 1420 1190 superponi,
1437 1117 1536 1169 osten-

232 1211 276 1272 dit
299 1215 329 1272 in
352 1215 555 1274 enuntiatione
584 1214 679 1274 solere
707 1217 859 1294 geminari.
906 1215 1029 1294 etquid
1054 1217 1111 1274 iam
1140 1217 1279 1296 interest,
1307 1225 1408 1277 utrum
1437 1226 1537 1277 notam

232 1337 269 1378 an
293 1318 420 1380 litteram
445 1339 551 1402 ponas,
580 1339 647 1380 cum
671 1307 844 1382 alterutram
874 1320 926 1381 tibi
954 1323 1116 1381 necessitas
1140 1319 1307 1401 exprimat?
1353 1341 1423 1383 sane
1447 1324 1478 1382 in
1501 1340 1537 1382 eo

233 1425 311 1504 quod
341 1434 387 1487 est
410 1445 531 1488 narrare
560 1427 750 1489 observatum
773 1437 818 1488 est
841 1437 875 1487 ut
899 1445 990 1487 unum
1015 1427 1263 1507 ascriberemus,
1291 1429 1431 1506 quoniam
1459 1429 1539 1488 venit

233 1551 249 1591 a
272 1551 373 1612 gnaro,
401 1536 449 1593 cui
473 1543 519 1595 est
542 1536 725 1595 contrarium
749 1537 878 1613 ignarus.
915 1552 1021 1594 rursus
1044 1536 1113 1612 quia
1136 1533 1249 1613 pullum
1273 1552 1327 1612 per
1349 1533 1408 1594 duo
1433 1534 1442 1593 l
1465 1536 1580 1594 scri-10

233 1638 344 1721 bintus,
368 1639 601 1700 observaverunt
624 1640 742 1719 quidam
767 1649 799 1700 ut
825 1639 954 1720 paullum
979 1642 1106 1719 repetito
1130 1640 1234 1700 eodem
1258 1639 1404 1701 elemento
1427 1639 1538 1700 scribe-

234 1755 308 1807 rent.
355 1736 437 1825 quod
464 1746 536 1806 mibi
565 1765 623 1806 non
652 1746 782 1828 videtur,
811 1748 950 1823 quoniam
978 1747 1126 1805 enuntiari
1154 1745 1236 1806 nullo
1264 1747 1350 1807 modo
1375 1756 1486 1826 potest,
1510 1755 1541 1807 et

234 1871 294 1913 uon
317 1864 363 1914 ost
385 1872 507 1914 necesse
530 1852 560 1912 id
585 1852 730 1934 scribere,
759 1852 837 1932 quod
861 1855 892 1911 iu
916 1851 1005 1911 verbo
1037 1870 1096 1911 non
1125 1863 1218 1912 sonet.
1265 1853 1313 1913 bic
1341 1862 1440 1913 autem
1468 1852 1540 1912 mihi

236 1958 458 2038 alongitudine
482 1958 608 2038 syllabae
633 1959 835 2019 antecedentis
859 1958 927 2017 huic
951 1957 1066 2017 litterae
1090 1957 1234 2019 obstetur.
1280 1968 1326 2020 est
1349 1961 1428 2020 enim
1451 1977 1540 2037 quam

235 2064 341 2126 Graeci
368 2065 470 2126 dicunt
499 2063 703 2144 δίφθογγος,
733 2068 812 2125 iuxta
845 2054 932 2142 uuam
962 2066 1082 2123 omnino
1112 2067 1256 2142 geminari
1286 2084 1452 2127 consonans
1480 2075 1581 2126 non1⁵

239 2179 345 2250 potest.

329 2277 394 2338 Non
425 2278 498 2339 nulli
528 2281 606 2339 circa
637 2278 803 2358 synaliphas
835 2297 953 2357 quoque
986 2278 1198 2340 observandam
1229 2281 1317 2341 talem
1348 2282 1541 2360 scriptionem

240 2386 497 2466 existimaverunt,
521 2387 598 2446 sicut
623 2384 743 2445 Verrius
766 2384 903 2464 Flaccus,
927 2393 968 2464 ut,
992 2384 1171 2463 ubicumque
1193 2389 1288 2466 prima
1313 2406 1367 2447 ror
1391 2406 1420 2447 m
1444 2387 1542 2448 littera

237 2493 383 2572 finiretur,
406 2510 534 2569 sequens
554 2511 570 2551 a
589 2491 681 2552 vocali
704 2485 858 2571 inciperet,
882 2509 911 2550 m
931 2509 989 2550 non
1013 2501 1082 2573 tota,
1106 2492 1158 2552 sed
1181 2511 1250 2572 pars
1273 2494 1352 2554 illius
1376 2495 1458 2573 prior
1478 2502 1540 2553 tau-

238 2609 300 2659 tum
324 2597 516 2671 scriberetur,
539 2607 573 2659 ut
595 2608 752 2679 appareret
775 2599 902 2677 exprimi
926 2614 985 2656 uon
1009 2597 1126 2658 debere.
1168 2608 1214 2660 est
1238 2602 1326 2660 etiam
1350 2599 1401 2660 ubi
1424 2599 1540 2660 vocales
1556 2609 1584 2648 2⁰

328 2823 418 2877 (lodan
438 2823 588 2877 Parrhasii
639 2825 856 2878 lconsonantes
874 2838 924 2876 orn.
1013 2825 1284 2892 isuperposuerunt
1364 2825 1543 2895 egeminare

485 2915 495 2942 Ι

308 2961 325 3008 4
355 2972 460 3010 errasse
482 2955 604 3011 baltasse
628 2957 735 3012 abiesse
759 2955 881 3010 calcans
906 2954 996 3007 littero
1019 2973 1031 3008 s
1052 2956 1147 3023 prima
1174 2974 1260 3011 mauu
1286 2960 1473 3028 superscripto

238 3040 254 3088 b
274 3035 341 3105 una]
361 3053 445 3090 unam
528 3044 543 3091 6
562 3038 634 3092 illud
652 3054 718 3092 uero
737 3036 902 3105 argumento
922 3051 976 3102 quo
996 3034 1051 3089 dici
1135 3043 1166 3089 11
1187 3037 1319 3108 repetito]
1339 3037 1471 3107 repetitio

240 3121 272 3168 15
291 3115 439 3187 geminari]
460 3119 628 3186 geminaturi
648 3120 747 3172 litteris
761 3119 792 3170 tu
805 3117 940 3170 subducta
958 3117 1058 3170 lineola
1071 3117 1186 3183 notatis,
1205 3122 1237 3170 ut
1252 3124 1318 3170 esset
1336 3117 1473 3186 geminari

240 3202 271 3249 17
291 3196 427 3251 Nonnulli
445 3199 606 3268 synaliphas
625 3215 737 3269 quoque
756 3197 831 3251 circa
850 3196 1054 3251 obseruandum
1074 3197 1187 3265 qualem
1206 3197 1386 3267 scriptionem
1460 3202 1492 3249 19
1516 3214 1546 3249 m

238 3292 294 3330 non
313 3278 402 3331 totam
421 3278 470 3331 sed
542 3284 576 3332 20
595 3282 627 3333 ut
646 3281 764 3349 apparet

241 3490 272 3540 in
297 3490 388 3543 eodeni
409 3492 518 3560 syllaba
541 3511 554 3545 s
576 3500 766 3548 consonantem
786 3493 931 3562 procedere
952 3504 1009 3541 non
1031 3491 1114 3543 solere
1135 3491 1167 3543 iu
1191 3491 1379 3544 enuntiatione
1403 3490 1547 3554 diceretur,

239 3570 310 3624 nnn
327 3571 360 3624 dc
378 3571 441 3625 lusu
460 3576 485 3624 et
503 3571 603 3640 plausu
618 3576 758 3642 praecepit
773 3577 896 3626 Scaurus
910 3585 938 3637 p.
950 3572 996 3632 21,
1006 3573 1050 3622 17.
1071 3571 1171 3638 scripsi
1189 3576 1278 3623 tannen
1293 3569 1436 3639 geminata
1450 3584 1546 3622 conso-

240 3665 310 3702 nans
328 3655 443 3718 propter
461 3667 493 3704 ea
511 3669 579 3720 quac
597 3659 747 3721 sequnntur
766 3656 809 3718 80,
828 3657 844 3704 3
868 3648 1004 3719 genrinari
1028 3651 1210 3704 consonantes
1237 3650 1379 3719 productis
1403 3649 1547 3703 vocalibus

240 3728 350 3783 iunctas
364 3747 430 3784 usus
445 3731 568 3785 ostendit
586 3738 611 3785 ct
629 3738 672 3798 80,
689 3737 720 3784 15
736 3731 814 3785 iuxta
828 3746 912 3798 quam
927 3727 1039 3782 omnino
1054 3728 1191 3795 geminari
1206 3747 1360 3785 consonans
1374 3746 1428 3783 non
1444 3730 1546 3797 potest.

241 3809 274 3862 de
291 3810 472 3878 paninationc
490 3828 503 3863 s
523 3811 628 3864 litterae
646 3812 748 3865 dictum
766 3816 804 3864 est
818 3828 848 3878 p.
865 3814 911 3876 72,
926 3813 960 3862 14

332 3896 346 3943 1
366 3906 422 3944 non
440 3890 645 3960 geminauen‘nt
664 3909 676 3943 s
696 3891 745 3945 sed
764 3890 825 3945 loco
844 3887 1041 3959 geminationis
1059 3888 1087 3941 R
1168 3894 1184 3941 3
1205 3905 1269 3942 nam
1288 3890 1432 3958 geminare
1451 3906 1547 3944 conso·

240 3970 340 4023 nantes
359 3969 387 4022 lt
458 3977 475 4024 4
494 3986 599 4026 enasse
618 3971 734 4025 saltasse
753 3969 860 4024 abiesse
879 3969 1009 4024 calcasse.
1045 3965 1112 4030 Quis
1131 3966 1206 4019 enim
1224 3968 1314 4022 nescit
1337 3969 1444 4023 malum
1462 3985 1518 4022 una
1537 3968 1548 4020 l

240 4048 336 4102 littera
354 4049 487 4118 scriptum
507 4051 611 4107 distare
630 4070 647 4107 a
665 4052 739 4107 malo
757 4050 798 4119 R,
821 4052 870 4103 ubi
893 4049 1027 4104 abiecisse
1046 4063 1100 4115 pro
1119 4046 1227 4101 abiesse
1253 4048 1328 4101 dedit
1347 4050 1511 4112 Putscbius,
1529 4064 1548 4101 a

239 4130 325 4185 mallo
344 4132 431 4186 edidit
450 4131 630 4187 Connrciinus
719 4137 735 4185 ὁ
759 4148 777 4185 a
795 4131 881 4186 mallo
904 4134 930 4185 si
955 4144 1047 4183 versun
1066 4132 1116 4191 cst,
1140 4128 1177 4180 od
1195 4127 1288 4181 urbem
1308 4127 1421 4182 Oiiiciac
1438 4128 1547 4181 oidctw

241 4212 412 4277 referentium
430 4226 491 4267 csse.
515 4228 569 4278 pro
586 4229 683 4281 praeco
701 4214 809 4266 nornine
827 4205 930 4280 μαλλός
947 4209 988 4262 cel
1009 4223 1064 4275 pro
1082 4207 1161 4261 uerbo
1179 4208 1255 4262 malo
1274 4208 1377 4263 dictum
1395 4223 1448 4261 esec
1462 4211 1546 4273 puta-

239 4291 280 4345 uit
298 4290 479 4345 Schneiderus
503 4307 615 4359 promus.
636 4293 684 4347 lot.
702 4309 726 4345 o.
747 4293 768 4345 I
784 4309 815 4361 p.
835 4296 905 4357 392,
929 4291 961 4343 de
975 4303 1057 4356 poeno
1075 4288 1272 4356 interpretatus
1289 4294 1327 4344 eat
1345 4288 1548 4342 Brambacbius

240 4372 357 4441 miliopr.
377 4373 424 4426 iot.
440 4389 470 4439 p.
487 4376 542 4426 261
616 4379 632 4427 6
651 4371 723 4426 illud
741 4388 807 4426 uero
826 4370 1021 4442 argumentum
1040 4385 1095 4437 qno
1115 4368 1185 4423 dicit
1203 4375 1336 4423 corrector
1353 4367 1454 4422 codicis
1470 4366 1546 4419 Voti·

242 4451 319 4515 cani,
337 4451 388 4505 illo
403 4468 469 4506 uero
484 4454 649 4520 argumento
664 4470 719 4521 quo
734 4451 803 4505 dicit
821 4451 849 4504 lt
912 4456 928 4504 8
948 4449 1113 4503 alterutrum
1132 4449 1160 4503 It
1223 4448 1381 4518 enarrare]
1398 4447 1545 4515 Papirion.

241 4532 318 4597 apud
337 4531 457 4587 Cassiod.
475 4538 593 4601 p.2290
667 4540 698 4586 11
719 4532 937 4587 observaverunt
956 4527 1083 4599 quidam]
1103 4528 1226 4583 Scaurus
1240 4547 1270 4597 p.
1282 4536 1331 4596 20,
1340 4535 1376 4585 15
1448 4534 1481 4581 13
1500 4529 1547 4582 hic

240 4609 337 4662 autem
353 4609 384 4664 in
401 4610 577 4680 longitndine
596 4611 720 4680 syllabae
739 4612 930 4666 antecedentis
950 4608 1015 4663 huic
1033 4607 1145 4663 litterae
1165 4610 1292 4664 obstetur
1305 4611 1341 4664 R.
1367 4611 1482 4677 somnam
1500 4609 1546 4662 hic

241 4688 335 4742 autem
354 4688 440 4744 etiam
458 4689 605 4759 longitudo
623 4689 749 4758 syllabae
768 4692 959 4746 concedentis
978 4689 1044 4744 huic
1061 4689 1173 4744 litterae
1192 4690 1286 4745 obstat
1359 4697 1391 4744 1¹1
1409 4688 1546 4744 Nonnulli

241 4767 426 4836 synaloephas
449 4786 560 4837 quoque
584 4769 771 4825 obseruandas
795 4770 869 4825 circa
891 4771 977 4826 talem
1001 4767 1181 4837 scriptionem
1200 4770 1433 4826 existimauerunt
1448 4769 1477 4823 u

242 4853 277 4902 10
295 4852 328 4902 ut
345 4851 481 4916 appareat
498 4847 527 4901 R
