3316 5474
600 318 648 372 DE
669 318 960 374 oltnflouttnrttta
1367 319 1432 382 263

124 433 146 469 p.
160 422 220 460 erac.
235 420 260 459 rr
276 421 299 458 r.

125 514 242 584 neutro,
266 514 427 582 utrumque
442 496 572 564 'numero
592 503 744 582 singulari.
781 501 983 564 aurichalcum
1003 511 1033 563 et
1053 502 1235 564 orichalcum
1259 504 1386 566 dicimus
1404 513 1435 565 et

116 596 181 673 ltoc
204 612 395 695 singulariter
419 620 542 672 tantum.
580 613 623 671 sic
647 619 677 671 et
700 618 800 672 cetera
823 609 977 671 metallica.

215 700 259 778 'tt
279 728 363 779 etex
383 721 633 798 praepositiones,
656 720 682 777 si
702 736 832 797 sequens
850 716 974 777 verbum
994 735 1009 777 a
1029 717 1120 777 vocali
1144 719 1278 798 incipiat,
1302 721 1435 798 integrae

111 827 300 906 eliciuntur,
316 834 348 886 ut
362 843 397 885 ex
414 824 531 906 oppido,
545 824 582 884 ab
601 824 665 904 illo;
685 826 710 885 si
725 833 922 886 consonantes
937 833 1110 905 sequantur,
1125 832 1287 885 extremam
1305 826 1433 887 litteram

37 953 42 965 ¹
97 932 268 1012 sper-dum,
291 940 325 992 ut
352 949 368 992 e
397 932 477 1010 soro,
501 949 518 990 a
542 930 712 992 Sacerdote.
749 930 804 991 bae
834 938 933 992 autem
956 932 1193 1011 praepositiones
1216 934 1256 992 ita
1280 932 1436 996 dilierunt:

125 1057 192 1099 cnm
221 1038 293 1098 dicit
318 1040 384 1117 qnis
408 1056 424 1096 a
448 1037 565 1099 theatro
588 1056 621 1098 se
644 1040 760 1119 venire,
791 1056 849 1099 uon
873 1056 908 1098 er
933 1041 998 1117 ipso
1022 1037 1154 1117 theatro,
1178 1038 1230 1099 sed
1255 1057 1271 1100 e
1295 1037 1360 1099 loco
1384 1042 1435 1119 qui

125 1155 171 1206 est
193 1147 347 1225 proximus
372 1144 488 1205 theatro
507 1141 512 1226 Ι
533 1162 564 1205 se
589 1145 691 1205 venire
715 1145 877 1225 significat3
909 1147 960 1224 qui
983 1150 1056 1205 vero'
1077 1164 1113 1205 ex
1136 1143 1253 1205 theatro
1277 1165 1309 1206 se
1333 1148 1433 1207 venire

125 1253 210 1333 dicit,
234 1272 270 1313 ex
294 1255 359 1333 ipso
383 1252 503 1336 theatro
524 1252 678 1330 significat.
715 1251 749 1311 ad
775 1260 805 1313 et
828 1254 858 1312 in
882 1252 1022 1332 praelatis
1045 1252 1316 1332 praepositionibus
1339 1271 1436 1334 pares,

125 1359 177 1420 sed
197 1361 345 1420 contraria
365 1366 513 1438 potestate
533 1365 618 1439 sunt,
642 1360 710 1436 quia
729 1360 760 1418 in
780 1358 877 1419 iorum
896 1360 941 1418 ire
960 1365 1007 1419 est
1024 1360 1055 1418 in
1074 1360 1173 1437 ipsum
1193 1359 1291 1420 lorum
1314 1361 1435 1441 intrare,

86 1483 111 1520 ιι
126 1466 161 1526 ad
186 1468 283 1527 lornm
303 1451 404 1526 antem
422 1468 466 1526 ire
485 1464 522 1525 ad
546 1464 644 1525 locum
668 1467 733 1525 loro
756 1466 938 1544 proximum:
962 1473 996 1525 nt
1017 1466 1048 1524 in
1073 1464 1203 1525 tribunal
1226 1474 1257 1526 et
1280 1465 1315 1527 ad
1340 1465 1433 1526 tribn-

126 1572 173 1633 ual
197 1574 297 1634 venire
317 1591 377 1633 non
396 1591 490 1634 tinum
510 1580 569 1653 est,
592 1574 661 1650 quia
679 1571 715 1631 ad
740 1570 869 1632 tribunal
893 1572 974 1632 venit
996 1569 1135 1653 litigator,
1158 1572 1189 1631 iu
1209 1571 1339 1633 tribunal
1363 1591 1433 1633 vero

126 1689 246 1759 praetor
270 1689 320 1740 aut
343 1679 441 1740 iudea.

214 1786 344 1847 Arrcillor
367 1785 502 1847 blandior
526 1794 556 1847 et
579 1786 683 1847 adulor
707 1803 799 1847 unum
822 1785 1002 1866 significant,
1033 1783 1113 1863 quod
1137 1794 1184 1846 est
1206 1804 1312 1864 graece
1335 1787 1433 1847 eota-

125 1886 227 1974 κεύω,
250 1903 280 1954 et
301 1892 431 1954 dativum
451 1911 553 1954 casum
572 1893 702 1954 trahunt.
739 1892 842 1953 aulero
862 1893 959 1952 eximo
978 1891 1075 1953 adimo
1094 1892 1181 1954 demo
1200 1890 1343 1954 subtraho
1363 1893 1432 1954 sub-

85 2012 112 2050 15
126 1999 203 2061 duco
227 2020 262 2061 ex
287 2019 346 2062 urio
370 2019 477 2080 graeco
501 2001 732 2080 transferuntur,
754 1999 784 2060 id
808 2007 854 2058 est
877 1987 1095 2080 ἀφαιροῦμαι.

212 2107 323 2168 Abdico
343 2108 466 2168 verbum
491 2115 591 2188 potest
609 2107 810 2167 accusativum
829 2106 956 2165 nominis
976 2107 1037 2166 sive
1060 2124 1225 2185 pronomen
1245 2126 1313 2168 cum
1334 2108 1431 2169 dativo

125 2213 255 2276 trabere:
278 2214 451 2276 Ambrosios
475 2210 551 2294 ‘qui
575 2233 611 2276 se
636 2199 805 2274 abdi'e'ant
829 2210 1081 2273 saecularibus
1104 2209 1328 2275 inlecebris'.

212 2320 294 2382 Alius
314 2341 421 2383 nomen
446 2322 576 2383 dativum
601 2318 760 2400 dupliciter
779 2320 880 2400 eliert,
904 2316 1005 2379 etalii
1029 2317 1154 2380 etalio:
1183 2318 1275 2380 babes
1299 2322 1329 2381 in
1348 2339 1432 2381 sacra

123 2429 271 2506 scriptura
296 2421 418 2510 (blattis.
442 2430 472 2503 8,
496 2429 525 2504 9,
550 2429 624 2491 Luc.
651 2429 680 2502 7,
703 2421 739 2509 8)
768 2421 865 2486 ‘dieo
893 2425 979 2487 huic
1002 2425 1088 2486 vade
1112 2433 1148 2485 et
1170 2426 1281 2508 vadit,
1304 2435 1340 2488 et
1363 2427 1435 2487 alio

82 2536 204 2593 aveni
235 2542 271 2594 et
304 2530 428 2609 venit',
457 2544 487 2597 et
515 2554 634 2597 rursum
664 2528 944 2617 (Mattt.25,15)
974 2528 1025 2592 ‘et
1053 2534 1114 2592 nni
1143 2531 1243 2594 dedit
1275 2536 1434 2614 quinque

124 2639 273 2722 talenta,
296 2641 360 2703 alii
383 2651 500 2703 autem
523 2642 605 2724 dno,
629 2641 694 2702 alii
719 2658 801 2701 vero
825 2635 958 2702 unum’.

212 2749 377 2828 Aegyptum
401 2767 469 2809 cum
493 2751 524 2809 in
548 2752 696 2829 scriptura
720 2747 851 2809 dividere
875 2749 933 2828 vis,
960 2765 980 2825 p
1004 2749 1141 2826 sequenti
1170 2746 1296 2826 syllabae
1320 2749 1432 2830 iongis3

123 2864 276 2934 aspectum
309 2875 324 2916 c
360 2859 497 2935 sequenti
529 2856 657 2938 syllaba,
687 2856 829 2920 allectum
863 2852 999 2915 similiter
1031 2860 1062 2913 et
1098 2836 1241 2914 afflictum
1274 2862 1432 2935 ceteraque

124 2960 250 3025 huiusce
275 2963 364 3024 naudi.

84 3080 110 3121 ²⁵
213 3072 342 3131 assuere
363 3079 393 3132 et
411 3080 614 3132 assumentum
636 3072 726 3150 panni
749 3087 803 3150 per
822 3086 851 3142 s,
876 3084 935 3127 non
953 3063 1007 3147 per
1027 3067 1045 3128 d
1065 3067 1265 3128 scribendum.
1293 3068 1430 3131 similiter

124 3195 275 3239 assumere
299 3196 354 3257 per
377 3196 404 3252 s,
432 3179 603 3257 appropriat
630 3194 727 3256 perp
751 3174 957 3254 scribendum,
986 3177 1108 3255 apponit
1132 3174 1277 3256 similiter,
1300 3179 1432 3237 accurrit

124 3302 178 3363 per
202 3303 231 3359 c,
254 3285 452 3344 amministrat
474 3303 528 3362 per
552 3303 593 3366 m,
622 3281 749 3362 applicat
772 3299 826 3361 per
849 3301 883 3362 p,
911 3279 1010 3360 alligat
1037 3300 1092 3360 per
1115 3279 1137 3363 l,
1164 3299 1308 3361 assequor
1330 3301 1385 3362 per
1408 3303 1432 3366 s,

124 3389 227 3451 allevat
245 3381 304 3471 'per
328 3391 350 3471 l,
374 3390 491 3451 assidue
514 3407 619 3469 pers,
643 3388 801 3468 aggredior
823 3407 877 3467 per
901 3407 927 3468 g.

213 3499 349 3558 Assarius
369 3496 404 3557 ab
423 3497 552 3576 antiquis
575 3494 737 3573 dicebatur,
761 3513 841 3557 nunc
860 3513 893 3556 as
916 3495 1035 3579 dicitur,
1058 3515 1118 3557 non
1140 3497 1224 3557 assis.
1261 3514 1332 3557 sane
1355 3498 1431 3558 assis

84 3615 111 3655 ³⁰
125 3605 279 3681 genetivus
303 3612 357 3664 est.

211 3708 308 3770 illium
328 3719 358 3771 et
377 3709 488 3771 dolium
506 3728 560 3790 per
579 3712 589 3770 i
608 3707 814 3791 scribendum,
838 3729 898 3770 non
921 3729 976 3791 per
995 3729 1025 3791 e,
1049 3712 1129 3772 sicut
1147 3709 1260 3772 oleum:
1284 3709 1429 3791 Vergilius

124 3812 205 3897 (boc.
229 3818 258 3892 2,
282 3811 335 3899 n)
359 3812 443 3878 ‘alia
466 3811 756 3896 serpyllumqne'
779 3819 866 3896 peri
890 3816 972 3879 dixit.

193 3989 368 4044 ametallica
384 3989 447 4041 Pet
462 3988 606 4043 Charisius
613 4005 644 4057 p.
656 3992 700 4055 34,
713 3994 759 4058 19,
772 3986 890 4042 metalla
904 3989 970 4042 ML
1024 3987 1210 4065 3inoipiatur
1229 3990 1267 4044 Μ
1318 3990 1428 4061 integro

125 4070 161 4123 M
167 4069 227 4131 lu
277 4068 398 4122 before
413 4068 525 4123 Pesero
536 4070 574 4122 M
577 4069 603 4122 L
617 4067 729 4126 efferos
783 4074 895 4136 8pares
905 4071 970 4123 sunt
980 4069 1119 4125 contraria
1132 4071 1273 4138 potestate
1290 4072 1355 4123 sunt
1365 4069 1432 4122 MP

123 4137 207 4216 pareri
217 4150 281 4202 suut
295 4147 435 4202 contraria
449 4151 590 4217 potestate
603 4148 637 4207 L.
656 4146 700 4202 his
712 4146 967 4217 praepositionibus
980 4167 1060 4219 pares
1075 4151 1168 4218 (pares
1183 4165 1233 4203 ona
1245 4149 1348 4219 Dmm.)
1364 4166 1427 4205 eon-

122 4227 208 4282 traria
221 4231 362 4299 potestate
377 4233 442 4285 sunt
456 4229 492 4284 ad
502 4231 532 4283 et
545 4229 574 4282 in
586 4228 729 4282 Diomedes
738 4244 768 4295 p.
778 4231 840 4292 415,
851 4227 1025 4282 7Dositbeue
1035 4245 1065 4297 p.
1075 4232 1148 4292 46st
1205 4235 1237 4282 14
1248 4228 1329 4284 demo
1341 4245 1391 4283 em.
1402 4228 1428 4281 L

159 4316 191 4373 tt
210 4309 285 4365 idem
300 4302 505 4368 ὸΦὸΙΡΟΥΜὸΙ
521 4309 549 4362 Ρ
562 4309 592 4363 id
607 4311 651 4364 est
663 4301 868 4367 todtrouoett
888 4307 927 4360 Μ
940 4306 970 4360 id
985 4308 1028 4362 est
1043 4302 1194 4366 totietate
1209 4307 1235 4360 L
1291 4314 1323 4361 16
1337 4307 1427 4361 nomi-

123 4388 178 4461 nis]
198 4407 299 4444 uomen
320 4389 418 4443 MPL
494 4406 556 4442 cum
576 4387 672 4444 dativo
691 4387 787 4443 om.L
863 4392 894 4441 tv
916 4385 1030 4441 abdicat
1048 4387 1075 4440 P
1150 4392 1182 4440 18
1202 4386 1301 4440 efferat
1321 4386 1358 4439 Μ

125 4475 157 4524 19
177 4469 315 4538 scriptura
333 4469 370 4523 Et
388 4468 450 4523 dico
472 4468 508 4521 M
560 4474 594 4522 22
613 4467 707 4539 iungis
724 4468 775 4518 ie.
790 4477 838 4517 xo.
853 4478 905 4519 xx.
924 4469 1069 4536 aspectum
1089 4467 1117 4520 P
1172 4473 1206 4521 24
1225 4466 1385 4522 huiusmodi
1403 4469 1432 4522 P

175 4555 209 4603 25
230 4550 361 4620 Asenere]
380 4552 528 4604 Assumere
548 4548 575 4601 P
661 4553 695 4602 26
721 4546 893 4617 Appropriat
916 4565 965 4617 par
983 4547 1002 4602 d
1020 4546 1195 4602 scribendum
1216 4547 1254 4601 Μ
1276 4547 1428 4618 appropiat

122 4645 172 4697 per
189 4648 208 4698 p
227 4630 307 4683 scrib.
329 4630 358 4683 P
375 4628 525 4698 appropiat
542 4645 592 4698 per
610 4646 629 4697 p
647 4628 674 4682 L
750 4626 869 4682 accurrit
887 4627 915 4680 P
929 4625 1072 4683 menoarri
1092 4627 1159 4680 ML
1236 4633 1269 4681 27
1288 4625 1426 4699 applicat]

122 4709 258 4778 amplicat
276 4709 314 4762 M
382 4715 415 4763 28
435 4708 545 4763 assidue
564 4737 597 4780 ,-
616 4723 666 4777 per
684 4723 772 4777 gom.
787 4707 814 4761 L
884 4713 916 4763 ³1
937 4706 1083 4765 scribenda
1102 4707 1139 4762 M
1210 4713 1243 4762 32
1262 4707 1426 4781 serpellum-

122 4807 177 4860 que
196 4790 224 4845 P
239 4789 439 4859 serpillumque
458 4789 533 4861 quod
553 4788 590 4843 Μ
606 4786 751 4858 serpillum
769 4785 797 4842 L
