3316 5474
526 353 701 408 EXEMPLA
720 353 983 409 Etocvriouvir
1342 356 1408 419 445

107 542 136 600 in
173 558 231 618 qno
265 541 375 600 nomini
409 540 544 598 tresiani
578 557 684 599 nomen
713 538 842 599 Cornelii
876 539 1034 600 Frontonis
1067 540 1247 620 arlseriptum
1280 551 1339 621 est,
1371 561 1405 601 er

108 646 246 707 bobiensi
270 647 428 725 archetypo
452 655 588 706 accurate
613 665 772 726 expressus
796 656 853 727 est,
876 646 953 707 baud
978 646 1171 726 improbabile
1201 647 1349 708 ridebitur
1376 651 1405 708 in

107 753 163 813 1100
187 753 322 815 similiter
346 763 505 832 utrumque
530 755 691 813 nemenio
715 755 947 834 praescriptione
976 753 1044 814 libri
1071 757 1201 834 positum
1231 757 1331 816 luisse.
1377 765 1407 816 et

107 862 223 923 videtur
247 880 316 921 saue
341 860 399 921 buc
423 862 573 940 pertinere
598 859 701 920 titulus
725 861 775 939 qui
799 861 878 921 inter
897 859 1058 921 Bebienses
1077 861 1195 922 codices
1217 871 1284 942 post
1307 862 1405 922 031110-

107 968 161 1029 1101
185 967 274 1029 Probi
298 967 409 1028 relatus
433 976 479 1028 est
502 969 531 1027 in
556 965 711 1046 llapbaelis
731 965 913 1028 Volaterrani
936 970 1156 1028 commentariis
1180 967 1301 1029 urbanis
1322 970 1339 1030 1.
1354 966 1406 1050 56,

110 1078 231 1136 Corneli
258 1077 419 1135 Frontonis
447 1077 616 1149 elegantiae
644 1076 771 1148 tertioue,
799 1082 830 1134 et
857 1075 887 1134 in
914 1077 1049 1154 principe
1077 1074 1205 1135 editione
1235 1076 1406 1136 Terentiani

106 1182 211 1263 Mauri,
241 1182 373 1242 Cornelii
395 1183 557 1242 Frontonis
580 1184 748 1256 elegantius
771 1228 777 1241 .
802 1199 868 1241 nam
892 1182 1028 1242 drusiani
1053 1184 1163 1242 mentio
1188 1183 1263 1243 iacta
1282 1202 1341 1242 non
1361 1192 1406 1243 est

107 1291 137 1349 in
160 1288 244 1349 libris
267 1286 502 1349 0010101000
526 1336 533 1349 .
556 1290 587 1348 in
612 1286 709 1347 libello
733 1296 832 1348 autem
851 1288 1099 1370 differentiarum,
1123 1307 1211 1369 quem
1230 1288 1405 1349 l‘arrlrasius

107 1397 223 1455 nomine
252 1395 410 1456 Frontonis
440 1396 616 1476 inscriptum
644 1396 674 1455 in
703 1395 830 1455 editione
859 1395 947 1456 Probi
976 1395 1106 1457 Vicetina
1130 1416 1154 1456 a.
1181 1392 1264 1457 1509
1289 1415 1324 1456 ex
1349 1396 1404 1457 alio

106 1502 206 1563 codice
230 1505 300 1563 item
324 1501 462 1563 bobiensi
486 1502 590 1581 edidit,
614 1500 684 1562 illud
709 1520 815 1563 001000
839 1506 958 1564 omnino
982 1504 1068 1564 sidem
1094 1522 1152 1564 non
1176 1503 1272 1564 babet.

194 1609 301 1670 lisdem
329 1612 476 1690 excerptis
507 1628 582 1688 qnae
606 1609 764 1669 Frontonis
793 1610 911 1669 nomine
940 1611 1080 1689 iuscripta
1114 1609 1199 1687 vulgo
1234 1607 1405 1670 terebantur

105 1718 126 1777 11
163 1719 213 1795 qui
247 1718 334 1796 primi
372 1719 402 1776 in
439 1717 610 1794 fragmentis
647 1713 777 1775 Sallustii
814 1724 844 1775 et
882 1715 1034 1777 Ciceronis
1072 1716 1243 1796 colligendis
1280 1733 1401 1794 operam

106 1822 324 1883 collocaverunt
356 1824 401 1883 usi
432 1833 502 1883 sunt
528 1831 558 1883 et
586 1820 718 1902 exempla
751 1824 780 1882 iu
809 1821 866 1882 illis
895 1822 981 1882 citato
1009 1825 1039 1883 in
1069 1841 1136 1883 suas
1169 1824 1402 1901 fragmentorum

105 1930 249 1990 editiones
273 1938 452 2010 receperunt
470 1976 478 1990 .
496 1929 531 1989 ad
556 1928 635 1989 bunc
658 1929 770 1989 lentem
794 1931 872 1989 enim
896 1928 1058 1991 revocanda
1082 1938 1128 1990 est
1152 1931 1291 1990 memoria
1311 1929 1403 1990 Fron·

106 2039 183 2098 tonis
215 2037 251 2096 ab
283 2036 369 2096 ,11110
402 2036 559 2098 113011110
597 2044 627 2096 01
664 2035 747 2096 1300
780 2035 895 2096 llousa
927 2038 957 2096 in
990 2039 1070 2097 notis
1102 2037 1137 2097 ad
1170 2035 1355 2115 Sallustium,
1387 2056 1403 2096 a

105 2143 232 2205 Carolo
270 2142 417 2223 Sigooio
460 2153 489 2204 et
530 2142 669 2204 Andrea
711 2142 870 2204 Patricio
907 2146 936 2204 in
976 2145 1148 2224 fragmentis
1186 2142 1350 2225 Ciceronis,
1387 2163 1403 2203 3

104 2251 228 2312 Fulvio
253 2248 381 2312 Vrsiue
405 2253 435 2311 10
459 2253 536 2311 00110
560 2249 595 2310 ad
619 2249 791 2311 Sallustium
815 2260 844 2312 et
868 2250 1041 2313 Ciceronem
1065 2269 1152 2331 saepe
1176 2249 1312 2331 appellati
1336 2299 1342 2311 .
1367 2270 1402 2311 ex

106 2359 151 2420 bis
175 2359 313 2438 Sigonius
336 2369 367 2420 et
390 2358 513 2420 Vrsinus
537 2378 572 2420 eo
596 2358 697 2420 codice
721 2362 772 2439 qui
796 2378 875 2420 nunc
899 2359 1055 2422 Vaticanus
1073 2355 1161 2420 3402
1185 2337 1402 2439 0010010001,

105 2465 141 2526 de
165 2484 224 2544 qrro
249 2465 387 2543 Sigonius
411 2468 440 2525 10
464 2465 525 2527 Cic.
549 2466 650 2545 lragm.
675 2465 805 2527 Venetiis
832 2463 916 2528 1560
940 2468 957 2526 1.
978 2463 1035 2547 56,
1059 2465 1118 2527 Cic.
1138 2465 1173 2525 de
1194 2464 1285 2544 repl
1309 2462 1401 2546 12,18

104 2575 275 2633 0001101001
298 2579 343 2632 est
370 2576 473 2633 renire
501 2574 637 2633 Laelium
661 2575 806 2649 domoque
839 2577 898 2634 ium
930 2577 1042 2647 exisse,
1075 2571 1179 2633 scribit
1211 2571 1296 2651 baec,
1328 2566 1402 2631 ‘lloc

104 2688 201 2740 autem
227 2679 437 2760 fragmentum,
460 2689 494 2740 ut
517 2678 608 2740 multa
632 2688 698 2760 post
721 2680 789 2761 alia,
818 2699 854 2740 01
878 2679 1006 2741 Cornelii
1035 2679 1193 2740 Frontonis
1220 2680 1402 2758 grammatici

104 2788 216 2847 ueteris
231 2785 306 2846 libro
322 2784 461 2865 quodam,
476 2788 526 2864 qui
537 2785 745 2847 Elocutiouum
761 2786 893 2866 exempla
908 2789 1070 2866 inscriptus
1084 2796 1138 2867 est,
1152 2795 1303 2847 mutuatus
1318 2804 1401 2846 sum.

104 2912 192 2972 quem
212 2891 320 2953 librum
340 2912 374 2952 ex
394 2894 506 2952 intimis
525 2891 655 2952 llainutii
674 2891 821 2976 Farnesii,
840 2892 1001 2954 Cardinalis
1021 2893 1224 2968 illustrissimi,
1245 2894 1401 2975 thesauris,

104 3000 222 3060 domino
246 3002 310 3079 ipso
334 2998 515 3060 eoncedente
540 3007 690 3079 sumptum
714 3001 750 3060 ad
774 3018 820 3060 me
840 3000 1293 3062 11010010000100100110010100
1313 3010 1400 3080 atque

104 3105 293 3167 doctissimus
316 3104 439 3166 Fuluius
463 3105 600 3186 Vrsinus,
623 3107 735 3167 amicus
758 3125 856 3187 meus,
884 3109 964 3167 misit
988 3155 993 3167 .
1018 3106 1065 3167 bie
1089 3117 1202 3188 antem,
1225 3125 1293 3168 com
1317 3127 1400 3187 prae-

104 3214 180 3274 clara
204 3212 308 3294 multa,
332 3231 424 3291 eaque
448 3215 596 3291 incognita
616 3212 767 3273 Ciceronis
790 3212 824 3273 ad
849 3215 961 3292 antiqui
985 3212 1067 3274 latini
1090 3217 1236 3274 sermonis
1261 3215 1401 3275 formulas

103 3320 345 3382 demonstrandas
366 3320 497 3399 exempla
516 3323 678 3400 contineat,
701 3320 773 3380 adeo
794 3320 865 3380 mibi
883 3320 918 3380 ad
934 3320 1006 3381 haec
1022 3321 1223 3381 concinnanda
1239 3320 1401 3400 Fragmenta

104 3429 158 3488 luit
182 3426 367 3507 commodus,
397 3437 442 3507 ut,
470 3426 612 3505 quidquid
640 3429 676 3486 iis
704 3430 868 3488 ornamenti
896 3427 951 3488 bac
980 3446 1056 3488 0003
1081 3427 1208 3487 editione
1233 3431 1401 3508 accesserit,

103 3534 131 3594 id
151 3553 238 3595 omne
262 3534 466 3594 humanissimi
484 3535 627 3613 principis
646 3531 825 3611 liberalitati,
848 3541 878 3594 et
901 3534 936 3594 ad
956 3533 1099 3595 bonarum
1118 3533 1283 3593 litterarum
1303 3533 1399 3594 studia

103 3640 242 3719 torrenda,
266 3648 295 3700 01
315 3650 446 3700 ueterem
466 3657 568 3700 earum
588 3638 702 3699 lacedem
722 3639 921 3699 renouandam
942 3642 1014 3721 0011,
1037 3650 1190 3720 acceptum
1211 3639 1399 3700 referendum

103 3742 170 3808 sit':
194 3748 230 3807 01.
255 3750 339 3806 irus.
358 3766 386 3825 p.
406 3743 468 3806 221
490 3745 520 3805 L.
536 3748 598 3825 ipse
618 3746 742 3807 Vrsinus
761 3756 859 3808 antem
875 3749 985 3809 codicis
999 3750 1046 3809 sui
1061 3751 1240 3809 mentionem
1256 3749 1326 3808 10011
1340 3757 1399 3808 not.

102 3858 131 3915 in
147 3854 205 3915 Cic.
221 3855 358 3933 Autrerp.
377 3850 458 3913 1581
475 3871 502 3931 p.
522 3850 592 3934 111,
610 3861 671 3913 not.
686 3855 715 3913 iu
731 3852 847 3914 Sallust.
862 3857 1001 3934 1011010.
1019 3852 1103 3917 1595
1117 3875 1144 3936 p.
1160 3852 1225 3916 345
1244 3866 1274 3915 01
1288 3874 1316 3934 p.
1327 3851 1399 3915 359.

102 3962 259 4042 1131101100,
274 3963 325 4039 qui
339 3962 453 4039 prinms
468 3978 502 4019 01
517 3958 677 4019 Frontonis
691 3958 766 4020 libro
781 3960 943 4039 fragmenta
955 3960 1084 4023 Sallustii
1100 3964 1221 4042 recepit,
1235 3980 1249 4021 3
1262 3962 1400 4042 Scipione

102 4068 198 4129 Pettio
218 4086 285 4128 eum
305 4066 411 4127 lilrrum
432 4084 463 4124 00
484 4067 633 4145 accepisse
657 4065 766 4126 indicat
789 4068 818 4127 in
844 4066 971 4127 editione
997 4067 1126 4128 Sallustii
1151 4067 1280 4128 Venetiis
1306 4066 1400 4149 1563,

103 4176 203 4254 lragm.
218 4175 285 4234 bist.
300 4174 311 4232 l
327 4170 369 4233 32
384 4171 429 4232 ed.
446 4170 564 4232 ltietsclr
584 4172 667 4231 bibit
683 4173 720 4232 ob
739 4179 853 4233 teritum
872 4175 1040 4235 mercedem
1057 4177 1117 4236 sibl
1134 4178 1325 4249 nbrrur'tnros,
1344 4170 1398 4234 ‘Ex

103 4281 231 4341 Cornelii
255 4280 415 4339 Frontonis
438 4277 474 4336 do
498 4276 648 4355 Exemplis
671 4277 872 4339 elocutionum
895 4280 1007 4361 libello,
1034 4281 1165 4342 noudum
1190 4282 1283 4362 edito,
1311 4300 1398 4360 qrrem

102 4389 160 4467 legi
184 4387 400 4448 commodatum
425 4404 440 4443 a
465 4383 602 4464 Scipione
626 4384 736 4465 PettIo,
760 4387 826 4446 uiro
849 4389 975 4469 optimo,
1002 4397 1032 4449 01
1055 4387 1196 4466 singulari
1221 4387 1344 4466 quadam
1369 4391 1399 4449 iu

102 4494 335 4574 pervestigandis
359 4492 497 4553 Veterum
521 4489 605 4551 libris
629 4490 778 4570 diligentia
802 4489 965 4573 praedito':
989 4495 1025 4555 cl.
1044 4495 1129 4554 brus.
1149 4515 1176 4574 p.
1196 4493 1269 4556 210.
1307 4495 1399 4556 Patri·

102 4604 165 4661 rins
194 4600 320 4660 cundem
354 4599 462 4660 librum
495 4601 736 4660 commemorarit
768 4603 797 4661 in
826 4600 885 4663 Cic.
915 4602 1015 4682 lragm.
1046 4601 1174 4663 Venetiis
1205 4598 1289 4664 1565
1322 4602 1397 4682 apud

101 4709 258 4769 Graevium
287 4707 346 4768 Cic.
376 4716 449 4768 orat.
474 4706 561 4767 1.111
586 4703 606 4767 2
629 4726 657 4787 p.
681 4702 747 4768 942
775 4711 858 4784 quod
883 4728 941 4770 non
971 4713 1143 4772 detrectare
1170 4713 1319 4784 militium,
1346 4713 1401 4771 sed

103 4814 266 4892 defendere
285 4818 476 4893 preelectum
500 4814 637 4876 indicata
661 4821 717 4889 est,
742 4809 961 4895 ‘Fragmentum
982 4835 1087 4878 100000
1110 4815 1228 4877 allatum
1252 4837 1268 4877 a
1293 4837 1338 4878 me
1364 4836 1398 4879 ex
