3316 5474
635 397 683 451 DE
704 397 991 453 ORTHOGRAPHlA
1421 400 1461 461 ’Π

159 496 334 543 pinnaci».

158 598 216 658 que
241 598 358 658 semper
382 582 540 641 immutari.
577 583 648 641 item
672 584 809 661 antiquos
833 585 874 641 ait
897 601 951 662 per
974 600 989 641 ε
1014 590 1044 641 ει
1066 585 1076 641 i
1100 581 1298 663 scribendum,
1322 586 1461 662 quoniam

158 689 305 764 significet
329 698 405 747 ante.
443 687 521 766 quod
547 687 618 747 mibi
643 688 781 766 trigidum
801 698 831 748 et
854 690 987 766 ineptum
1012 687 1138 767 videtur,
1161 700 1191 749 et
1210 690 1302 750 multo
1327 689 1461 768 trigidius

156 792 245 874 illud,
268 794 345 871 quod
371 788 435 854 ‘illi’
455 812 573 873 quoque
594 793 670 872 apud
690 794 771 853 illum
791 797 821 854 in
846 805 970 873 utraque
996 793 1104 872 syllaba
1127 815 1181 874 per
1205 815 1220 855 e
1244 798 1302 857 eti
1326 794 1461 855 scribun-

158 910 217 980 tur,
242 901 319 980 qnod
340 903 477 961 vitiosum
497 910 551 960 est.
583 903 614 960 in
634 902 788 980 superiore
808 903 887 959 enim
907 903 1026 960 nomine
1046 911 1091 961 est
1110 902 1214 962 saltem
1233 902 1329 982 aliqua
1350 903 1460 961 mentio

128 1019 174 1067 be
198 1006 313 1067 litterae
338 1011 369 1067 in
393 1003 607 1089 ἕτυμολογίᾳ,
631 1008 680 1067 bic
703 1007 790 1068 nulla.

248 1113 323 1174 Sane
347 1113 440 1173 basim
464 1123 495 1174 ct
518 1112 624 1193 pelvim
648 1133 702 1193 per
726 1117 734 1174 i
756 1116 760 1188 Ι
781 1114 955 1196 scribamus,
979 1119 1116 1194 quoniam
1141 1126 1171 1176 et
1194 1115 1322 1176 basicula
1347 1125 1377 1176 et
1399 1115 1459 1195 pel-

157 1219 252 1279 vicula
276 1219 426 1299 scribitur,
449 1230 480 1279 et
503 1219 626 1279 ablativo
651 1239 721 1280 casu
745 1223 755 1280 i
778 1222 936 1300 liniuntur,
959 1220 995 1281 ab
1019 1221 1073 1281 bac
1096 1220 1159 1282 basi
1183 1233 1214 1282 et
1236 1221 1272 1282 ab
1296 1221 1350 1281 bac
1375 1220 1460 1300 pelvi.

246 1326 391 1387 Alimenta
414 1345 533 1406 qnoque
552 1345 607 1405 per
626 1329 635 1387 i
654 1327 818 1406 elegantius
837 1327 1012 1409 scribemus,
1035 1347 1123 1407 quam
1147 1328 1294 1389 alumenta
1318 1347 1372 1408 per
1396 1347 1423 1388 ιι.

246 1432 392 1503 Quasdam
422 1452 491 1493 vero
520 1435 697 1513 scriptiones
727 1436 856 1512 antiquis
884 1435 1100 1514 relinquamus,
1128 1445 1161 1495 ut
1188 1437 1219 1495 in
1243 1453 1277 1494 eo
1308 1433 1386 1513 quod
1414 1444 1460 1493 est

117 1556 144 1593 1⁰
159 1559 222 1600 eur.
259 1539 301 1600 illi
324 1542 402 1601 enim
425 1559 479 1620 per
503 1559 579 1619 quor
602 1539 780 1620 scribebant,
805 1552 837 1602 ut
860 1542 1046 1620 supradixi:
1070 1559 1136 1600 nam
1160 1551 1190 1601 et
1213 1543 1310 1621 ipsum
1334 1542 1382 1600 cui
1405 1558 1459 1618 per

155 1649 235 1727 quoi,
259 1666 317 1725 quo
341 1650 481 1726 pinguius
505 1655 633 1727 sonaret,
656 1649 839 1708 scribebant.
877 1667 930 1708 nos
954 1650 1085 1708 contenti
1110 1666 1213 1708 sumus
1236 1667 1290 1727 per
1309 1666 1363 1708 cur
1386 1647 1458 1706 scri-

154 1749 235 1831 bere,
249 1761 283 1812 ut
298 1750 480 1830 plenitudine
496 1770 614 1831 quoque
629 1752 770 1813 sufficiat:
786 1771 852 1813 nam
868 1762 913 1813 est
932 1748 991 1813 ‘cui
1007 1748 1070 1813 rei’.
1097 1754 1235 1814 mium'et
1252 1754 1457 1817 commircium

155 1877 274 1937 quoque
298 1878 352 1938 per
376 1861 385 1919 ἰ
408 1860 537 1937 antiquis
562 1857 776 1938 relinquamus,
804 1859 880 1937 apud
911 1835 985 1939 quos
1014 1878 1107 1939 aeque
1132 1870 1162 1920 et
1184 1860 1343 1921 Mircurius
1371 1879 1425 1939 per
1448 1861 1458 1919 i

154 1964 318 2046 dicebatur,
342 1965 419 2044 quod
445 1964 644 2025 mirandarum
668 1983 769 2025 rerum
793 1975 873 2025 esset
896 1967 1041 2047 inventor,
1065 1964 1208 2037 unverre
1230 1967 1309 2028 dicit.
1347 1969 1458 2027 uostris

112 2087 141 2126 ra
155 2075 213 2132 iam
241 2071 363 2131 auribus
386 2071 483 2150 placet
505 2091 559 2152 per
582 2092 613 2152 e,
640 2082 674 2132 ut
697 2082 727 2132 et
750 2071 915 2132 Mercurius
938 2080 969 2132 et
991 2075 1168 2134 commercia
1196 2074 1341 2136 dicantur.
1387 2076 1457 2134 item

153 2181 220 2239 miis
243 2198 297 2257 per
320 2180 344 2259 i,
367 2197 426 2238 non
450 2180 524 2238 meis
547 2197 601 2257 per
624 2198 655 2258 e,
682 2187 715 2239 ut
737 2178 897 2238 Terentius

285 2295 320 2344 at
338 2287 430 2344 enim
449 2287 541 2345 istoc
560 2283 649 2344 nibil
669 2292 723 2344 est
742 2286 867 2364 magis,
883 2284 983 2366 Syre,
1000 2288 1080 2347 miis
1099 2291 1238 2368 nuptiis
1259 2288 1458 2348 adversum.

241 2392 376 2452 Coniunx
401 2402 430 2450 et
453 2395 558 2452 seiumr
586 2393 649 2451 sine
674 2410 693 2451 n
718 2389 804 2468 [non]
831 2401 916 2470 putat
938 2392 1027 2453 Nisus
1056 2413 1122 2455 esse
1151 2394 1355 2473 scribendum,
1384 2412 1456 2472 quo-

152 2500 231 2558 niam
255 2500 390 2577 genetivo
414 2517 484 2559 casu
510 2499 617 2559 iaciant
639 2501 774 2576 coniugis
797 2508 828 2558 et
851 2500 970 2578 scingis
1012 2501 1084 2562 mibi
1107 2501 1223 2562 videtur
1246 2520 1305 2562 nou
1330 2498 1455 2559 evellen-

240 2679 332 2733 eodm
351 2678 501 2731 Parrhasii
538 2677 706 2747 lquoniam
725 2677 866 2748 significat
883 2678 993 2748 antiqui
1012 2680 1087 2747 quod
1177 2687 1263 2751 3pcr
1280 2697 1295 2734 e
1315 2682 1344 2734 et
1361 2679 1371 2732 i
1390 2679 1455 2733 scri-

150 2777 251 2834 bantur
265 2777 340 2845 quod
358 2777 395 2831 sit
412 2775 504 2830 uisum
523 2775 552 2829 in
566 2774 707 2844 superiore
764 2781 780 2828 5
799 2793 814 2829 e
833 2776 946 2831 litterae
961 2763 1110 2846 ariptoprn
1124 2777 1171 2832 bic
1186 2779 1264 2833 nulla
1318 2784 1334 2832 6
1352 2777 1455 2849 basim]

145 2851 273 2914 iamim
346 2856 482 2927 basicnla]
503 2857 625 2912 uasicula
698 2853 873 2925 ascribitur]
894 2855 1032 2909 scribatur
1103 2857 1179 2911 casui
1198 2857 1330 2912 finiantur
1348 2858 1455 2912 abbae

150 2937 210 2991 nasi
301 2944 332 2991 11
353 2941 465 2991 sonaret
483 2936 608 2991 contenti
627 2952 721 2989 sumus
740 2951 790 3003 per
808 2952 860 3001 qur
878 2936 998 2991 scribere
1016 2938 1049 2990 nt
1066 2937 1241 3006 plenitudine
1260 2955 1315 3008 qno
1335 2939 1457 2993 sufficiat

149 3035 214 3070 nam
238 3035 310 3085 quac
332 3017 450 3071 nimium
469 3018 499 3072 ει
521 3016 717 3072 commercium
804 3021 836 3068 13
855 3014 998 3069 mercirius
1023 3032 1073 3084 per
1091 3016 1101 3068 i
1120 3015 1286 3071 dicebantur
1373 3026 1406 3072 14
1424 3022 1458 3072 ιιι

151 3097 249 3168 Varro]
270 3099 299 3152 et
315 3114 398 3152 narro
472 3102 504 3151 15
523 3097 636 3151 auribus
656 3095 705 3150 sed
723 3113 774 3164 per
790 3111 807 3149 e
826 3096 856 3147 et
874 3097 906 3148 ut
923 3095 1075 3148 mercurius
1149 3103 1180 3150 17
1200 3096 1291 3165 magis
1309 3114 1360 3151 om.
1376 3098 1405 3164 0,
1423 3099 1456 3151 in

148 3193 234 3245 marg.
254 3178 351 3231 addc

240 3346 253 3391 t
273 3339 389 3405 fortasse
406 3338 539 3407 quoniam
558 3337 697 3407 significet
716 3353 762 3390 eos
782 3332 915 3402 quiante
932 3334 1045 3389 fuemnt
1121 3341 1137 3390 3
1156 3335 1216 3389 illei
1235 3353 1346 3405 quoque
1363 3335 1392 3390 R

149 3435 199 3486 per
218 3434 233 3472 e
253 3420 282 3472 et
299 3418 310 3472 i
329 3417 499 3486 scribantur,
519 3417 593 3487 quod
612 3417 650 3470 sit
667 3414 771 3469 visum:
791 3415 820 3468 in
839 3414 980 3483 superiore
1000 3415 1074 3468 enim
1093 3414 1204 3470 nomine
1224 3419 1267 3471 εει
1285 3417 1384 3472 εειιειιι
1403 3417 1454 3472 ali·

149 3515 205 3565 qna
222 3498 327 3553 mentio
346 3515 361 3551 ε
380 3498 504 3563 litterae,
523 3497 696 3567 etymologia
713 3495 792 3550 nulla
810 3511 883 3549 saue.
908 3493 998 3548 basim
1017 3492 1045 3545 R
1116 3500 1133 3546 4
1152 3495 1227 3562 quod
1246 3495 1376 3550 vitiosum
1396 3497 1452 3567 est]

149 3596 187 3631 an
201 3581 297 3647 potius
315 3577 390 3647 quod
409 3577 477 3631 lacit
495 3576 600 3631 risum?
689 3581 705 3629 6
731 3574 820 3628 basim
838 3579 862 3628 et
880 3575 977 3629 dnnde
999 3573 1125 3628 basicula
1142 3579 1167 3627 et
1189 3574 1251 3628 basi
1269 3592 1303 3629 ex
1327 3577 1454 3644 principe

149 3659 266 3713 editione
289 3659 390 3726 recepi,
413 3674 578 3725 quoinqunm
600 3656 676 3710 band
697 3658 752 3710 scio
771 3673 809 3709 un
830 3657 923 3723 potins
946 3654 1045 3708 tussim
1072 3654 1208 3708 tussicula
1224 3655 1298 3709 tussi
1314 3657 1454 3725 scripserit

149 3738 261 3807 Loapus
333 3737 473 3805 peluicnla
496 3737 647 3802 scribatur,
671 3738 699 3790 ει
718 3735 843 3790 ablatiuo
863 3752 929 3789 casu
947 3732 1080 3786 liniantur
1096 3731 1125 3786 R
1217 3741 1249 3788 10
1273 3752 1356 3805 supra
1382 3735 1452 3806 dixi]

144 3833 175 3884 p.
195 3822 272 3882 71,2
358 3822 388 3868 11
409 3831 464 3884 quo
483 3815 614 3885 pinguius
633 3820 758 3882 sonaret,
778 3813 902 3869 contenti
921 3829 1015 3865 sumus
1033 3828 1084 3880 per
1101 3811 1146 3865 cui
1165 3812 1297 3881 scribere,
1317 3817 1348 3869 ut
1365 3815 1454 3885 pleni·

148 3896 244 3950 tudine
263 3894 330 3965 quoi
349 3896 476 3952 sufficiat.
514 3897 641 3964 Namque
664 3893 781 3947 nimium
805 3897 834 3948 et
856 3894 1053 3948 commercium
1071 3893 1099 3946 R
1208 3900 1240 3948 12
1265 3911 1329 3948 nam
1349 3900 1391 3949 est
1409 3896 1455 3950 cui

148 3975 187 4030 rei
210 3978 310 4044 scripsi
334 3977 392 4030 coil.
412 3994 442 4044 p.
459 3982 502 4041 71,
522 3980 539 4029 3
557 3978 601 4029 est
619 3975 694 4028 enim
714 3973 770 4027 ‘cui
790 3973 852 4040 rei’,
872 3974 947 4042 qnod
970 3975 1109 4045 significat
1128 3975 1176 4029 ‘ob
1195 3990 1281 4043 quam
1299 3975 1379 4028 rem’.

147 4055 236 4108 mium
254 4058 374 4110 restitnit
394 4056 586 4122 Comnreiinus,
605 4051 796 4108 commircium
815 4057 840 4105 et
858 4053 954 4106 deinde
972 4053 1119 4107 Mircurius
1138 4054 1243 4108 Iunias
1331 4060 1362 4108 13
1382 4055 1453 4109 Mer·

148 4133 233 4188 cirins
255 4152 305 4205 per
323 4136 333 4188 i
357 4135 514 4203 dicebatur,
540 4134 615 4203 quod
638 4132 828 4187 mirandarum
847 4136 921 4187 esset
939 4152 1031 4189 rerum
1057 4135 1193 4190 inuentor.
1226 4136 1256 4188 et
1272 4133 1363 4188 Varro
1384 4134 1454 4189 dicit

148 4216 250 4268 nostris
275 4216 332 4270 iam
355 4214 470 4269 auribus
493 4215 600 4269 scilicet
622 4230 672 4283 per
695 4229 723 4281 e,
746 4215 776 4266 et
798 4214 830 4264 ut
848 4212 1000 4269 Mercurius
1019 4214 1047 4267 lt
1155 4220 1188 4267 14
1214 4215 1247 4267 ιιι
1265 4213 1353 4267 Varro
1371 4213 1453 4267 dicit:

146 4297 250 4350 nostris
268 4296 326 4350 iam
345 4294 458 4351 auribus
478 4312 557 4349 secus
579 4295 687 4363 placet,
710 4293 818 4348 scilicet
841 4310 891 4362 per
909 4311 938 4363 e,
962 4298 993 4349 ut
1015 4297 1045 4350 et
1063 4293 1216 4348 Mercurius
1235 4294 1265 4346 et
1287 4294 1454 4347 commercia

147 4374 275 4430 dicantur
292 4375 458 4430 Bitscbeiius
476 4380 576 4444 quaed.
597 4375 678 4429 Varr.
695 4393 724 4444 p.
743 4381 782 4430 29
856 4382 889 4430 16
909 4372 1068 4444 Terentius]
1087 4375 1176 4427 heaut
1195 4373 1251 4426 tim.
1273 4371 1356 4424 ΠΙΙ
1373 4375 1400 4436 3,
1413 4377 1450 4427 21

148 4463 181 4511 18
201 4456 328 4511 Coniunx
342 4487 376 4496 -
392 4461 434 4523 78,
449 4463 464 4510 3
480 4455 590 4525 plenior
608 4455 703 4511 veniat
724 4455 815 4510 Velius
829 4456 942 4524 Magus
956 4455 1033 4523 opud
1048 4453 1169 4508 Cassiod.
1183 4470 1211 4520 p.
1226 4457 1306 4506 2287
1360 4453 1419 4508 sins
1433 4472 1453 4509 u

147 4540 228 4606 putat
241 4537 269 4590 R
288 4539 319 4590 in
336 4538 504 4604 corrigendae
522 4541 546 4589 ei
564 4537 647 4590 editio
663 4535 822 4591 Gomntelini
894 4540 926 4587 19
943 4531 1071 4587 laciatR
1143 4531 1213 4585 mihi
1231 4535 1326 4588 autem
1340 4532 1452 4589 videtur

146 4634 203 4670 non
221 4617 396 4672 evellendam
415 4616 515 4672 exinde
534 4617 606 4671 banc
624 4617 760 4685 litteram,
784 4632 840 4686 qna
865 4631 949 4670 sonus
968 4614 1167 4669 enuntiationis
1186 4612 1359 4683 exprimitur.
1387 4630 1452 4668 narn

148 4695 276 4762 quamvis
294 4697 401 4750 εεεειιιι
418 4713 473 4750 non
492 4714 552 4751 esse
571 4697 741 4752 onerandam
760 4693 940 4765 supervacuis
964 4693 1067 4749 litteris
1091 4693 1256 4761 dictionem,
1280 4710 1333 4765 ego
1356 4698 1452 4749 tamen

148 4790 203 4828 non
221 4775 407 4829 fraudandum
424 4793 521 4830 sonum
540 4775 669 4831 existimo
689 4775 745 4831 suis
767 4775 885 4842 litteris,
908 4773 1010 4841 quibus
1032 4773 1143 4844 integer
1166 4776 1195 4830 ει
1216 4774 1317 4844 ριειιιιε
1335 4775 1451 4829 auribus

147 4852 292 4909 intimatur
310 4861 437 4925 excerpta
456 4856 627 4911 Cassiodorii
