3316 5474
241 374 305 438 110
837 373 946 428 0an

233 486 254 522 p.
269 475 328 514 sare.
342 476 368 515 aa
383 475 407 513 Ρ.

234 559 310 619 ireni
340 558 369 618 hi
398 567 428 619 et
454 557 527 618 baec
556 559 639 617 irena
668 565 697 618 et
724 556 781 617 boo
810 558 942 618 frenum:
971 576 1038 617 nam
1062 557 1109 617 bie
1130 557 1240 633 srerms
1264 577 1321 618 non
1347 570 1400 621 est.
1439 561 1540 639 fruges

233 663 297 725 bae.
335 665 417 724 irons
441 673 471 724 et
494 665 607 723 irontes
631 663 798 744 hominurn,
822 664 904 724 irons
929 672 958 724 et
982 664 1103 724 irondes
1127 663 1275 726 arborum.

322 769 396 831 Gelu
427 773 491 831 sine
520 789 543 831 s,
580 769 685 850 gibber
714 773 830 852 vitium,
857 770 945 831 homo
975 770 1160 850 gibberosus.
1198 772 1343 850 glutinum
1374 793 1432 833 non
1461 773 1540 853 glus:

234 877 373 958 Virgilius
396 877 498 956 gluten
523 877 603 938 dixit.
642 877 755 955 gluttus
779 885 808 937 et
831 877 953 956 gluttire
973 886 1004 938 et
1021 878 1166 958 ingluvies
1185 879 1260 957 gula.
1281 880 1286 954 1
1307 882 1540 961 gratuitorum,

234 988 325 1065 gratis
349 984 542 1045 consuetudo.
1566 1004 1580 1044 5

323 1092 439 1173 Hapsus
462 1091 544 1152 lanae
568 1090 675 1151 vellera
682 1138 691 1172 ‚
716 1109 775 1151 non
798 1110 896 1171 apsus.
1404 1075 1407 1080 ¹

324 1199 405 1260 iutro
433 1201 462 1258 in
493 1198 603 1273 locum,
632 1201 713 1259 intus
744 1200 775 1258 in
803 1197 876 1259 loeo.
918 1198 1058 1260 incudem
1085 1199 1161 1259 haue
1185 1208 1275 1261 recte.
1314 1202 1456 1280 insipiens
1480 1219 1539 1261 non

234 1309 391 1386 insapiens.
424 1307 513 1366 itiner
528 1306 652 1386 ratione,
670 1306 728 1365 iter
742 1304 967 1366 consuetudine.
999 1307 1137 1366 iuventus
1157 1306 1324 1386 multitudo,
1343 1306 1462 1367 iuventa
1477 1307 1540 1386 dea,

235 1416 369 1474 iuventas
393 1420 481 1473 aetas.
998 1488 1007 1503 ι

323 1520 484 1598 blarginem
517 1517 610 1598 bunc,
640 1536 700 1578 non
730 1517 814 1577 banc.
857 1518 984 1579 mauulei
1014 1519 1053 1581 bi.
1096 1520 1287 1579 maeandrum
1317 1529 1398 1580 reete
1428 1520 1581 1581 dieuntro

235 1628 326 1688 males
355 1625 465 1687 bestiae
490 1624 649 1705 quaedam,
677 1642 736 1684 non
760 1624 899 1684 melones.
938 1628 1074 1707 materia,
1097 1644 1156 1687 non
1180 1629 1332 1708 materies,
1356 1629 1425 1706 quia
1449 1636 1539 1687 mate-

234 1737 350 1795 riarius.
388 1733 510 1793 malleus
541 1731 602 1812 bio,
630 1749 689 1791 nou
717 1730 773 1790 boo
803 1731 948 1792 malleum.
986 1720 1090 1793 menda
1120 1744 1150 1794 et
1173 1734 1313 1794 mendum
1336 1742 1427 1794 recte.
1465 1752 1539 1793 mar·

234 1843 327 1919 garita
346 1840 418 1906 baec
437 1842 638 1914 singulariter
659 1842 784 1914 generis
808 1839 941 1899 seminini
960 1849 990 1900 et
1014 1839 1086 1900 baec
1106 1840 1259 1921 pluraliter
1279 1843 1385 1901 neutri.
1423 1859 1540 1901 mereor

235 1949 270 2009 de
301 1956 344 2020 te,
379 1964 480 2006 mereo
513 1964 589 2005 aera.
639 1948 780 2025 mergites
811 1963 992 2027 messorum,
1024 1949 1117 2026 mergi
1148 1966 1224 2008 aves.
1269 1947 1419 2009 mordicus
1450 1957 1540 2009 reete.

235 2052 379 2115 motacilla
402 2060 493 2112 recte.
1556 2070 1581 2110 15

322 2159 445 2237 Ninguit
468 2159 511 2218 sio
535 2160 621 2233 eiier,
645 2177 703 2219 non
727 2161 831 2239 ningit
870 2158 1093 2220 nomenculator
1116 2169 1207 2222 recte.

324 2264 430 2325 Ostrea
454 2272 483 2324 et
507 2273 635 2345 ostreas,
659 2267 727 2344 quia
753 2264 866 2325 nullum
890 2266 996 2325 animai
1021 2267 1147 2346 speciale
1172 2277 1311 2329 nentrum
1335 2279 1389 2330 est

325 2371 444 2432 Palmus
467 2371 497 2429 in
522 2389 678 2451 mensura,
701 2371 796 2451 palma
820 2373 850 2431 in
875 2389 971 2433 manu.
1010 2382 1112 2452 partus
1131 2373 1285 2455 partubus,
1308 2384 1338 2435 at
1356 2383 1455 2454 partes
1475 2393 1539 2454 par-

238 2481 325 2542 tibus.
363 2478 513 2558 palpetrae
532 2496 586 2556 per
605 2487 617 2539 t
639 2496 741 2560 genae,
763 2461 920 2558 palpebrae
939 2497 994 2558 per
1012 2478 1031 2538 b
1050 2480 1109 2559 pili.
1146 2500 1221 2560 pexo
1241 2481 1361 2561 capillos
1382 2490 1412 2541 et
1430 2499 1540 2560 repexo

235 2602 447 2611 ———

325 2660 338 2706 1
358 2652 467 2706 benum
482 2649 526 2702 Na
540 2647 587 2703 hia
601 2654 649 2703 ise
668 2647 762 2718 fruges
780 2648 834 2702 hae
853 2647 942 2717 frons,
960 2649 1006 2703 sed
1023 2651 1111 2705 nabis
1129 2669 1193 2707 nam
1212 2652 1258 2708 hic
1272 2671 1328 2708 non
1347 2654 1389 2708 est
1406 2653 1540 2707 sabdudu

234 2733 334 2788 lineola
356 2731 459 2787 notatis
482 2729 529 2796 M,
552 2729 661 2785 tranum
679 2748 745 2784 nam
768 2730 821 2784 hae
843 2728 938 2798 fruges
957 2745 1014 2783 non
1036 2730 1067 2783 hi
1090 2730 1184 2801 fruges
1203 2731 1274 2787 haee
1293 2733 1368 2788 irons
1386 2733 1413 2785 Β
1432 2732 1539 2786 frenum

233 2839 307 2893 Nam
321 2840 357 2894 he
367 2857 422 2894 non
436 2838 466 2892 hi
480 2835 574 2904 fruges
589 2814 733 2891 hae⁰frons
753 2833 776 2887 0
852 2841 868 2888 2
887 2835 962 2889 trous
977 2839 1006 2890 et
1018 2836 1123 2893 frontes
1136 2838 1295 2906 hominnm,
1312 2839 1371 2894 irus
1386 2841 1415 2894 et
1429 2839 1540 2893 frondes

131 2947 140 2956 ·
232 2919 363 2974 arborum
376 2923 502 2988 excerpta
516 2917 759 2985 Montepessuiorro
799 2914 911 2970 aonias
925 2916 1069 2990 arborum]
1085 2919 1197 2974 frondes
1211 2921 1356 2975 hominum
1366 2921 1496 2976 arborum
1508 2921 1545 2973 Μ

287 3005 304 3053 4
323 2999 470 3071 Virgilius]
489 3016 578 3070 georp.
589 3000 674 3053 IIII
685 3003 722 3052 40
741 2996 945 3063 collectumque
964 2997 1033 3051 haee
1052 2997 1114 3066 ipsa
1127 2998 1163 3052 ad
1182 3015 1297 3054 munera
1315 2999 1420 3069 gluten,
1440 3001 1475 3054 ib.
1487 3006 1542 3055 160

233 3080 342 3134 lentum
361 3079 395 3134 de
415 3079 518 3134 oortiee
537 3080 643 3149 gluten.
671 3085 785 3148 utroque
803 3077 922 3144 eaonplo
941 3091 1007 3129 usus
1021 3081 1059 3130 est
1074 3075 1219 3134 Charisius
1228 3098 1259 3149 p.
1274 3085 1319 3145 87,
1334 3084 1375 3135 22
1390 3084 1414 3133 et
1428 3085 1491 3144 131,
1505 3085 1540 3132 19

287 3160 395 3229 glutina
413 3159 547 3229 inglutire
566 3160 603 3212 Μ
618 3161 726 3229 gluttus
745 3157 891 3227 ingluttire
911 3155 935 3208 Ο
956 3155 1064 3225 gluttus
1083 3172 1100 3209 a
1119 3158 1234 3228 gluttire
1253 3161 1300 3214 Ba
1388 3157 1539 3229 ingluvies]

233 3239 373 3310 ingluuias
393 3238 430 3292 M
507 3240 631 3309 gratuito
650 3239 687 3292 M
690 3239 714 3293 G
730 3238 854 3308 grutuita
871 3237 921 3291 Be
1002 3242 1018 3290 6
1036 3236 1119 3292 absus
1139 3238 1201 3293 lane
1221 3240 1327 3295 uellera
1344 3255 1400 3293 nou
1419 3240 1500 3294 absus
1520 3239 1543 3291 C

233 3321 325 3375 Absns
343 3320 425 3374 lanas
443 3319 533 3374 uellus
551 3320 579 3372 B
598 3320 716 3389 hapsum
734 3318 842 3372 uellera
859 3316 941 3370 unas
960 3332 1016 3370 non
1033 3316 1137 3386 hapsus
1152 3335 1187 3388 p,
1207 3336 1256 3374 om.
1277 3318 1315 3371 Μ
1393 3325 1407 3373 7
1427 3336 1482 3374 non
1501 3321 1539 3374 in·

233 3399 345 3471 sapiens
363 3398 420 3453 ΒΟ
441 3416 498 3453 non
524 3399 635 3469 sapiens
659 3398 696 3452 Μ
784 3406 816 3453 '8
840 3397 923 3451 itiner
945 3396 974 3450 in
998 3396 1105 3451 ratione
1127 3397 1182 3453 iter
1203 3398 1233 3452 in
1253 3397 1453 3453 consuetudine
1471 3398 1499 3451 B
1517 3405 1541 3452 rt

234 3481 419 3549 superscripto
435 3481 584 3547 posteriore
598 3480 655 3532 loco
673 3477 742 3531 inC
819 3475 1008 3531 multitudinis
1026 3476 1054 3529 Β
1136 3477 1189 3531 dea
1202 3480 1234 3532 at
1251 3477 1379 3532 iuuentus
1393 3481 1472 3532 aetas
1486 3478 1543 3531 BG

290 3619 321 3667 10
340 3611 452 3667 manuls
471 3611 500 3664 hi
520 3611 626 3666 andrei
643 3611 718 3665 recte
737 3609 835 3663 dieunt
854 3608 892 3661 M
906 3608 1028 3663 mannlei
1048 3609 1077 3662 hi
1096 3611 1169 3665 male
1184 3556 1374 3664 ffiireere
1393 3608 1495 3663 dieitur
1511 3609 1540 3677 0,

233 3709 283 3750 om.
303 3694 345 3747 Β.
375 3693 555 3747 maeandrum
578 3692 666 3761 recepi
689 3707 722 3744 ea
746 3688 840 3741 Nonio
859 3706 889 3757 p.
913 3692 968 3742 140
992 3689 1143 3744 maeander
1166 3692 1209 3744 est
1230 3689 1357 3760 picturae
1379 3707 1480 3760 genus:
1505 3693 1540 3756 ef.

239 3772 317 3843 Verg.
341 3774 410 3826 Aen.
441 3771 467 3824 V
483 3777 541 3828 250
563 3789 648 3841 qnam
679 3770 801 3840 plurima
825 3768 928 3822 circum
952 3767 1079 3838 Purpura
1100 3770 1251 3825 maeandro
1273 3768 1379 3840 duplici
1402 3769 1541 3825 Meliboea

234 3853 355 3907 cucurrit
445 3859 477 3906 11
502 3852 591 3908 Malea
613 3849 721 3905 bestiae
740 3848 806 3902 ΜΒ
828 3849 902 3902 male
925 3847 949 3901 si
971 3848 1078 3904 bisteaa
1098 3849 1120 3902 0
1142 3849 1228 3905 meles
1250 3849 1357 3904 bestiae
1377 3867 1407 3919 p.
1437 3852 1548 3906 maeles'

233 3934 373 4002 arripuisse
392 3933 497 3987 uidetur
515 3932 710 4002 grammaticos
773 3929 908 4001 melones]
928 3927 1106 3984 meelonesO
1166 3928 1233 3997 quia
1251 3929 1432 3985 materiarum
1447 3930 1484 3982 M
1488 3930 1543 3983 BC

237 4019 267 4066 12
287 4012 417 4083 malleus]
436 4011 553 4067 mallens
572 4028 640 4066 corr.
659 4011 777 4065 malleus
798 4009 820 4063 0
928 4015 960 4063 13
980 4006 1158 4077 singulariter
1176 4009 1286 4078 generis
1305 4026 1355 4064 om.
1375 4010 1413 4062 Μ
1415 4009 1473 4063 ΒΟ
1494 4049 1497 4054 -

235 4100 268 4147 14
287 4109 380 4147 mereo
398 4109 464 4147 aera
485 4093 508 4147 O
523 4110 600 4148 mero
619 4098 685 4147 aeria
699 4090 746 4154 M,
765 4106 814 4143 om.
834 4089 861 4141 B
933 4085 1067 4156 mergites
1081 4102 1234 4141 mersorum
1249 4087 1287 4141 Μ
1297 4094 1455 4160 mergentes
1470 4110 1539 4146 mer-

234 4190 325 4229 sorum
347 4172 376 4241 0,
396 4190 445 4228 om.
465 4176 492 4228 Β
565 4171 704 4228 mordicus
723 4172 797 4225 reete
816 4170 961 4224 motaciiia
979 4170 1055 4225 reete
1073 4183 1123 4220 om.
1142 4166 1170 4219 B
1244 4173 1276 4222 15
1295 4169 1455 4225 mortariila
1472 4187 1540 4227 corr.

234 4253 422 4309 motacillaC
503 4261 535 4310 16
560 4253 651 4322 ningit
675 4251 714 4305 aio
738 4248 857 4304 efferunt
880 4267 936 4304 non
954 4248 1066 4320 ninguit
1087 4249 1115 4302 Β
1122 4246 1146 4301 C
1162 4247 1268 4317 ninguo
1288 4249 1453 4304 Priscianus
1471 4252 1489 4307 l.
1512 4253 1543 4304 X

229 4352 259 4404 p.
280 4339 380 4401 504,7
456 4333 678 4403 nomenculator]
702 4346 758 4384 non
781 4328 933 4397 inculator,
956 4331 1002 4384 sed
1024 4331 1139 4384 deluam
1162 4347 1180 4382 a
1203 4334 1350 4384 correctore
1369 4330 1403 4397 Ο,
1425 4349 1481 4386 non
1500 4333 1540 4387 in-

234 4415 328 4469 culeor
341 4415 369 4468 B
443 4421 475 4470 17
491 4413 595 4485 ostrea]
613 4412 719 4468 Charra.
731 4427 760 4478 p.
777 4414 821 4474 57,
836 4413 874 4464 24
888 4413 917 4463 et
931 4410 1048 4465 dicenda
1062 4410 1131 4463 haec
1146 4410 1240 4463 ostrea
1257 4408 1391 4465 feminine
1405 4411 1541 4480 singulari

233 4512 358 4563 numero,
368 4495 435 4563 qnia
444 4495 486 4550 itu
496 4497 532 4551 ab
542 4494 659 4550 eruditis
669 4508 724 4548 non
735 4507 806 4545 rane
816 4491 981 4546 adnotatum
992 4494 1043 4560 est,
1054 4489 1157 4544 nullius
1168 4488 1297 4543 animalis
1308 4491 1429 4559 speciale
1439 4509 1540 4546 nomen

233 4573 352 4628 inveniri
370 4575 444 4642 qnod
464 4575 589 4630 neutrale
609 4573 657 4628 sit:
677 4572 712 4638 ef.
729 4570 838 4624 Cledoo.
853 4588 885 4639 p.
900 4576 944 4637 41,
958 4577 998 4627 27
1015 4569 1082 4639 quia
1100 4568 1169 4623 dicit
1182 4566 1274 4623 Varro
1287 4569 1394 4625 nullam
1408 4588 1467 4626 rem
1481 4571 1540 4625 ani-

233 4653 337 4706 malem
356 4654 455 4707 neutro
475 4670 575 4723 genere
594 4651 729 4706 declinari
792 4654 836 4707 est
854 4668 903 4706 om.
922 4652 950 4704 B
1014 4647 1193 4719 seramus]
1213 4647 1343 4703 Palmum
1358 4650 1455 4704 MBG
1511 4656 1541 4706 at

233 4732 339 4802 partes]
359 4734 390 4786 nt
407 4734 502 4801 partas
516 4733 544 4786 Β
609 4738 641 4786 19
661 4732 816 4800 Palpebrae
830 4733 860 4786 et
877 4747 966 4802 genas
984 4729 1136 4801 palpebrae
1153 4727 1255 4797 pnpilli
1272 4729 1302 4783 M
1319 4730 1451 4800 Palpetre
1470 4749 1540 4802 gene

234 4838 369 4910 palpebre
387 4837 440 4908 pm
457 4838 485 4891 a
504 4804 639 4909 padusae
659 4853 747 4908 ganas
765 4838 939 4907 paphensis
958 4837 1010 4908 pur
1024 4836 1053 4894 o.
1076 4835 1183 4890 torrear
1195 4849 1229 4889 ea
1244 4834 1372 4894 mairo
1387 4854 1416 4907 p.
1427 4843 1490 4906 105,
1505 4844 1540 4895 14
