3316 5474
170 365 236 433 396
731 366 904 423 DOSI'I‘HEI

168 476 191 513 p.
205 467 232 506 ιο
246 466 275 505 11.

168 550 290 633 hdeliis,
314 553 394 612 ensis
416 552 547 612 ensiculo
571 560 600 612 et
623 552 788 633 ensiculus,
811 561 845 614 nt
862 552 985 613 Plautus
1009 551 1052 628 [io
1072 552 1186 631 singula
1206 550 1249 629 et]
1273 554 1303 612 in
1325 551 1477 615 Rudente.

169 667 338 739 monoptota
362 677 432 719 vero
457 661 573 720 nomina
597 667 627 719 et
656 659 729 719 llaec
753 677 828 738 quae
852 669 956 720 natura
985 657 1143 738 singularia
1168 668 1251 741 sont,
1278 658 1307 719 id
1338 670 1388 720 est
1418 659 1476 721 ele·

169 775 280 849 menta,
304 769 375 828 item
395 767 549 828 dominum
572 776 603 827 et
626 771 770 828 montium
794 770 912 828 nomina
935 769 1068 848 propria,
1097 768 1166 826 item
1195 766 1259 827 dies
1288 767 1373 849 sesti,
1403 769 1477 828 item

51 894 61 912 ·
168 872 334 934 litterarum
353 874 507 957 elementa,
526 877 596 935 item
617 877 742 956 numeri,
760 875 996 954 diminutionem,
1019 873 1097 953 quod
1117 872 1222 933 Graeci
1240 864 1477 954 ὑποκορισμόυ

167 981 323 1061 appeliant,
347 1000 405 1044 ooo
430 984 585 1063 recipiunt.
630 992 701 1044 sunt
728 986 818 1044 etiam
841 1001 921 1058 quae
945 984 1059 1043 Graeci
1085 971 1248 1061 ῥηματικά
1271 984 1393 1058 dicunt,
1419 1000 1475 1043 nos
1500 997 1513 1037 ι

167 1106 225 1147 ιιοιι
259 1088 387 1149 absurde
419 1089 547 1150 verbalia
569 1089 744 1169 dixerimus,
768 1097 802 1149 ut
824 1098 870 1149 est
892 1107 908 1150 a
931 1087 1022 1149 verbo
1045 1088 1110 1167 lego
1134 1086 1234 1168 lectio,
1262 1096 1292 1148 ot
1314 1098 1422 1167 raptor
1444 1098 1476 1150 et

167 1212 327 1274 percussor
349 1214 385 1255 ex
408 1214 444 1256 eo
467 1195 546 1275 quod
569 1204 614 1257 est
636 1198 718 1277 rapio
741 1204 772 1257 et
794 1197 938 1276 percutio.

256 1302 404 1373 Quaedam
437 1303 583 1382 generalia
616 1306 699 1386 subt,
735 1301 845 1382 quibus
881 1301 972 1362 multa
1005 1304 1197 1363 continentur
1233 1301 1403 1382 dissimilia,
1441 1312 1475 1362 ut

167 1408 273 1469 animal
297 1408 393 1470 arbor.
439 1429 474 1470 ex
498 1409 544 1470 his
569 1418 732 1471 nascuntur
755 1409 906 1490 specialia,
935 1428 1011 1488 qnae
1039 1409 1211 1470 dividuntur
1239 1417 1269 1468 et
1291 1410 1473 1471 minuuntur

166 1515 331 1595 originibus
354 1519 417 1578 suis
439 1516 640 1598 generalibus,
669 1524 702 1576 ut
724 1516 812 1576 bomo
835 1533 931 1595 equos
954 1526 1058 1577 taurus
1082 1517 1184 1577 laurus
1209 1517 1298 1595 pinus
1325 1515 1471 1581 fraxinus.
1487 1531 1513 1570 ιο

167 1624 311 1702 quaedam
335 1623 411 1685 iacta
435 1642 451 1683 a
475 1626 556 1685 souis
579 1624 624 1685 vel
648 1642 664 1684 a
687 1623 821 1705 vocibus,
850 1633 891 1691 ut
906 1623 1016 1684 stridor
1039 1623 1160 1703 clangor
1182 1625 1307 1684 tinnitos
1335 1621 1473 1684 hinnitus

166 1729 296 1792 uhdatus
320 1732 456 1792 fremitus
480 1733 619 1810 mugitus.
657 1729 800 1809 quaedam
819 1729 1004 1789 descendunt
1022 1729 1059 1788 ab
1078 1729 1237 1811 adverbiis,
1262 1739 1294 1790 ot
1308 1729 1472 1792 hesternus

255 1938 345 1994 (iodea
363 1938 559 2008 Sangallensin.
607 1939 673 1991 lut
690 1942 754 1991 onte
776 1936 892 1990 Plautus
910 1953 961 1992 om.
1043 1938 1071 1992 in
1094 1938 1238 1992 rudentem
1319 1937 1472 1993 tuemini

166 2034 246 2152 (χιιι,8ίό
263 2025 305 2152 ωσι
325 2018 539 2073 sunt-dieunt
555 2034 606 2072 om.
679 2021 747 2071 6nt
764 2034 782 2071 a
800 2018 886 2072 uerba
904 2017 1042 2088 (corn-bo)
1062 2023 1105 2072 est
1123 2018 1188 2089 lego
1259 2033 1407 2086 percursor

256 2274 270 2321 1
290 2267 319 2322 in
338 2268 456 2338 adelfio]
471 2269 492 2321 Ι
498 2267 522 2319 V
534 2271 600 2331 245
672 2266 788 2320 Plautus
808 2267 960 2321 cuniculum
979 2266 1007 2321 in
1022 2267 1149 2321 Rudente
1164 2267 1308 2322 Charisius
1319 2283 1347 2335 μ.
1359 2273 1471 2335 155‚17,

166 2345 281 2400 Plautus
300 2346 424 2402 ensiculo
440 2346 469 2401 in
488 2346 617 2400 Rudente
635 2361 690 2400 ene.
712 2348 818 2402 Choria.
833 2365 865 2416 μ.
884 2352 986 2414 535,25
1001 2369 1010 2399 .·
1026 2348 1119 2402 Ρλαυι.
1139 2346 1213 2401 Rud.
1230 2346 1281 2400 IV
1292 2352 1375 2412 im
1395 2351 1469 2404 ensi·

165 2427 257 2482 cnlnot
274 2427 403 2482 aureolus
475 2433 491 2480 2
510 2446 584 2496 μονα
602 2427 634 2479 δε
655 2445 780 2494 ονοματα
795 2428 961 2495 monoptota
975 2443 1041 2480 uero
1055 2426 1168 2481 nomina
1183 2428 1220 2480 M
1289 2433 1305 2479 3
1321 2426 1469 2483 fluminum

166 2509 196 2561 et
222 2507 359 2562 montium
386 2507 500 2562 nomine
526 2510 556 2560 et
582 2506 705 2575 urbium,
737 2505 806 2560 item
838 2505 953 2561 deornm
981 2509 1010 2559 et
1040 2507 1184 2561 bominum
1212 2506 1326 2561 nomino
1352 2509 1471 2578 proprio

166 2587 309 2641 Olmmbi'ue
323 2605 353 2656 p.
373 2591 472 2652 155,19
558 2587 680 2660 iquod]
706 2603 790 2655 quem
814 2602 869 2640 exc.
890 2585 974 2641 Char.
996 2603 1026 2655 p.
1047 2592 1164 2655 535‚28,
1188 2587 1263 2656 qnod
1287 2603 1355 2640 coen.
1382 2606 1469 2656 quam

165 2667 248 2721 ceder
267 2665 389 2721 Charisii
401 2686 432 2737 p.
451 2671 552 2735 15521
626 2673 642 2720 ὁ
662 2669 727 2721 sunt
745 2666 830 2721 etiam
849 2682 922 2735 quse
940 2665 976 2721 ab
995 2666 1038 2721 his
1057 2663 1197 2736 ήηματικά
1212 2667 1342 2721 dicuntur
1357 2667 1469 2725 Charis.

160 2764 190 2816 p.
211 2753 318 2813 15222
391 2766 471 2816 ημεις
489 2747 521 2800 δε
540 2762 592 2800 nos
610 2763 677 2801 uero
702 2749 707 2815 Ι
731 2766 783 2801 ουκ
802 2765 935 2815 αναητυς
953 2764 1008 2802 nnn
1026 2747 1145 2802 absurde
1166 2752 1171 2814 Ι
1191 2745 1318 2801 uerbnlia
1346 2765 1470 2817 ερουμεν

165 2827 314 2882 dixerimus
335 2830 339 2898 Ι
360 2848 397 2890 ας
415 2845 490 2882 εστιν
509 2848 617 2883 ατοτου
636 2835 668 2883 ut
685 2830 729 2883 est
748 2843 765 2880 e
785 2826 790 2896 l
810 2830 880 2895 λεγα
904 2846 1026 2897 ρηματος
1048 2828 1112 2897 lego
1130 2827 1215 2881 uerbo
1235 2825 1319 2881 lectio
1341 2826 1378 2880 M
1451 2836 1468 2883 8

164 2927 228 2960 τινα
246 2909 278 2961 δε
297 2927 396 2976 γενικα
415 2907 552 2977 quaedam
571 2911 665 2962 nutem
683 2906 827 2977 generalia
847 2909 851 2974 Ι
873 2925 947 2962 εστιν
972 2927 1014 2970 οις
1036 2911 1124 2962 πολλα
1147 2909 1212 2961 sunt
1230 2907 1330 2975 quibus
1348 2908 1442 2964 multe
1463 2910 1467 2981 l

166 2991 347 3058 περιεχδεται
366 2988 542 3043 continentur
561 2989 599 3041 M
671 2995 700 3041 11
722 2989 861 3057 quaedem
884 2991 978 3043 eutem
1001 2988 1077 3043 focio
1097 2989 1132 3041 M
1204 3007 1286 3057 οηχος
1309 2991 1468 3057 τουχαλιισυ

164 3068 281 3123 tinnitus
300 3068 371 3123 aeris
388 3071 392 3136 Ι
408 3086 588 3138 χρεμετισμος
607 3088 682 3122 enno
701 3068 826 3123 hinnitus
846 3067 910 3137 equi
930 3067 967 3121 M

172 3217 322 3224 ——-—
334 3218 349 3222 --
362 3217 454 3223 -.-....
803 3215 1066 3224 ——--.—-.—-

166 3303 331 3387 διαφωνεῖ
422 3304 561 3368 σεῦτλον
590 3305 760 3386 σευτλίον,
792 3297 921 3387 μαλάχη
951 3297 1128 3387 μαλάχιον,
1157 3296 1341 3384 ἀρτοκόπος
1368 3297 1468 3387 ἀρτο-

163 3406 293 3493 κόπιον,
317 3409 412 3493 ξίφος
462 3462 468 3474 .
489 3415 494 3490 l
513 3405 552 3473 τὰ
571 3406 767 3494 μονόπτωτα
791 3406 828 3474 δὲ
851 3405 999 3494 ὀνόματα
1017 3407 1072 3473 καὶ
1090 3409 1193 3473 ταῦτα
1212 3401 1232 3471 ἀ
1252 3404 1350 3491 φύσει
1371 3406 1467 3474 ἕνικά

164 3517 247 3600 ε’στι,
269 3515 418 3583 τουτέστι
440 3512 481 3582 τὰ
503 3528 663 3601 στοιχεῖα,
691 3512 813 3601 ὁμοίως
840 3517 908 3582 τῶν
934 3517 1092 3601 ποταμοῖν
1118 3514 1174 3580 καὶ
1203 3517 1270 3581 τῶν
1294 3511 1401 3598 ὀρέων
1423 3515 1466 3581 τά

166 3619 313 3708 ὀνόματα
331 3620 439 3706 κύρια,
462 3619 585 3707 ὁμοίως
603 3624 640 3687 αί
657 3622 779 3708 ἑορταί,
801 3617 925 3707 ὁμοίως
941 3623 1009 3686 τῶν
1028 3618 1230 3707 γραμμάτων
1248 3617 1288 3686 τά
1307 3635 1466 3707 στοιχεῖα,

165 3725 288 3814 ὁμοίως
311 3730 346 3793 oi
371 3725 527 3814 ἀριθμοί,
559 3731 712 3812 μείωσιν,
746 3723 764 3792 δ
793 3728 827 3793 οί
850 3723 1008 3812 Ἕλληνες
1034 3723 1263 3813 ὑποκορισμδν
1290 3731 1466 3814 καλοῦσιν,
1495 3759 1509 3796 s

166 3831 226 3900 οῦκ
249 3830 451 3920 ἀναδέχεται.
498 3837 580 3900 ἔστι
611 3832 676 3899 καὶ
708 3828 729 3899 ii
760 3835 800 3900 οί
821 3829 1008 3917 Ἕλληνες
1035 3830 1231 3919 ῥηματικὰ
1260 3835 1465 3921 λέγουσιν,

164 3936 258 4027 ἡμεῖς
280 3939 317 4006 δὲ
341 3937 402 4007 οῦκ
425 3937 576 4025 ἀνοήτως
664 3941 818 4026 ἐροῦμεν,
847 3936 892 4019 ὡς
920 3945 1010 4007 ἔστιν
1039 3936 1103 4007 ἀπὸ
1126 3941 1295 4025 τοῦλέγω
1319 3940 1466 4028 ῥήματος

207 4048 263 4116 καί
286 4044 394 4134 ἅρπαξ
416 4046 471 4113 καὶ
493 4045 637 4132 πλήκτης
660 4048 694 4114 έκ
717 4047 840 4115 τούτου
863 4043 883 4113 ὅ
905 4073 936 4114 τι
959 4042 1091 4133 ἀρπάζω
1114 4047 1169 4114 καὶ
1192 4046 1336 4133 πλήσσω.

257 4152 338 4223 Τινά
363 4153 400 4220 δὲ
423 4151 537 4240 γενικά
557 4154 659 4238 ἐστιν,
683 4147 733 4233 οἷς
751 4150 856 4221 πολλὰ
874 4156 1055 4240 περιέχεται
1075 4150 1234 4241 ἀνόμοια,
1258 4151 1302 4233 ὡς
1320 4152 1357 4222 τὸ
1378 4158 1464 4247 ζῷον

165 4266 317 4349 δένδρον.
363 4263 399 4329 ἐκ
421 4259 550 4329 τούτων
574 4260 610 4328 δὲ
633 4265 789 4348 γεννᾶται
816 4264 902 4345 ίδια,
935 4256 956 4326 ἀ
985 4262 1159 4346 διαιρεῖται
1186 4262 1241 4327 καὶ
1268 4261 1463 4329 λεπτύνεται
1481 4295 1507 4331 ιο

164 4368 228 4437 ἀπὸ
256 4373 315 4457 τής
342 4374 429 4448 ίδίας
456 4367 558 4456 ἀρχής
586 4372 644 4455 τῆς
675 4373 822 4456 γενικῆς,
855 4366 899 4448 ὡς
930 4366 967 4436 τὸ
1001 4365 1182 4453 ἅνθρωπος
1213 4371 1312 4447 ἵππος
1341 4373 1464 4453 ταῦρος

165 4475 278 4562 δάφνη
310 4480 405 4555 πίτυς
437 4473 521 4557 ὀξέα.
571 4474 646 4542 τινὰ
669 4476 713 4543 ’δὲ
741 4477 945 4564 πεποιημένα
972 4476 1007 4542 ἐκ
1034 4478 1102 4542 τῶν
1134 4473 1225 4561 ήχιον
1253 4471 1273 4560 ή
1302 4474 1366 4542 ἀπὸ
1394 4480 1463 4545 τῶν

164 4585 305 4668 φωνῶν,
338 4579 382 4661 ὡς
410 4582 448 4649 τὸ
477 4581 628 4668 τρισμός,
656 4582 799 4669 κραυγή,
828 4580 846 4650 ὁ
874 4574 953 4669 ήχος
985 4586 1046 4649 τοῦ
1078 4585 1217 4668 χαλκοῦ,
1249 4581 1464 4668 χρεμετισμὸς

165 4711 376 4719 ---———-

255 4766 408 4827 Ῑαρτοπος
426 4778 596 4827 αρτοκοπιον
673 4754 812 4830 eripior]
831 4779 886 4829 ορω
959 4758 1195 4828 6ἔστι-λέγονσιν
1214 4775 1263 4812 out.
1337 4759 1462 4832 λίστιν]

164 4857 210 4894 eet
282 4834 450 4909 ὃπλήκτης]
470 4858 592 4906 παηκτες
664 4842 789 4891 9παλλα
808 4857 982 4907 κεριεχεεται
1000 4858 1125 4909 ανομαια
