3316 5474
633 365 682 419 DE
703 365 994 421 ORTHOGRAPHIA
1400 364 1462 428 l't'i

154 473 178 511 p.
195 463 249 503 saro
262 461 288 502 τ.

248 546 305 607 Res
333 547 448 627 longam
478 548 614 609 similiter
640 568 748 638 nomen
771 549 1004 630 monosyllabum
1034 551 1166 630 repperi,
1194 550 1339 628 siguificat
1367 557 1466 609 autem

154 657 262 716 uncias
281 664 358 736 octo,
377 655 455 734 quod
476 655 494 715 b
514 665 625 716 mutam
645 666 746 717 teucro
767 657 951 717 consuetudo
971 657 1090 718 tradidit
1108 659 1139 716 in
1159 659 1313 736 scriptura.
1347 655 1467 715 brevem

155 763 291 822 invenire
315 764 490 841 nonpotui.
529 782 596 823 nam
620 782 725 842 vesper
744 765 834 824 vestis
858 782 891 823 ac
915 764 1034 844 similia,
1057 763 1127 824 licet
1148 782 1203 842 per
1222 783 1239 820 v
1258 761 1387 822 vocalem
1410 781 1466 840 pro

155 876 339 930 consonante
370 867 552 951 scribantur,
580 878 678 930 tamen
707 873 787 930 iuxta
816 870 961 930 rationem
989 887 1078 948 snpra
1107 869 1228 950 dictam,
1261 868 1312 929 ubi
1341 869 1466 928 lecimus

124 978 336 1035 mentionem
365 993 398 1034 ve
427 985 595 1055 correptam
622 976 732 1038 debere
760 996 814 1056 per
838 997 854 1035 v
878 976 982 1057 scribi,
1013 979 1151 1055 quoniam
1175 976 1305 1037 slittera
1330 977 1467 1054 sequenti

53 1115 58 1121 ·
155 1080 285 1160 syllabae
304 1083 369 1141 sinc
389 1081 479 1142 dnbio
498 1085 639 1161 iungitur.
673 1103 738 1165 ros,
757 1086 782 1143 si
801 1101 964 1162 pronomen
985 1083 1089 1163 luerit,
1107 1085 1138 1142 in
1157 1079 1358 1162 monosyllabo
1376 1098 1430 1160 per
1449 1099 1467 1136 v

155 1187 285 1249 litteram
306 1186 468 1268 scribetur3
493 1208 560 1250 cum
579 1207 650 1249 vero
669 1189 843 1268 disyllabum
867 1190 973 1274 luerit,
996 1189 1025 1250 id
1051 1197 1098 1249 est
1121 1187 1217 1270 vobis,
1239 1190 1335 1267 prima
1358 1185 1466 1265 syllaba

155 1313 212 1374 ρετ
236 1313 265 1375 v,
288 1294 419 1354 secunda
441 1315 496 1374 por
519 1296 538 1355 b
562 1294 720 1356 scribetur.
758 1296 875 1374 qnando
898 1304 996 1356 autem
1021 1297 1145 1355 iumenti
1176 1313 1283 1354 nomen
1307 1294 1466 1368 invenitur,

156 1411 193 1461 ut
214 1411 260 1461 est
283 1397 506 1480 ‘procumbit
529 1402 624 1462 humi
647 1397 736 1483 bos',
764 1402 782 1461 b
807 1411 918 1462 mutam
948 1400 1068 1462 babebit
1095 1405 1126 1461 in
1149 1400 1349 1480 monesyllabo
1373 1401 1465 1459 nomi-

112 1509 249 1568 sanativi
281 1519 311 1567 et
343 1511 467 1569 vocativi
500 1528 602 1590 casus,
639 1528 708 1569 cnm
737 1528 805 1569 vcro
838 1528 893 1588 per
926 1509 998 1568 alios
1031 1527 1117 1569 casus
1136 1510 1283 1588 coeperit
1314 1507 1467 1588 geminari,

250 1690 331 1744 ibes
350 1688 480 1750 similiter
498 1689 609 1759 longam
630 1707 732 1745 nomeu
749 1690 777 1742 B
848 1696 864 1742 2
890 1689 1048 1760 bmutam]
1067 1689 1138 1743 bene
1157 1703 1265 1743 mutam
1282 1688 1310 1740 B
1382 1684 1466 1739 tubi

157 1769 275 1824 iacimus
292 1769 342 1823 bes
362 1770 518 1837 correptam
538 1769 639 1824 debera
657 1789 709 1840 per
722 1791 740 1826 u
760 1771 845 1826 scribi
864 1769 953 1824 ABG
970 1769 1018 1823 ubi
1036 1769 1154 1823 iacimus
1175 1770 1222 1823 bes
1241 1766 1397 1835 correptam
1416 1779 1467 1831 per

159 1850 179 1902 b
197 1851 304 1902 mutam
323 1847 426 1903 debere
445 1847 543 1914 scribi,
562 1849 667 1905 debent
683 1868 735 1921 per
753 1870 770 1906 v
789 1851 992 1906 scribiCarra'o
1081 1856 1097 1902 5
1121 1849 1249 1917 sequenti
1272 1845 1397 1915 syllabae
1417 1845 1465 1900 §A

159 1928 301 1996 sequentis
315 1927 441 1997 syllabae
454 1928 513 1981 BC
578 1935 594 1982 8
610 1931 732 1986 secunda
745 1949 795 2001 per
809 1933 827 1987 b
842 1932 978 1987 scribetur
992 1945 1008 1986 ς
1024 1930 1101 1998 Par,
1117 1930 1238 1984 secunda
1252 1927 1413 1997 (secandum
1428 1927 1466 1993 A)

156 2025 208 2077 per
225 2009 244 2062 b
262 2007 394 2062 scribitur
412 2008 471 2060 AB
479 2007 503 2060 0
573 2009 637 2062 sid
656 2013 699 2064 est
717 2014 877 2080 procumbit
894 2009 971 2066 humi
1000 2011 1051 2065 bos
1069 2011 1129 2064 AB
1148 2012 1181 2064 ut
1199 2012 1242 2064 est
1260 2010 1310 2064 bos
1330 2008 1363 2062 C:
1389 2007 1466 2077 Vrrq.

158 2090 227 2144 Aen.
251 2089 277 2142 V
293 2093 346 2143 481
419 2087 609 2143 nominatiuus
629 2093 657 2144 et
675 2092 822 2146 uocatiuns
839 2092 899 2146 AC

449 2254 715 2261 ——-....——.--..
719 2257 729 2261 -
944 2258 1028 2264 —.-—
1033 2254 1465 2264 ω--ἐῳ--α

608 2356 794 2412 MARTYRII
812 2359 861 2413 Di}
880 2360 903 2413 B
922 2360 970 2414 ET
989 2361 1014 2415 V

246 2523 303 2585 Res
330 2525 446 2605 longam
475 2523 610 2584 similiter
638 2543 745 2586 nomen
778 2526 1009 2607 monosyllabum
1034 2529 1165 2607 repperi3
1194 2526 1338 2606 significat
1367 2534 1466 2585 autem

159 2633 260 2691 uncias
284 2642 365 2713 octo,
389 2631 467 2711 quod
493 2629 574 2709 [per]
600 2630 618 2690 b
643 2641 754 2693 mutam
778 2642 880 2694 tenere
905 2634 1089 2694 consuetudo
1113 2634 1233 2695 tradidit
1256 2635 1465 2711 inscriptura.

157 2736 278 2798 brevem
297 2757 356 2798 non
380 2741 512 2799 invcnire
536 2741 628 2816 potui.
662 2757 729 2800 nam
748 2758 855 2819 vesper
875 2742 964 2800 vestis
983 2758 1016 2800 ac
1036 2741 1151 2823 similia,
1174 2740 1244 2800 licct
1267 2758 1321 2818 per
1341 2758 1357 2798 v
1381 2756 1464 2797 voca·

158 2843 215 2904 lem
243 2865 298 2924 pro
322 2854 503 2905 consonante
527 2845 709 2926 scribantur,
737 2859 836 2907 tamen
864 2849 946 2908 iuxta
974 2850 1118 2908 rationem
1148 2866 1236 2927 supra
1264 2845 1385 2926 dictam,
1413 2843 1465 2904 nbi

158 2951 283 3012 lecimus
306 2954 487 3013 mentionem
510 2969 545 3012 re
570 2963 737 3032 correptam
761 2952 870 3014 debere
893 2973 982 3033 perv
1006 2955 1172 3034 digammon
1198 2953 1302 3026 scribi,
1326 2953 1465 3031 quoniam

130 3057 293 3118 astinem
322 3061 459 3138 sequenti
488 3056 613 3136 syllabae
642 3061 706 3118 sine
735 3059 824 3120 dubio
854 3062 995 3138 iungitur.
1033 3063 1076 3120 ris
1100 3079 1207 3121 nomen
1231 3056 1464 3136 monosyllabum

158 3182 282 3223 numero
310 3183 369 3224 non
397 3163 567 3243 subiacens,
597 3164 647 3224 sed
678 3165 755 3243 qnod
787 3167 1001 3245 interpretatur
1028 3165 1165 3227 violentia
1194 3166 1239 3226 vel
1275 3174 1420 3245 potestas,
1448 3183 1464 3221 v

157 3268 323 3348 digammon
352 3270 464 3332 tenebit
496 3272 526 3329 in
563 3272 719 3349 scriptura.
766 3289 833 3330 nam
861 3270 940 3349 quod
973 3272 1119 3350 signiticat
1150 3291 1308 3333 numerum
1342 3277 1464 3349 propter

157 3374 367 3437 discretionem
400 3396 454 3456 per
482 3376 500 3435 b
535 3385 645 3436 mutam
674 3376 829 3458 scribitur,
863 3397 917 3438 ceu
950 3380 1087 3458 superius
1121 3380 1246 3439 lecimus
1274 3379 1463 3437 mentionem.

157 3481 270 3543 bissum
294 3487 395 3564 ctiam,
418 3484 496 3562 quod
520 3485 670 3561 integrum
694 3482 839 3561 significat
861 3475 1031 3564 doripetron,
1055 3503 1109 3563 ρετ
1128 3484 1147 3544 b
1167 3494 1278 3545 muwm
1301 3487 1332 3544 in
1353 3482 1463 3562 glosse-

119 3588 286 3650 amardus
309 3593 436 3670 repperi.
480 3608 532 3648 vos
555 3589 654 3669 longa,
678 3591 703 3648 si
727 3607 890 3668 pronomen
914 3592 1018 3670 licerit,
1045 3610 1098 3685 ρετ
1122 3612 1138 3650 v
1162 3591 1291 3651 vocalem
1315 3610 1369 3671 pro
1394 3609 1462 3650 cou-

157 3705 278 3757 souaute
303 3699 442 3777 positam,
470 3699 496 3755 si
519 3714 641 3775 nomen,
669 3714 724 3773 per
748 3695 765 3755 b
789 3705 901 3757 mutam
925 3696 1087 3779 scribetur,
1115 3697 1179 3758 aliis
1203 3698 1316 3759 scilicet
1345 3695 1463 3757 casibus

157 3802 187 3860 in
206 3810 333 3881 utroque
353 3822 477 3863 numero
496 3802 571 3861 hanc
595 3820 670 3879 quae
695 3810 740 3861 est
766 3804 913 3881 inpriore
934 3804 1042 3882 syllaba
1062 3807 1238 3884 scripturam
1259 3803 1462 3883 sequentibus.

158 3906 207 3966 sed
233 3912 371 3987 quonian
395 3913 426 3969 in
450 3910 586 3988 genetivo
611 3909 694 3967 etin
718 3907 782 3967 aliis
806 3909 923 3970 casibus
946 3920 1065 3990 praeter
1089 3914 1253 3972 vocativum
1276 3911 1332 3971 boc
1356 3930 1463 3971 nomen

157 4033 293 4076 crescere
318 4019 509 4095 cognovimus
534 4024 563 4075 et
586 4033 671 4095 perv
694 4014 822 4075 litteram
844 4020 1041 4096 posteriorem
1065 4036 1184 4097 quoqne
1208 4017 1346 4096 syllabam
1371 4035 1463 4077 enun-

118 4135 144 4173 15
159 4121 224 4180 tiari
255 4115 324 4202 (bos
354 4126 431 4183 enirn
456 4123 553 4202 bovis,
581 4121 651 4181 licet
673 4120 798 4181 similem
822 4126 958 4199 genetivo
983 4127 1195 4185 nominativum
1219 4123 1337 4201 quidam
1361 4122 1462 4181 decer·

157 4236 240 4307 nant,
269 4237 298 4288 ct
326 4228 393 4288 bovi
421 4230 517 4289 dativo
542 4236 572 4287 et
595 4229 762 4287 accusativo
794 4226 898 4287 borcm
922 4223 1017 4312 iacit),
1046 4233 1143 4290 evenit
1171 4231 1258 4288 etiam
1288 4227 1463 4306 quibusdam

158 4333 327 4394 nominibus
351 4338 380 4394 in
401 4355 470 4396 casu
490 4337 670 4396 nominativo
690 4353 706 4391 v
729 4333 857 4394 litteram
881 4337 1000 4413 penitus
1022 4354 1081 4396 non
1105 4334 1228 4414 babere,
1252 4336 1280 4393 in
1305 4332 1369 4392 aliis
1393 4352 1462 4393 vero

245 4514 261 4562 2
282 4508 357 4576 quod
376 4510 395 4562 b
414 4512 520 4563 mutam
540 4504 711 4562 consuetudo
730 4505 849 4560 tradidit
867 4505 895 4559 in
915 4507 1053 4576 scriptura
1073 4504 1100 4558 P
1175 4503 1326 4559 eiecimus
1345 4505 1463 4559 mentio·

157 4584 233 4657 nem]
252 4588 429 4643 meminimus
449 4590 477 4642 P
537 4586 632 4643 deberi
649 4584 714 4639 NP
773 4585 949 4654 bsequentis
969 4585 996 4638 P
1064 4584 1204 4640 9bissum
1223 4584 1308 4638 etiam
1328 4602 1463 4653 narrator

156 4681 206 4734 per
224 4667 242 4720 b
261 4669 369 4720 mutam
388 4666 417 4720 in
436 4666 650 4736 glossematibus
669 4666 759 4736 reperi
780 4664 808 4718 P
860 4659 1008 4735 uiuiparos]
1029 4683 1167 4734 ασαερεον
1185 4664 1219 4717 N
1274 4663 1463 4734 glosemmati-

156 4744 208 4798 bus
226 4746 259 4799 N
330 4754 360 4800 11
385 4747 508 4815 positam
527 4764 576 4800 ons.
595 4745 634 4813 Ν,
654 4746 717 4800 add.
737 4744 765 4797 P
834 4751 868 4799 14
890 4761 941 4815 per
959 4745 978 4798 b
996 4744 1121 4799 litteram
1140 4750 1164 4799 ct
1182 4745 1280 4799 deinde
1297 4744 1377 4799 bobis
1397 4744 1462 4799 bobi

157 4825 258 4880 bobem
279 4826 307 4879 P
379 4833 410 4879 15
430 4828 562 4883 decernat
580 4827 612 4880 N
628 4824 804 4882 decreverint
821 4825 849 4878 P
955 4824 973 4857 ⁸

211 4934 366 4965 osauunrrcr
381 4936 467 4966 narrar
482 4937 525 4966 vrr.
580 4951 586 4963 .
1217 4918 1249 4966 12
