3316 5474
216 321 282 385 322
787 317 944 375 AVDACIS

218 434 240 471 p.
255 424 267 463 a
280 423 310 463 rr.

217 507 351 588 partibus
392 508 484 568 divisa
527 509 559 567 in'
594 509 719 567 virtutes
756 507 885 585 vitiaque
923 504 1076 566 descendit
1109 552 1115 565 .
1149 506 1217 564 vitia
1260 501 1522 582 reprehenduntur

217 615 406 696 soloecismo,
425 613 607 675 barbarismo
627 623 658 674 et
676 613 722 673 his
742 632 816 693 quas
831 613 936 674 Graeci
953 611 1069 686 κακίας
1087 605 1192 692 λόγου
1210 610 1379 691 appellant.
1395 611 1521 670 virtutes

218 741 287 782 vero
312 722 488 800 digeruntur
512 724 542 782 in
566 731 682 803 tropos,
706 722 869 801 schemata,
893 720 1099 801 metaplasmos
1123 718 1222 780 ethis
1246 717 1385 792 similia!

139 842 197 892 lant
307 828 519 889 Grammaticae
543 829 639 888 officia
664 837 736 907 quot
764 824 856 888 sunt?
893 826 1056 906 Quattuor,
1088 826 1118 886 id
1151 836 1197 887 cst
1228 825 1329 905 lectio,
1363 827 1522 905 enarratio,

217 935 397 1017 emendatio,
426 936 567 996 indicium
593 982 598 995 .
623 934 724 994 Lectio
749 934 819 1014 quid
849 929 916 993 est?
953 932 1123 993 Secundum
1152 940 1293 992 accentus
1321 940 1351 992 et
1378 930 1551 993 sensuum⁵

218 1044 425 1103 necessitatem
454 1043 573 1121 propria
602 1043 796 1102 enuntiatio.
826 1039 980 1101 Enarratio
1009 1039 1079 1120 qnid
1108 1036 1175 1101 est?
1217 1039 1388 1100 Secundum
1416 1049 1521 1118 poetae

220 1149 400 1210 voluntatem
425 1151 683 1228 uniuscuiusque
708 1148 918 1227 descriptionis
941 1146 1106 1227 explanatio
1131 1193 1137 1206 .
1161 1146 1335 1207 Emendatio
1359 1146 1429 1224 quid
1454 1143 1522 1207 est?

219 1255 363 1316 Errornm
396 1255 471 1336 apud
506 1263 608 1335 poetas
637 1264 667 1315 et
698 1241 1136 1335 figmentorum'reprehensio.
1181 1254 1325 1314 iudicium
1354 1251 1424 1332 quid
1453 1252 1521 1317 est?

218 1362 297 1423 liene
321 1362 468 1424 dictorum
493 1360 702 1441 comprobatio.
777 1342 780 1351 ’

718 1581 777 1646 DE
800 1579 1019 1647 Luc-mortu
1537 1613 1565 1657 ιο

129 1755 199 1803 issac
310 1730 412 1790 Partes
443 1730 579 1790 lectionis
613 1738 685 1808 quot
717 1726 808 1789 snut?
856 1728 1015 1809 Quattuor,
1047 1728 1076 1788 id
1107 1736 1152 1788 est
1185 1738 1339 1808 accentuS,
1371 1727 1522 1807 discretio,

218 1840 436 1918 pronuntiatio,
465 1836 633 1897 modulatio.
671 1836 818 1896 docentus
846 1833 1008 1915 quidest?
1039 1834 1132 1895 Vnius
1161 1837 1307 1913 cuiusque
1336 1832 1462 1914 syllabae
1491 1837 1522 1895 iu

219 1962 292 2004 sono
312 1942 524 2023 pronuntiandi
543 1943 676 2023 qualitas.
709 1926 856 2002 Discretio
876 1943 946 2021 quid
966 1938 1033 2002 est?
1061 1940 1257 2001 Confusarum
1274 1942 1521 2019 significationum

219 2050 359 2131 perplana
383 2050 557 2130 significatio
582 2097 588 2110 .
612 2040 818 2109 Pronuntiatio
843 2047 912 2127 quid
942 2045 1009 2108 est?
1046 2047 1233 2127 Scriptorum
1262 2046 1426 2109 secundum
1455 2067 1521 2127 per·

219 2175 307 2216 sorras
331 2156 548 2217 accommodata
568 2156 759 2216 distinctione
779 2153 955 2235 similitudo,
979 2163 1101 2234 utputa
1121 2173 1188 2215 cnm
1208 2165 1259 2216 aut
1277 2157 1357 2215 senis
1376 2164 1566 2234 tempera-15

220 2271 351 2323 mentum
371 2271 422 2324 aut
442 2265 556 2323 invenis
575 2264 753 2342 protervitas
772 2270 822 2322 aut
843 2261 968 2322 feminae
987 2263 1142 2323 infirmitas
1162 2272 1213 2323 aut
1232 2262 1357 2342 qrralitas
1376 2264 1523 2340 cuiusque

219 2388 362 2450 personae
383 2368 589 2449 distinguenda
609 2375 703 2431 estet
723 2388 820 2430 mores
840 2371 985 2450 cuiusque
1000 2370 1123 2432 habitus
1133 2370 1316 2451 exprimendi
1337 2419 1343 2431 .
1363 2369 1522 2431 llodulatio

220 2478 289 2557 qnid
315 2474 381 2538 est?
418 2477 588 2538 Continuati
612 2479 758 2537 sermonis
781 2479 811 2536 in
835 2462 1041 2539 iucundiorem
1061 2478 1179 2539 dicendi
1198 2481 1343 2539 rationem
1362 2466 1523 2549 artificialis

219 2585 313 2646 llexus
337 2588 367 2646 in
391 2584 594 2645 delectabilem
618 2583 737 2646 auditus
756 2585 880 2643 sormam
900 2604 1061 2646 conversus
1081 2588 1248 2665 asperitatis
1268 2585 1402 2646 vitandae
1413 2559 1522 2664 ⁸gratia.

695 2804 754 2869 Du
778 2803 1045 2869 ΙιΑΤΙΝΙΤΑΤΕ
1538 2816 1566 2856 2⁰

141 2985 198 3034 ηιμ
311 2951 451 3013 Latinitas
471 2954 541 3033 quid
562 2950 628 3013 est?
652 2951 826 3014 Observatio
841 2953 1012 3032 incorrupte
1028 2952 1168 3032 loquendi
1183 2952 1347 3014 secundnm
1362 2953 1522 3013 Romanam

222 3060 350 3139 linguam
384 3107 391 3120 .
424 3059 504 3130 Quot
539 3059 635 3120 modis
673 3068 789 3121 constat
824 3057 974 3121 latinitas?
1020 3059 1130 3121 Tribus
1163 3108 1169 3121 .
1203 3058 1339 3131 Quibus?
1390 3060 1524 3140 Ratione,

293 3284 308 3331 2
329 3275 503 3331 barbarismo
522 3292 572 3331 orn.
594 3277 638 3342 M,
658 3277 721 3330 odd.
739 3277 767 3329 Β
839 3277 916 3345 greci
940 3274 1031 3330 caciaa
1053 3277 1116 3331 locu
1136 3278 1281 3348 appellant
1300 3279 1337 3332 M
1356 3276 1433 3347 greci
1455 3276 1524 3345 logu

219 3357 366 3426 appellant
393 3357 419 3409 Β
492 3355 632 3409 &similia
656 3355 704 3409 DE
728 3354 910 3410 LEGTIONE
933 3355 1006 3409 lNT.
1035 3355 1239 3412 Grammaticos
1263 3356 1456 3425 (Grammatici
1479 3356 1525 3426 Μ)

220 3437 314 3493 officia
327 3437 405 3491 ΒΜ.
442 3436 646 3505 inscriptionem
660 3435 694 3490 de
709 3436 829 3491 lectione
848 3437 882 3490 ab
900 3438 949 3492 boc
967 3437 1024 3491 loco
1042 3438 1161 3492 alienam
1178 3439 1211 3491 in
1223 3454 1303 3492 suum
1316 3439 1403 3493 locum
1416 3438 1525 3490 restitui

255 3525 272 3572 4
291 3517 496 3572 Grammaticos
515 3514 619 3585 officia]
640 3517 731 3572 Dione.
747 3517 1243 3586 p.426,1213rammaticaeoflicia‚
1263 3520 1296 3571 ut
1309 3518 1413 3572 adserit
1425 3517 1524 3583 Varro,

219 3600 349 3654 constant
366 3598 396 3652 in
415 3597 542 3666 partibus
561 3597 706 3663 quattuor,
726 3595 859 3663 lectione,
888 3595 1074 3664 enarratione,
1099 3597 1306 3665 emendatione,
1330 3598 1434 3652 iudicio
1507 3603 1523 3651 ὃ

220 3697 330 3734 sensnm
356 3679 393 3732 M
464 3675 613 3745 upropria
635 3675 792 3730 enuntiatio
817 3677 854 3730 M
875 3675 1029 3746 propriatio
1051 3677 1079 3730 Β
1107 3678 1219 3748 propria
1246 3678 1438 3748 pronuntiatio
1466 3677 1492 3730 V

219 3758 331 3829 poetae]
350 3759 480 3828 poemate
501 3758 538 3811 M
609 3754 828 3824 idiacriptionis
847 3757 884 3809 M
900 3754 1104 3826 diascriptionis
1119 3757 1147 3811 Β
1220 3764 1253 3812 10
1272 3760 1320 3813 ΒΕ
1340 3757 1523 3813 Lucrinuu

219 3840 269 3893 hoe
287 3839 344 3892 loco
362 3853 412 3891 orn.
431 3837 503 3890 ΒΜ
575 3843 604 3890 11
626 3836 721 3905 partes
739 3834 868 3890 lectionis
894 3836 1030 3905 Vpartes
1053 3836 1205 3892 lectionum
1226 3839 1264 3892 M
1285 3841 1378 3909 partes
1402 3838 1524 3892 declina-

221 3920 328 3975 tionum
347 3919 374 3971 B
448 3923 480 3971 12
500 3918 529 3971 in
548 3933 616 3970 sono
635 3915 834 3985 pronuntiandi
854 3915 879 3969 V
895 3914 1094 3985 pronuntiandi
1112 3917 1141 3971 in
1155 3935 1223 3974 sono
1239 3919 1288 3972 M:
1306 3919 1335 3972 in
1349 3935 1416 3972 sono
1431 3935 1481 3974 om.
1496 3919 1524 3971 B

223 4004 254 4052 15
275 3997 472 4053 acommodata
490 3997 517 4050 Β
536 3996 724 4050 adcomodata
742 3995 779 4048 M
794 4036 799 4047 .
815 3996 1026 4051 accommodata
1044 3996 1188 4053 distinctio
1208 3998 1391 4053 similitudine
1411 4000 1526 4052 coeunt

224 4082 329 4135 iburot
347 4096 427 4133 reone
445 4079 559 4147 critique
582 4081 702 4132 a.1877
720 4093 750 4145 p.
770 4081 826 4131 307
849 4079 907 4131 coll.
926 4078 1007 4133 schol.
1026 4078 1111 4137 Dion
1134 4080 1232 4134 Yltrac.
1251 4097 1281 4150 p.
1302 4083 1355 4133 744
1378 4074 1525 4146 ὑπόκρισίς

221 4157 297 4216 ἔστιν
319 4155 481 4230 ἁρμόζουσα
508 4160 640 4228 (μίμησις)
668 4164 727 4221 τοῖς
745 4152 945 4228 ὑποκειμένοις
964 4154 1123 4226 προσώποις
1142 4157 1173 4214 ἔν
1191 4179 1221 4214 τε
1240 4154 1313 4233 λόγῳ
1332 4159 1381 4212 aul
1396 4154 1523 4228 σχήματι.

221 4243 255 4309 cs.
275 4241 366 4294 Dium.
382 4258 412 4309 p.
432 4245 540 4306 436,19
615 4245 647 4293 16
667 4239 799 4308 cuiusque
818 4255 952 4307 personae
971 4239 1128 4308 Diomedes,
1153 4239 1286 4309 cuiusque
1305 4241 1439 4308 cuiusque
1464 4258 1524 4309 per-

221 4337 306 4376 sonae
324 4322 352 4374 B
371 4320 569 4388 cuiuscumque
588 4335 723 4389 personae
744 4320 781 4373 M
797 4319 877 4373 unius
897 4320 1029 4389 cuiusque
1048 4338 1183 4391 personae
1207 4321 1233 4373 l'
1287 4328 1318 4376 18
1338 4338 1478 4375 sermones
1497 4323 1524 4375 Β

224 4408 255 4456 19
274 4400 380 4472 gratias
399 4401 440 4455 hl'
462 4401 500 4454 IN
519 4400 663 4455 distinctio
682 4399 749 4468 qnid
769 4403 811 4454 est
828 4405 1005 4467 324,13-17
1026 4402 1179 4470 suspendit.
1221 4401 1270 4454 DE
1299 4401 1525 4456 LATlNlTATE

222 4485 274 4538 lnt.
285 4480 413 4536 latinitas
428 4481 495 4549 qnid
510 4483 552 4534 est
567 4480 604 4532 M
615 4480 783 4548 interpositis
801 4480 849 4532 lunc
867 4480 924 4533 loco
943 4480 979 4533 ιἰὀ
996 4497 1066 4548 quoe
1083 4481 1162 4547 iufra
1176 4482 1209 4535 dc
1227 4482 1402 4536 distinctione
1420 4483 1525 4550 scriptu

221 4568 285 4616 sunt
357 4568 390 4615 21
411 4559 564 4630 Latinitas]
584 4558 676 4613 Dioni.
692 4577 721 4627 p.
742 4563 851 4625 439,14
874 4557 1001 4614 latinitas
1025 4562 1068 4616 eet
1090 4561 1249 4630 incorrupte
1272 4560 1407 4630 loquendi
1433 4562 1526 4614 obser-

221 4640 298 4695 vatio
331 4640 482 4695 secundum
510 4640 664 4693 Romanam
697 4638 831 4709 linguam.
870 4641 980 4693 constat
1006 4641 1114 4706 autem,
1147 4642 1179 4693 ut
1209 4639 1314 4694 adserit
1346 4640 1447 4706 Varro,
1480 4642 1525 4694 his

221 4720 367 4788 quattuor,
386 4724 496 4784 natura,
519 4718 662 4789 analogia,
682 4719 888 4788 consuetudine,
907 4718 1078 4774 auctoritate
1150 4718 1217 4788 quid
1232 4722 1275 4773 est
1288 4736 1338 4773 om.
1353 4720 1389 4787 Β,
1409 4721 1472 4774 add.
1490 4721 1526 4773 M

257 4800 418 4869 incorrupta
437 4798 586 4868 eloquendi
606 4800 756 4854 secundnm
776 4816 921 4854 romanum
940 4799 1067 4869 linguam
1084 4800 1112 4852 Β
1185 4804 1218 4853 22
1237 4798 1362 4870 linguam
1382 4817 1432 4854 om.
1453 4802 1490 4854 M
