3316 5474
531 366 765 422 FRAGMENTA
791 366 985 422 BOBIENSIA
1339 366 1404 433 543

106 480 127 518 p.
142 469 249 509 sos-no
261 470 289 509 v.

107 553 236 614 volucris
259 554 355 614 lacere
379 555 590 613 nominativum
613 552 806 632 singularem,
829 553 887 612 erit
908 551 958 612 bic
981 551 1106 623 Quiritis
1126 556 1178 626 (ib.
1197 555 1242 627 3).
1282 553 1326 614 ab
1349 553 1404 614 bac

107 642 192 703 lauru
217 661 275 702 uon
298 643 437 721 dicimus,
461 642 512 701 sed
536 641 572 702 ab
595 641 650 702 bac
668 640 751 702 lauro
775 641 911 713 (16.19).
957 641 1150 703 Tesserarum
1174 652 1246 722 aput
1267 645 1405 722 antiquos

107 741 192 801 erant
213 734 292 792 varia
316 733 447 811 nomina,
475 730 615 814 vulturis,
642 730 782 812 caniculi,
810 729 946 811 Veneris;
976 730 1028 791 sed
1052 739 1151 792 tamen
1174 731 1298 793 Veneris
1320 741 1406 794 erant

106 824 233 901 optimae
257 823 309 894 (ib
333 822 398 893 25)

79 924 92 965 e
195 910 354 971 Canusium
383 909 522 988 oppidum
549 917 596 970 est
623 909 744 989 Apuliae
772 911 851 981 (luo
878 908 1080 984 3316150).
1126 907 1268 970 Berenice
1296 928 1404 972 nomen

106 1001 219 1060 sororis
247 1007 293 1059 est
321 997 496 1078 Ptolemaei,
524 1015 613 1077 quam
640 1000 746 1059 amavit
777 1007 808 1059 et
835 998 917 1058 dedit
939 999 967 1058 ei
995 1001 1139 1078 optimum
1167 999 1308 1060 annulum
1336 1017 1404 1061 cum

105 1107 219 1169 gemma
238 1090 381 1168 pretiosa:
405 1086 510 1147 exinde
530 1089 675 1166 pretiosae
695 1105 826 1167 gemmae
845 1086 987 1147 Bernices
1005 1086 1228 1168 appellabantur
1246 1091 1299 1161 (ib.
1318 1089 1404 1163 155).

194 1176 251 1237 Cea
270 1176 366 1237 insula
385 1184 431 1236 est
449 1178 544 1255 patria
563 1175 735 1257 Simonidis,
759 1178 811 1257 qui
830 1178 985 1237 neniarum
1004 1185 1133 1237 metrum
1151 1180 1265 1256 primus
1284 1179 1404 1258 scripsit

105 1268 193 1340 (Her.
216 1286 242 1327 c
268 1266 418 1339 111,.38)
461 1264 597 1326 Perfidus
620 1274 666 1326 est
689 1268 740 1345 qui
762 1264 850 1326 tidem
875 1266 984 1345 trangit
1007 1265 1197 1346 aliquotiens,
1228 1265 1404 1346 perfidiosus

66 1371 92 1408 ιο
106 1358 156 1435 qui
180 1358 300 1415 omnino
323 1363 406 1416 caret
428 1354 493 1415 ude.
540 1353 623 1434 Apud
652 1357 789 1432 antiquos
817 1373 960 1415 numerus
987 1357 1063 1416 vitae
1087 1354 1203 1417 dierum
1226 1364 1257 1417 et
1279 1356 1417 1469 qrralitas

105 1444 330 1525 numerabatur,
358 1453 388 1504 et
415 1442 484 1503 boui
508 1443 572 1504 dies
595 1442 668 1503 albis
691 1443 812 1504 calculis
839 1443 1045 1525 signabantur,
1072 1443 1140 1505 mali
1168 1446 1269 1524 nigris
1315 1428 1417 1507 etiam⁰

106 1542 173 1613 post
192 1542 316 1593 mortem
334 1527 338 1615 Ι
353 1532 581 1612 prolereBantur
601 1542 632 1593 et
649 1532 895 1612 numerabantur,
918 1541 949 1593 et
971 1532 1009 1594 de
1032 1532 1119 1594 bonis
1142 1530 1329 1595 dicebatur
1332 1537 1404 1596 vixit

105 1621 169 1683 dies
197 1617 261 1702 tot’,
288 1621 325 1682 de
354 1621 437 1681 malis
466 1617 593 1682 duravit
620 1622 684 1681 dies
711 1616 775 1683 tot'.
820 1621 892 1681 baec
920 1630 985 1682 erat
1011 1622 1197 1683 consuetudo
1225 1625 1326 1713 (Hom
1336 1643 1362 1685 c.
1388 1626 1408 1684 I

104 1712 226 1786 36,.10)
272 1710 414 1785 Dedecet,
436 1709 583 1771 delormat
606 1712 693 1783 (Hor.
717 1729 744 1772 c.
767 1711 849 1771 138
848 1712 905 1784 7)

66 1814 91 1854 rs
193 1800 340 1880 Grypbes,
367 1799 501 1859 animalia
532 1800 710 1878 quaedam
702 1817 732 1860 m
761 1799 954 1879 hyperboreis
981 1800 1134 1862 montibus
1166 1802 1246 1861 omni
1278 1819 1403 1882 corpore

104 1889 205 1950 leones
232 1899 351 1969 practer
374 1907 421 1969 os,
444 1889 524 1967 quod
547 1888 657 1950 babent
684 1887 798 1968 aquilae
821 1891 882 1949 sive
911 1891 1074 1970 accipitris,
1102 1899 1132 1951 et
1159 1889 1237 1969 quod
1265 1892 1402 1969 pinnatae

105 1988 174 2040 sunt
198 1979 305 2055 (Verg.
328 1981 396 2040 buc.
418 1979 516 2058 827).

193 2066 309 2128 Cannae
329 2067 449 2148 Apuliae
469 2070 551 2128 vicus
570 2073 616 2128 est
634 2068 721 2139 (Luc.
742 2068 850 2128 Pbars.
871 2067 987 2141 1146).
1015 2067 1207 2149 Proiectum,
1226 2069 1403 2152 mercedem,

105 2159 235 2218 fructum
258 2157 396 2217 Lucanus
419 2160 472 2229 (io.
498 2158 558 2231 61))
582 2157 653 2218 dicit
674 2152 698 2235 †
721 2152 860 2217 ‘tanton
884 2152 1117 2236 provectum’.
1168 2156 1220 2218 Vir
1245 2160 1332 2241 tanti,
1355 2161 1403 2221 vix

64 2262 91 2300 20
105 2246 191 2328 utile,
214 2245 350 2307 Lucanus
374 2249 426 2317 (io.
452 2247 509 2319 62)
532 2245 612 2306 dicit.

193 2335 301 2415 Cyrna,
330 2335 448 2396 Corsica
477 2336 585 2412 (Vero,
612 2339 679 2396 buc.
708 2334 807 2408 9,30).
856 2335 952 2396 Anser
978 2344 1067 2415 poeta
1095 2335 1163 2418 tuit,
1196 2338 1247 2416 qui
1275 2338 1402 2398 Antonio

103 2423 205 2485 laudes
229 2424 378 2485 scribebat
396 2427 449 2497 (io.
468 2427 537 2499 36).
578 2420 622 2485 ‘Si
641 2423 752 2486 valeam
770 2419 939 2485 scribsisse’
962 2443 1049 2485 nemo
1069 2423 1154 2506 dicit,
1177 2424 1228 2486 sed
1247 2429 1273 2487 si
1291 2427 1402 2488 valeam

104 2513 250 2595 scribere,
278 2523 308 2575 et
335 2518 496 2575 meminere
524 2533 584 2575 non
613 2515 782 2575 meminisse
809 2516 863 2586 (aa.
885 2514 952 2588 38).
997 2513 1109 2596 Insani,
1135 2517 1235 2594 magni
1258 2518 1311 2588 (ib.
1335 2518 1402 2593 13),

103 2606 182 2664 sicut
204 2597 379 2663 ‘insanam
402 2599 532 2665 ratem'
556 2604 665 2679 (Vere.
689 2604 724 2664 A.
750 2604 914 2677 111443).

62 2709 90 2750 ss
192 2692 377 2772 Depositum,
410 2691 685 2753 conmendationem
712 2691 849 2753 Lucanus
876 2694 1000 2765 (Ptars.
1029 2693 1067 2753 II
1095 2692 1151 2765 72)
1181 2688 1401 2772 ‘depositum

104 2776 273 2842 tortuna'.
319 2781 474 2860 Legibus
497 2783 587 2863 aevi,
610 2781 690 2842 latali
713 2783 827 2842 ratione
851 2780 988 2842 Lucanus
1011 2783 1065 2853 (io.
1087 2782 1153 2853 82).

191 2869 294 2931 Latine
323 2870 454 2944 Camilla,
482 2888 587 2950 graece
616 2865 800 2951 σύμμυστις
827 2870 936 2946 (Vere.
964 2870 1030 2932 tue.
1057 2871 1112 2946 8,7
1116 2871 1159 2944 7).
1210 2871 1402 2935 decusatims

101 2959 223 3040 pluralis
242 2963 272 3020 in
292 2978 323 3020 as
342 2961 444 3021 exiens
463 2978 581 3040 semper
598 2959 705 3039 longus
723 2967 782 3020 est:
799 2959 956 3040 verbenas,
975 2976 1074 3020 rorem
1093 2962 1240 3021 marinum
1260 2963 1312 3033 (fb.
1334 2962 1401 3037 65).

102 3048 238 3130 Pellenit,
262 3051 400 3110 evocarit.
447 3049 528 3110 lnter
550 3048 671 3111 undum
694 3056 725 3110 et
747 3047 880 3109 umidum
904 3048 961 3109 hoc
983 3050 1122 3110 interest:
1151 3051 1257 3111 uiidm
1280 3055 1401 3132 estqui

62 3140 282 3199 aointrinsecus
305 3137 394 3199 babet
416 3157 550 3219 umores,
573 3137 692 3199 umidus
715 3138 767 3217 qul
789 3156 806 3198 a
829 3138 915 3217 loris,
947 3136 1025 3198 unde
1058 3140 1145 3199 etiam
1174 3157 1230 3199 uva
1259 3141 1336 3202 dicta
1364 3142 1401 3202 ab

102 3246 151 3308 eo,
173 3226 257 3306 ‘quod
286 3230 466 3289 intrinsecus
493 3227 601 3289 habeat
623 3245 757 3289 umorem
780 3229 870 3288 musti
893 3227 1004 3302 (Vere.
1026 3229 1094 3289 bue.
1117 3228 1238 3301 10,20).
1284 3228 1401 3312 Bianor,

102 3335 191 3395 quem
214 3314 286 3377 dicit
308 3316 454 3396 Vergilius
478 3320 508 3378 in
532 3316 674 3378 Bucolicis
698 3316 818 3392 (9,60),
842 3312 989 3396 ‘incipit
1011 3334 1185 3396 apparere
1208 3315 1401 3401 Bianoris’,

102 3404 203 3465 Ocnus
226 3405 392 3467 dicebatur:
420 3407 468 3467 hic
492 3408 570 3466 euim
594 3416 640 3466 est
667 3408 719 3485 qui
746 3404 878 3466 condidit
899 3406 1055 3466 Mantuam.
1101 3405 1202 3467 Gallus
1229 3415 1317 3487 poeta
1344 3409 1401 3470 luit

102 3497 244 3574 optimus:
275 3495 323 3556 hic
356 3498 527 3576 imperatori
556 3513 655 3556 comes
688 3496 744 3556 luit
771 3494 907 3575 Aegypti,
938 3502 1041 3574 postea
1073 3497 1179 3556 amavit
1210 3500 1400 3559 meretricem

61 3600 87 3639 ss
102 3583 247 3661 quandam
272 3587 390 3646 nomine
413 3584 616 3665 Cytheridem,
643 3602 732 3664 quam
755 3582 901 3663 Vergilius
924 3583 1066 3663 Lycorida
1094 3584 1180 3647 dicit·
1206 3585 1282 3647 banc
1310 3590 1399 3649 etiam

102 3671 173 3733 dicit
196 3672 343 3734 Volumnii
366 3675 519 3736 cuiusdam
543 3673 677 3735 libertam
702 3673 810 3748 (Vere
833 3675 900 3735 buc.
924 3674 990 3745 16).
1015 3667 1020 3756 Ι

190 3760 294 3823 Omnia
317 3772 436 3844 parent,
458 3766 488 3824 in
512 3762 650 3825 omnibus
673 3765 767 3842 ttgura
789 3771 892 3824 tumet
935 3762 1067 3824 incultus
1090 3753 1286 3838 ἆπολιτικός.
1328 3766 1399 3827 Pro-

102 3851 192 3931 lecto,
216 3854 279 3912 sine
303 3851 401 3913 dubio.
448 3853 604 3915 Aemilium
628 3852 743 3933 ludum,
767 3851 864 3913 locum
888 3852 960 3912 dicit
983 3854 1071 3924 (Her.
1094 3873 1122 3914 a
1143 3873 1173 3930 p.
1192 3855 1257 3927 32).
1303 3854 1399 3937 Hunc,

100 3940 323 4103 pyyic5yy‘yoilem
347 3945 400 4015 (ib.
423 3945 489 4017 35).
535 3942 647 4023 Venus,
675 3950 814 4002 venustas
842 3944 896 4013 (tt.
920 3942 986 4014 42).
1034 3941 1194 4024 cinctutis,
1221 3943 1398 4005 militaribus

59 4047 86 4085 ao
116 4048 153 4089 ι.
238 4078 244 4090 .

188 4284 349 4339 3uultures
372 4300 441 4338 corr.
464 4282 583 4338 culturis
601 4283 628 4336 Β
709 4281 888 4353 5Berenice]
911 4299 1065 4351 uenenyees
1082 4284 1111 4337 Β
1192 4281 1353 4351 abernycis
1370 4283 1399 4336 Β

155 4371 185 4418 11
207 4365 274 4418 moli
297 4383 313 4418 o
336 4363 426 4418 malus
447 4364 475 4415 Β
557 4370 590 4417 13
609 4364 780 4419 consuetudo
801 4382 818 4419 o
842 4366 974 4418 consueto
992 4363 1021 4417 Β
1107 4370 1139 4419 14
1158 4363 1330 4418 deformato
1353 4363 1398 4418 de

99 4445 201 4501 formet
218 4445 246 4498 Β
320 4451 351 4519 lo
371 4462 471 4513 grypes
488 4445 516 4496 Β
589 4450 621 4499 16
640 4444 784 4514 pinnatam
802 4461 871 4500 corr,
890 4443 1028 4514 primates
1046 4445 1073 4498 Β
1147 4450 1179 4498 19
1198 4442 1309 4513 tanton]
1329 4443 1398 4497 Inte.

101 4526 202 4581 Pharo.
223 4527 264 4578 II
281 4531 318 4579 60
336 4527 451 4578 tantone
474 4540 608 4578 novorum
626 4525 766 4579 Proventu
788 4524 924 4579 scelerum
942 4527 1094 4593 quaerunt,
1120 4526 1182 4578 nter
1199 4523 1319 4592 imperet
1336 4524 1398 4578 urbi

171 4611 205 4659 28
224 4605 268 4676 as]
287 4606 338 4658 hes
357 4604 384 4657 Β
465 4621 601 4659 ueruenas
619 4605 646 4658 Β
717 4612 751 4660 29
770 4602 898 4676 pellexit]
918 4602 992 4657 Sero.
1011 4605 1041 4657 iu
1068 4603 1145 4672 Verp·
1164 4603 1223 4659 buc.
1242 4609 1307 4669 839
1325 4602 1398 4659 unde

100 4683 184 4739 estin
200 4685 250 4738 xil
264 4685 369 4739 tabulis
385 4685 466 4740 ‘neve
486 4684 606 4739 alienam
624 4687 748 4755 segetem
766 4684 925 4754 pellexeris’
999 4683 1129 4738 enecabit
1146 4683 1174 4736 Β
1246 4690 1280 4738 30
1294 4681 1398 4740 intren-

100 4781 179 4819 secus
202 4770 314 4834 utrogue
332 4766 389 4820 loeo
408 4764 435 4817 Β
510 4762 618 4819 efores
635 4764 663 4818 Β
739 4772 772 4819 31
792 4763 891 4819 ninum
907 4765 935 4819 Β
1007 4770 1040 4818 32
1059 4762 1169 4819 uiancri
1186 4762 1214 4815 B
1298 4769 1334 4818 34
1352 4762 1398 4818 hic

100 4843 261 4914 imperatori
278 4862 295 4900 o
313 4845 356 4900 his
373 4844 541 4915 imperatore
558 4845 586 4898 Β
658 4849 693 4899 36
711 4843 854 4914 cytheride
872 4843 901 4897 Β
970 4851 1006 4900 36
1024 4844 1130 4901 nolnmi
1148 4843 1177 4897 Β
