3316 5474
239 366 305 430 526
676 364 863 437 [CORNELII
884 364 1109 437 FRON'I'ONIS]

239 478 261 515 p.
274 466 336 508 9199.
350 467 403 507 9199
417 466 441 506 9.

327 550 519 612 altitudinem
546 560 577 612 et
603 551 775 611 alimentum
803 560 834 611 ct
861 549 1035 611 alimoniam.
1088 549 1211 612 altitudo
1245 553 1498 615 incrementum
1530 561 1575 613 est

240 660 387 738 corporis,
410 658 582 718 alimentum
605 659 823 719 incrementum
846 659 980 738 infantis,
1003 657 1141 718 alimonia
1164 676 1274 718 nomen
1296 658 1522 723 derivativum
1538 659 1575 721 ab

240 764 336 826 alendi
360 766 405 825 via
428 764 513 843 qua'si
536 764 679 844 particula
702 766 800 825 animi.

327 872 455 951 Aequale
483 881 514 932 et
541 870 701 950 aequabile.
753 870 883 950 aequalis
910 870 1032 931 alterius
1059 879 1190 932 staturae
1217 888 1273 950 par
1305 881 1373 955 est,
1407 874 1574 955 aequabile

239 978 318 1058 quod
341 981 462 1059 aequari
486 984 593 1058 potest.
1594 996 1606 1035 1

327 1084 456 1146 luscium
476 1093 506 1146 et
524 1086 667 1145 nescium.
710 1086 822 1145 inscius
845 1084 955 1164 aliquid
978 1087 1087 1166 nescit,
1110 1087 1230 1146 nescius
1253 1085 1332 1146 nihil
1358 1090 1473 1150 novit:
1496 1089 1573 1151 alter

239 1195 268 1252 in
292 1200 376 1273 parte
401 1198 494 1273 errat,
517 1191 591 1252 alter
614 1194 643 1251 in
668 1199 738 1252 toto.

328 1298 457 1359 Claciem
480 1307 511 1359 et
533 1300 638 1358 nivem.
684 1298 793 1377 glacies
816 1307 863 1359 est
885 1316 960 1378 quae
984 1317 1020 1359 ex
1048 1301 1127 1360 coitu
1156 1317 1249 1378 aquae
1278 1311 1490 1389 consingnat,
1519 1308 1569 1367 nix

239 1404 406 1466 ventorum
419 1407 478 1466 ritu
502 1404 588 1465 cadit,

328 1510 517 1572 Contrarium
536 1520 566 1571 et
586 1511 794 1572 adversarium.
841 1513 1024 1573 contrarium
1047 1514 1211 1594 negotium,
1234 1513 1439 1578 adversarius
1464 1517 1601 1579 11911199

279 1613 284 1623 '
328 1617 442 1679 Callum
467 1626 497 1679 et
519 1617 671 1678 Gallicum.
718 1617 817 1679 Gallus
841 1621 974 1700 natione,
996 1619 1125 1681 Gallicus
1148 1638 1184 1679 ex
1207 1619 1308 1680 Callia.

328 1726 443 1786 Acrrere
467 1733 497 1784 et
520 1742 665 1785 exacuere
687 1727 906 1804 praepositione
930 1725 1161 1805 distinguuntur.

328 1832 477 1892 incertum
511 1841 541 1891 et
573 1830 705 1891 dubium.
751 1833 899 1891 incertum
927 1850 982 1893 nec
1011 1842 1128 1913 tempus
1155 1852 1211 1894 nec
1240 1852 1407 1898 numerum
1439 1843 1561 1921 recipit,

240 1938 362 1999 dubium
386 1957 402 1997 a
426 1937 542 1998 duobus
565 1939 677 2015 incipit.

328 2042 486 2105 Ambulare
520 2051 550 2102 et
581 2041 772 2102 inambulare.
825 2042 975 2104 ambulare
1008 2046 1155 2124 incipiunt
1186 2048 1329 2130 infantes,
1363 2052 1558 2115 inambulant
1570 2070 1593 2107 1⁵

240 2150 382 2211 immines.

329 2256 471 2317 blodulari
505 2265 535 2316 et
566 2255 721 2317 moderari.
777 2256 921 2317 modulari
953 2267 1000 2318 est
1035 2278 1154 2321 carmen
1187 2280 1203 2317 a
1237 2262 1388 2324 moderari
1429 2266 1554 2327 modum

240 2368 402 2446 imponere.

328 2471 488 2532 Barbarum
511 2470 691 2531 locutionem
715 2480 745 2531 et
767 2471 980 2533 barbarismon.
1026 2473 1149 2535 barbara
1175 2473 1285 2535 locutio
1309 2481 1435 2558 proprie
1464 2499 1551 2560 pere·

240 2581 323 2659 grina
346 2588 406 2661 est,
429 2577 626 2639 barbarismos
650 2579 683 2637 fit
706 2580 793 2639 etiam
817 2580 847 2639 iu
871 2579 953 2639 latini
977 2584 1123 2641 sermonis
1146 2581 1305 2642 locutione.
1563 2602 1589 2641 so

329 2686 441 2746 Cadere
465 2694 495 2745 et
517 2685 662 2745 decidere.
710 2684 788 2745 cadit
811 2687 898 2746 etiam
922 2688 952 2745 in
976 2685 1077 2766 plano,
1100 2686 1210 2748 decidit
1233 2707 1268 2747 ex
1293 2688 1360 2750 alto.

329 2792 501 2853 Subsidium
525 2801 555 2852 et
578 2793 758 2870 praesidium
788 2801 818 2851 et
845 2792 994 2853 auxilium.
1041 2792 1206 2854 subsidium
1235 2795 1313 2874 quod
1342 2797 1450 2859 subest
1478 2800 1550 2862 deli·

240 2897 401 2978 cientibus,
421 2896 426 2972 l
446 2899 625 2978 praesidium
645 2901 821 2980 imponitur,
844 2899 984 2960 araxilium
1008 2903 1197 2979 repentinum
1221 2910 1274 2962 est
1312 2905 1352 2963 ita
1377 2904 1550 2968 subsidium

242 3007 277 3066 ad
302 3004 448 3066 secundos
472 3022 558 3064 casus
581 3015 790 3085 praeparatur,
813 3005 992 3085 praesidium
1017 3005 1052 3064 ad
1077 3007 1240 3068 custodiam
1264 3009 1443 3092 collocatur,
1465 3016 1550 3074 auxi·

243 3112 314 3172 lium
337 3120 371 3170 ut
393 3112 489 3189 prosit
512 3129 547 3170 ex
571 3113 721 3190 insperato
746 3113 833 3171 venit.
1556 3134 1588 3173 99

330 3216 500 3278 [listralrere
524 3229 554 3279 et
577 3218 719 3279 diducere
743 3229 773 3279 et
796 3217 943 3278 divellere.
989 3219 1155 3281 distrahere
1180 3241 1195 3280 a
1220 3221 1376 3297 trahendo,
1402 3223 1550 3287 diducere

241 3345 257 3386 a
280 3325 430 3407 ducendo,
453 3326 592 3387 divellere
615 3344 631 3384 a
655 3325 797 3402 vellendo..

241 3505 451 3513 ——--

330 3605 346 3651 4
365 3596 490 3665 Aequale
504 3597 582 3650 Beda
596 3601 707 3663 adamo·
781 3600 813 3650 10
828 3596 904 3648 19191
918 3594 1107 3650 adversarium
1122 3596 1342 3652 9199911911991.
1366 3599 1550 3660 adversarius

242 3678 335 3732 animo
359 3679 416 3744 est,
440 3676 593 3730 contrarius
617 3676 681 3731 loco
700 3679 728 3745 (i.
747 3676 852 3743 locum)
870 3674 1009 3745 significat
1026 3677 1084 3731 cod.
1105 3677 1195 3732 111991.
1283 3682 1314 3729 11
1336 3677 1412 3733 111191
1432 3681 1551 3740 Gallum

241 3759 271 3811 91
288 3756 421 3826 gallicum
441 3759 470 3810 91
487 3757 677 3825 gallicanum.
694 3757 806 3811 Gallum
825 3754 942 3809 dicimus
960 3755 1103 3809 hominem
1121 3755 1151 3809 in
1170 3756 1263 3812 Gallia
1279 3758 1391 3826 natum,
1409 3762 1551 3831 gallicum

241 3837 316 3906 quod
331 3854 364 3891 ex
378 3836 472 3891 Gallia
484 3841 582 3892 natum
597 3841 675 3908 (corr.
690 3839 791 3905 latum)
811 3840 867 3904 est,
885 3836 1056 3905 gallicanum
1074 3855 1179 3892 morem
1198 3836 1315 3892 dicimus
1334 3841 1381 3894 vel
1398 3843 1553 3913 negotium

241 3918 299 3971 cod.
320 3917 410 3970 Mmtt.
483 3923 514 3969 m
537 3915 640 3971 Cadere
658 3918 739 3970 Beda
757 3921 861 3982 267‚13

242 4067 293 4074 0-

332 4147 537 4205 lAlitudinem
565 4154 589 4202 et
616 4150 714 4204 1191999
738 4148 846 4203 alitudo
870 4166 886 4207 ς
976 4156 992 4203 ‘t
1015 4148 1148 4204 alimonis
1172 4149 1359 4204 deriuatiuum
1382 4152 1418 4206 sb
1443 4155 1552 4214 alendo

242 4229 321 4299 qnasi
339 4227 479 4298 particule
498 4228 584 4282 animi
602 4246 619 4287 ς
638 4273 644 4284 .
662 4232 779 4297 sonasse
802 4229 838 4284 ab
860 4228 955 4285 alendi
976 4228 1005 4282 vi
1028 4229 1072 4282 rel
1095 4229 1174 4297 quasi
1197 4229 1336 4298 particula
1359 4232 1448 4287 animi
1535 4222 1553 4295 '4

243 4313 287 4365 est
304 4326 354 4364 orn.
375 4324 390 4365 ς
464 4316 497 4362 10
516 4309 691 4364 Contrarium
710 4343 744 4351 —
764 4312 847 4379 honio
866 4328 882 4369 ς
902 4309 1077 4366 Contrarium
1095 4309 1125 4362 91
1143 4308 1332 4363 adversarium
1351 4310 1437 4368 bomo
1458 4357 1465 4370 .
1486 4360 1492 4371 ,
1517 4364 1523 4374 ,
1546 4365 1552 4376 ,

242 4388 337 4459 negoti
356 4431 362 4441 .
383 4431 388 4441 .
410 4432 415 4442 .
431 4390 481 4445 N.
496 4391 603 4458 reliqua
616 4392 647 4444 in
661 4393 761 4446 detrita
779 4392 880 4445 codicis
897 4392 1037 4459 scriptura
1049 4405 1106 4442 oon
1120 4395 1312 4457 disparuerunt
1383 4398 1414 4445 11
1432 4393 1554 4455 Gallum

243 4501 276 4510 -
291 4468 384 4523 Gallia
397 4484 413 4526 ς
428 4470 540 4524 Gallmn
555 4472 584 4523 91
597 4471 728 4537 gallicum
744 4476 749 4536 1
767 4513 862 4528 .....
877 4470 1010 4539 gallicum
1023 4468 1116 4537 gallus
1136 4469 1248 4524 natione
1261 4469 1384 4538 ‚gallicus
1403 4474 1477 4541 galli
1498 4519 1505 4531 .
1522 4522 1529 4534 .
1547 4526 1554 4539 ,

243 4547 298 4600 N.
319 4547 431 4602 Cabum
451 4553 480 4605 et
497 4549 631 4620 gallicum
650 4553 691 4605 bis
708 4554 812 4620 scripta
830 4567 883 4605 esse
903 4552 1027 4604 ridentur
1046 4552 1078 4604 in
1096 4551 1186 4605 codice
1260 4557 1291 4603 12
1309 4550 1507 4623 distinguntur
1521 4562 1558 4615 N

280 4634 312 4680 17
332 4630 470 4684 modulari
488 4634 532 4685 est
549 4630 679 4686 carminis
697 4632 794 4685 modos
814 4630 904 4686 iacere
923 4629 1075 4685 Fabricios
1094 4676 1099 4685 .
1119 4632 1235 4698 sortnese
1258 4630 1395 4686 modulari
1418 4638 1466 4690 est
1490 4655 1554 4695 ear.

242 4752 327 4819 minis
393 4755 533 4808 moderari
546 4757 590 4808 est
603 4755 716 4810 modum
730 4756 904 4824 imponeres
971 4763 1005 4810 20
1021 4721 1205 4811 barbarismds
1219 4757 1252 4809 lit
1264 4757 1298 4810 N
1361 4763 1395 4810 26
1407 4758 1555 4822 deducere

238 4832 335 4901 priore
352 4831 409 4885 loco
426 4832 469 4897 N,
488 4839 635 4902 91999999
