<?xml version="1.0" encoding="UTF-8"?>
<!DOCTYPE html PUBLIC "-//W3C//DTD XHTML 1.0 Transitional//EN"
    "http://www.w3.org/TR/xhtml1/DTD/xhtml1-transitional.dtd">
<html xmlns="http://www.w3.org/1999/xhtml" xml:lang="en" lang="en">
 <head>
  <title>
</title>
<meta http-equiv="Content-Type" content="text/html;charset=utf-8" />
  <meta name='ocr-system' content='tesseract 3.04.00' />
  <meta name='ocr-capabilities' content='ocr_page ocr_carea ocr_par ocr_line ocrx_word'/>
</head>
<body>
  <div class='ocr_page' id='page_1' title='image "./grammaticilatin00keilgoog_0241.png"; bbox 0 0 3316 5474; ppageno 0'>
   <div class='ocr_carea' id='block_1_1' title="bbox 206 353 919 418">
    <p class='ocr_par' dir='ltr' id='par_1_1' title="bbox 206 353 919 418">
     <span class='ocr_line' id='line_1_1' title="bbox 206 353 919 418; baseline -0.011 -2"><span class='ocrx_word' id='word_1_1' title='bbox 206 353 271 418; x_wconf 87' lang='grc'>222</span> <span class='ocrx_word' id='word_1_2' title='bbox 797 356 919 410; x_wconf 78' lang='lat' dir='ltr'>BEDAE</span> 
     </span>
    </p>
   </div>
   <div class='ocr_carea' id='block_1_2' title="bbox 295 536 1508 619">
    <p class='ocr_par' dir='ltr' id='par_1_2' title="bbox 295 536 1508 619">
     <span class='ocr_line' id='line_1_2' title="bbox 295 536 1508 619; baseline 0.002 -23"><span class='ocrx_word' id='word_1_3' title='bbox 295 536 394 598; x_wconf 85' lang='lat' dir='ltr'><strong>Libri</strong></span> <span class='ocrx_word' id='word_1_4' title='bbox 417 537 458 597; x_wconf 93' lang='lat' dir='ltr'>de</span> <span class='ocrx_word' id='word_1_5' title='bbox 482 537 741 618; x_wconf 73' lang='lat' dir='ltr'><strong>orthographia</strong></span> <span class='ocrx_word' id='word_1_6' title='bbox 764 547 905 619; x_wconf 90' lang='lat' dir='ltr'>quattuor</span> <span class='ocrx_word' id='word_1_7' title='bbox 928 539 987 600; x_wconf 87' lang='lat' dir='ltr'>ridi</span> <span class='ocrx_word' id='word_1_8' title='bbox 1011 539 1128 600; x_wconf 88' lang='lat' dir='ltr'>codices</span> <span class='ocrx_word' id='word_1_9' title='bbox 1153 558 1239 601; x_wconf 91' lang='lat' dir='ltr'>manu</span> <span class='ocrx_word' id='word_1_10' title='bbox 1264 542 1405 619; x_wconf 88' lang='lat' dir='ltr'>scriptos,</span> <span class='ocrx_word' id='word_1_11' title='bbox 1427 539 1508 599; x_wconf 91' lang='lat' dir='ltr'>Pari·</span> 
     </span>
    </p>
   </div>
   <div class='ocr_carea' id='block_1_3' title="bbox 204 641 1511 4454">
    <p class='ocr_par' dir='ltr' id='par_1_3' title="bbox 204 641 1511 3385">
     <span class='ocr_line' id='line_1_3' title="bbox 207 641 1508 727; baseline 0 -22"><span class='ocrx_word' id='word_1_12' title='bbox 207 647 305 706; x_wconf 91' lang='lat' dir='ltr'>sinum</span> <span class='ocrx_word' id='word_1_13' title='bbox 330 641 429 725; x_wconf 78' lang='lat'>7530,</span> <span class='ocrx_word' id='word_1_14' title='bbox 456 644 748 722; x_wconf 79' lang='lat' dir='ltr'>Montepessubnum</span> <span class='ocrx_word' id='word_1_15' title='bbox 776 644 855 727; x_wconf 85' lang='grc'><strong>306,</strong></span> <span class='ocrx_word' id='word_1_16' title='bbox 884 646 1059 707; x_wconf 84' lang='lat' dir='ltr'>Leidensem</span> <span class='ocrx_word' id='word_1_17' title='bbox 1085 644 1161 720; x_wconf 87' lang='grc'>122,</span> <span class='ocrx_word' id='word_1_18' title='bbox 1191 646 1411 725; x_wconf 80' lang='lat' dir='ltr'>sangallensem</span> <span class='ocrx_word' id='word_1_19' title='bbox 1435 642 1508 706; x_wconf 89' lang='grc'>249.</span> 
     </span>
     <span class='ocr_line' id='line_1_4' title="bbox 206 749 1509 835; baseline 0 -24"><span class='ocrx_word' id='word_1_20' title='bbox 206 769 333 829; x_wconf 90' lang='lat' dir='ltr'>quorum</span> <span class='ocrx_word' id='word_1_21' title='bbox 357 752 581 830; x_wconf 89' lang='lat' dir='ltr'>antiquissimus</span> <span class='ocrx_word' id='word_1_22' title='bbox 605 760 651 811; x_wconf 90' lang='lat' dir='ltr'>est</span> <span class='ocrx_word' id='word_1_23' title='bbox 668 752 859 813; x_wconf 81' lang='lat' dir='ltr'>Parisinus</span> <span class='ocrx_word' id='word_1_24' title='bbox 879 749 966 814; x_wconf 78' lang='lat'>7530</span> <span class='ocrx_word' id='word_1_25' title='bbox 989 760 1092 813; x_wconf 81' lang='lat' dir='ltr'>octauo</span> <span class='ocrx_word' id='word_1_26' title='bbox 1111 751 1229 813; x_wconf 90' lang='lat' dir='ltr'>saeculo</span> <span class='ocrx_word' id='word_1_27' title='bbox 1253 754 1396 835; x_wconf 88' lang='lat' dir='ltr'>scriptus,</span> <span class='ocrx_word' id='word_1_28' title='bbox 1420 770 1509 831; x_wconf 90' lang='lat' dir='ltr'>quem</span> 
     </span>
     <span class='ocr_line' id='line_1_5' title="bbox 206 842 1508 937; baseline 0.001 -20"><span class='ocrx_word' id='word_1_29' title='bbox 206 857 351 937; x_wconf 82' lang='lat' dir='ltr'>descripsi</span> <span class='ocrx_word' id='word_1_30' title='bbox 370 876 491 937; x_wconf 91' lang='lat' dir='ltr'>gramm.</span> <span class='ocrx_word' id='word_1_31' title='bbox 506 857 554 918; x_wconf 89' lang='lat' dir='ltr'>lat.</span> <span class='ocrx_word' id='word_1_32' title='bbox 569 876 594 918; x_wconf 88' lang='lat' dir='ltr'>r.</span> <span class='ocrx_word' id='word_1_33' title='bbox 609 856 646 916; x_wconf 89' lang='lat' dir='ltr'>iV</span> <span class='ocrx_word' id='word_1_34' title='bbox 660 878 688 937; x_wconf 88' lang='lat' dir='ltr'>p.</span> <span class='ocrx_word' id='word_1_35' title='bbox 703 842 776 919; x_wconf 78' lang='lat' dir='ltr'>XLL</span> <span class='ocrx_word' id='word_1_36' title='bbox 812 858 909 920; x_wconf 87' lang='lat' dir='ltr'>Bedae</span> <span class='ocrx_word' id='word_1_37' title='bbox 928 858 1005 920; x_wconf 88' lang='lat' dir='ltr'>iiber</span> <span class='ocrx_word' id='word_1_38' title='bbox 1023 859 1131 937; x_wconf 88' lang='lat' dir='ltr'>legitur</span> <span class='ocrx_word' id='word_1_39' title='bbox 1150 861 1179 918; x_wconf 92' lang='lat' dir='ltr'>in</span> <span class='ocrx_word' id='word_1_40' title='bbox 1200 877 1235 918; x_wconf 90' lang='lat' dir='ltr'>eo</span> <span class='ocrx_word' id='word_1_41' title='bbox 1255 859 1274 918; x_wconf 84' lang='lat' dir='ltr'>i.</span> <span class='ocrx_word' id='word_1_42' title='bbox 1289 855 1508 919; x_wconf 79' lang='lat'>290*—301*</span> 
     </span>
     <span class='ocr_line' id='line_1_6' title="bbox 206 960 1507 1048; baseline -0.001 -23"><span class='ocrx_word' id='word_1_43' title='bbox 206 969 296 1042; x_wconf 80' lang='lat' dir='ltr'>incip.</span> <span class='ocrx_word' id='word_1_44' title='bbox 316 968 432 1026; x_wconf 83' lang='lat' dir='ltr'>libellus</span> <span class='ocrx_word' id='word_1_45' title='bbox 451 967 520 1026; x_wconf 83' lang='lat' dir='ltr'>beta</span> <span class='ocrx_word' id='word_1_46' title='bbox 540 960 631 1046; x_wconf 83' lang='lat' dir='ltr'>(corr.</span> <span class='ocrx_word' id='word_1_47' title='bbox 646 964 681 1025; x_wconf 87' lang='lat' dir='ltr'>al.</span> <span class='ocrx_word' id='word_1_48' title='bbox 696 985 734 1026; x_wconf 91' lang='lat' dir='ltr'>m.</span> <span class='ocrx_word' id='word_1_49' title='bbox 750 960 838 1048; x_wconf 84' lang='lat' dir='ltr'>bede)</span> <span class='ocrx_word' id='word_1_50' title='bbox 854 968 1030 1043; x_wconf 81' lang='lat' dir='ltr'>presbyteri</span> <span class='ocrx_word' id='word_1_51' title='bbox 1047 969 1085 1026; x_wconf 84' lang='lat' dir='ltr'>de</span> <span class='ocrx_word' id='word_1_52' title='bbox 1098 965 1165 1026; x_wconf 74' lang='lat' dir='ltr'>orto</span> <span class='ocrx_word' id='word_1_53' title='bbox 1183 968 1208 1025; x_wconf 99' lang='lat' dir='ltr'><em>A</em></span> <span class='ocrx_word' id='word_1_54' title='bbox 1227 969 1329 1026; x_wconf 84' lang='lat' dir='ltr'>littero</span> <span class='ocrx_word' id='word_1_55' title='bbox 1348 998 1385 1008; x_wconf 92' lang='lat'>-</span> <span class='ocrx_word' id='word_1_56' title='bbox 1398 984 1507 1041; x_wconf 84' lang='lat' dir='ltr'>perue-</span> 
     </span>
     <span class='ocr_line' id='line_1_7' title="bbox 206 1066 1508 1154; baseline -0.002 -22"><span class='ocrx_word' id='word_1_57' title='bbox 206 1066 299 1154; x_wconf 83' lang='lat' dir='ltr'>nit*).</span> <span class='ocrx_word' id='word_1_58' title='bbox 337 1074 367 1132; x_wconf 92' lang='lat' dir='ltr'>in</span> <span class='ocrx_word' id='word_1_59' title='bbox 392 1071 493 1131; x_wconf 91' lang='lat' dir='ltr'>codice</span> <span class='ocrx_word' id='word_1_60' title='bbox 517 1071 839 1151; x_wconf 87' lang='lat' dir='ltr'>Mentepessulano</span> <span class='ocrx_word' id='word_1_61' title='bbox 863 1069 927 1133; x_wconf 89' lang='grc'>306</span> <span class='ocrx_word' id='word_1_62' title='bbox 951 1090 1027 1133; x_wconf 91' lang='lat' dir='ltr'>saec.</span> <span class='ocrx_word' id='word_1_63' title='bbox 1051 1071 1105 1152; x_wconf 78' lang='lat' dir='ltr'>IX,</span> <span class='ocrx_word' id='word_1_64' title='bbox 1133 1074 1219 1132; x_wconf 89' lang='lat' dir='ltr'>cuius</span> <span class='ocrx_word' id='word_1_65' title='bbox 1242 1091 1331 1152; x_wconf 91' lang='lat' dir='ltr'>supra</span> <span class='ocrx_word' id='word_1_66' title='bbox 1360 1091 1388 1151; x_wconf 91' lang='lat' dir='ltr'>p.</span> <span class='ocrx_word' id='word_1_67' title='bbox 1413 1068 1456 1133; x_wconf 87' lang='lat'>85</span> <span class='ocrx_word' id='word_1_68' title='bbox 1478 1073 1508 1131; x_wconf 92' lang='lat' dir='ltr'>in</span> 
     </span>
     <span class='ocr_line' id='line_1_8' title="bbox 207 1175 1508 1259; baseline -0.001 -20"><span class='ocrx_word' id='word_1_69' title='bbox 207 1180 294 1258; x_wconf 87' lang='lat' dir='ltr'>Capri</span> <span class='ocrx_word' id='word_1_70' title='bbox 322 1186 352 1238; x_wconf 92' lang='lat' dir='ltr'>et</span> <span class='ocrx_word' id='word_1_71' title='bbox 374 1179 511 1257; x_wconf 81' lang='lat' dir='ltr'>Agroecii</span> <span class='ocrx_word' id='word_1_72' title='bbox 537 1175 622 1238; x_wconf 83' lang='lat' dir='ltr'>libris</span> <span class='ocrx_word' id='word_1_73' title='bbox 651 1181 831 1239; x_wconf 84' lang='lat' dir='ltr'>mentionem</span> <span class='ocrx_word' id='word_1_74' title='bbox 860 1179 930 1259; x_wconf 84' lang='lat' dir='ltr'>feci,</span> <span class='ocrx_word' id='word_1_75' title='bbox 958 1178 1006 1238; x_wconf 92' lang='lat' dir='ltr'>hic</span> <span class='ocrx_word' id='word_1_76' title='bbox 1034 1177 1108 1238; x_wconf 88' lang='lat' dir='ltr'>liber</span> <span class='ocrx_word' id='word_1_77' title='bbox 1132 1181 1241 1239; x_wconf 92' lang='lat' dir='ltr'>omisso</span> <span class='ocrx_word' id='word_1_78' title='bbox 1264 1179 1361 1240; x_wconf 84' lang='lat' dir='ltr'>Bedae</span> <span class='ocrx_word' id='word_1_79' title='bbox 1390 1180 1508 1239; x_wconf 92' lang='lat' dir='ltr'>nomine</span> 
     </span>
     <span class='ocr_line' id='line_1_9' title="bbox 207 1280 1509 1364; baseline -0.002 -19"><span class='ocrx_word' id='word_1_80' title='bbox 207 1304 274 1345; x_wconf 90' lang='lat' dir='ltr'>cum</span> <span class='ocrx_word' id='word_1_81' title='bbox 298 1284 363 1345; x_wconf 86' lang='lat' dir='ltr'>aliis</span> <span class='ocrx_word' id='word_1_82' title='bbox 387 1283 423 1344; x_wconf 96' lang='lat' dir='ltr'>de</span> <span class='ocrx_word' id='word_1_83' title='bbox 443 1282 651 1363; x_wconf 81' lang='lat' dir='ltr'>orthographia</span> <span class='ocrx_word' id='word_1_84' title='bbox 675 1282 758 1343; x_wconf 89' lang='lat' dir='ltr'>iibris</span> <span class='ocrx_word' id='word_1_85' title='bbox 777 1285 908 1362; x_wconf 89' lang='lat' dir='ltr'>scriptus</span> <span class='ocrx_word' id='word_1_86' title='bbox 926 1291 973 1343; x_wconf 91' lang='lat' dir='ltr'>est</span> <span class='ocrx_word' id='word_1_87' title='bbox 995 1284 1050 1364; x_wconf 87' lang='lat' dir='ltr'>ita,</span> <span class='ocrx_word' id='word_1_88' title='bbox 1074 1284 1092 1344; x_wconf 84' lang='lat' dir='ltr'>i.</span> <span class='ocrx_word' id='word_1_89' title='bbox 1115 1280 1329 1346; x_wconf 66' lang='lat' dir='ltr'>tour-107*</span> <span class='ocrx_word' id='word_1_90' title='bbox 1355 1287 1406 1346; x_wconf 87' lang='lat' dir='ltr'>Me</span> <span class='ocrx_word' id='word_1_91' title='bbox 1428 1290 1509 1359; x_wconf 75' lang='lat' dir='ltr'>lepor</span> 
     </span>
     <span class='ocr_line' id='line_1_10' title="bbox 206 1385 1508 1469; baseline -0.001 -19"><span class='ocrx_word' id='word_1_92' title='bbox 206 1396 349 1467; x_wconf 80' lang='lat' dir='ltr'>antiquus·</span> <span class='ocrx_word' id='word_1_93' title='bbox 374 1424 413 1433; x_wconf 94' lang='lat'>—</span> <span class='ocrx_word' id='word_1_94' title='bbox 438 1393 560 1451; x_wconf 82' lang='lat' dir='ltr'>subbati</span> <span class='ocrx_word' id='word_1_95' title='bbox 586 1409 613 1469; x_wconf 88' lang='lat' dir='ltr'>p.</span> <span class='ocrx_word' id='word_1_96' title='bbox 637 1385 868 1450; x_wconf 75' lang='lat'><strong>2327-2350</strong></span> <span class='ocrx_word' id='word_1_97' title='bbox 890 1389 936 1469; x_wconf 87' lang='lat' dir='ltr'>P.·,</span> <span class='ocrx_word' id='word_1_98' title='bbox 964 1390 983 1450; x_wconf 88' lang='lat' dir='ltr'>i.</span> <span class='ocrx_word' id='word_1_99' title='bbox 1010 1386 1212 1451; x_wconf 82' lang='lat'>107*-109</span> <span class='ocrx_word' id='word_1_100' title='bbox 1242 1392 1287 1451; x_wconf 85' lang='lat' dir='ltr'>De</span> <span class='ocrx_word' id='word_1_101' title='bbox 1309 1394 1508 1466; x_wconf 80' lang='lat' dir='ltr'>ortoprupbin</span> 
     </span>
     <span class='ocr_line' id='line_1_11' title="bbox 211 1489 1511 1579; baseline -0.003 -20"><span class='ocrx_word' id='word_1_102' title='bbox 211 1499 417 1574; x_wconf 79' lang='lat' dir='ltr'>Ortoprupbr&#39;n</span> <span class='ocrx_word' id='word_1_103' title='bbox 442 1515 538 1572; x_wconf 79' lang='lat' dir='ltr'>prece</span> <span class='ocrx_word' id='word_1_104' title='bbox 564 1499 658 1556; x_wconf 79' lang='lat' dir='ltr'>lutino</span> <span class='ocrx_word' id='word_1_105' title='bbox 681 1502 768 1556; x_wconf 83' lang='lat' dir='ltr'>recte</span> <span class='ocrx_word' id='word_1_106' title='bbox 790 1498 947 1571; x_wconf 85' lang='lat' dir='ltr'>scriptura</span> <span class='ocrx_word' id='word_1_107' title='bbox 976 1489 1095 1576; x_wconf 82' lang='lat' dir='ltr'>(isidor.</span> <span class='ocrx_word' id='word_1_108' title='bbox 1119 1496 1144 1577; x_wconf 84' lang='lat'>1,</span> <span class='ocrx_word' id='word_1_109' title='bbox 1168 1492 1226 1579; x_wconf 87' lang='grc'>26)</span> <span class='ocrx_word' id='word_1_110' title='bbox 1258 1530 1295 1540; x_wconf 92' lang='lat'>-</span> <span class='ocrx_word' id='word_1_111' title='bbox 1322 1517 1380 1574; x_wconf 88' lang='lat' dir='ltr'>per</span> <span class='ocrx_word' id='word_1_112' title='bbox 1404 1517 1423 1556; x_wconf 85' lang='lat' dir='ltr'>n</span> <span class='ocrx_word' id='word_1_113' title='bbox 1447 1507 1475 1558; x_wconf 88' lang='lat' dir='ltr'>et</span> <span class='ocrx_word' id='word_1_114' title='bbox 1499 1501 1511 1555; x_wconf 83' lang='lat' dir='ltr'>i</span> 
     </span>
     <span class='ocr_line' id='line_1_12' title="bbox 206 1599 1508 1680; baseline -0.001 -15"><span class='ocrx_word' id='word_1_115' title='bbox 206 1608 400 1666; x_wconf 82' lang='lat' dir='ltr'>scribendam</span> <span class='ocrx_word' id='word_1_116' title='bbox 418 1611 474 1679; x_wconf 86' lang='lat' dir='ltr'>cst,</span> <span class='ocrx_word' id='word_1_117' title='bbox 499 1599 728 1663; x_wconf 83' lang='lat' dir='ltr'>t109*-116</span> <span class='ocrx_word' id='word_1_118' title='bbox 749 1606 862 1680; x_wconf 85' lang='lat' dir='ltr'>incipit</span> <span class='ocrx_word' id='word_1_119' title='bbox 875 1605 953 1663; x_wconf 84' lang='lat' dir='ltr'>tiber</span> <span class='ocrx_word' id='word_1_120' title='bbox 972 1605 1010 1663; x_wconf 85' lang='lat' dir='ltr'>de</span> <span class='ocrx_word' id='word_1_121' title='bbox 1028 1607 1230 1680; x_wconf 75' lang='lat' dir='ltr'>ortoprnpbr&#39;a</span> <span class='ocrx_word' id='word_1_122' title='bbox 1250 1606 1275 1663; x_wconf 99' lang='lat' dir='ltr'><em>A</em></span> <span class='ocrx_word' id='word_1_123' title='bbox 1294 1609 1396 1666; x_wconf 82' lang='lat' dir='ltr'>littera</span> <span class='ocrx_word' id='word_1_124' title='bbox 1419 1609 1508 1665; x_wconf 81' lang='lat' dir='ltr'>etiarn</span> 
     </span>
     <span class='ocr_line' id='line_1_13' title="bbox 206 1707 1508 1788; baseline 0 -16"><span class='ocrx_word' id='word_1_125' title='bbox 206 1720 277 1772; x_wconf 73' lang='lat' dir='ltr'>croto</span> <span class='ocrx_word' id='word_1_126' title='bbox 296 1746 338 1753; x_wconf 93' lang='lat'>—</span> <span class='ocrx_word' id='word_1_127' title='bbox 357 1729 456 1772; x_wconf 83' lang='lat' dir='ltr'>sermo</span> <span class='ocrx_word' id='word_1_128' title='bbox 475 1713 626 1787; x_wconf 82' lang='lat' dir='ltr'>peruenit.</span> <span class='ocrx_word' id='word_1_129' title='bbox 664 1709 796 1768; x_wconf 86' lang='lat' dir='ltr'>codicem</span> <span class='ocrx_word' id='word_1_130' title='bbox 816 1707 1027 1769; x_wconf 90' lang='lat' dir='ltr'>Leidensem</span> <span class='ocrx_word' id='word_1_131' title='bbox 1052 1708 1120 1769; x_wconf 88' lang='lat' dir='ltr'>bibl.</span> <span class='ocrx_word' id='word_1_132' title='bbox 1140 1709 1219 1788; x_wconf 87' lang='lat' dir='ltr'>publ.</span> <span class='ocrx_word' id='word_1_133' title='bbox 1242 1708 1304 1771; x_wconf 89' lang='grc'>122</span> <span class='ocrx_word' id='word_1_134' title='bbox 1328 1720 1390 1771; x_wconf 89' lang='lat' dir='ltr'>tres</span> <span class='ocrx_word' id='word_1_135' title='bbox 1414 1711 1508 1772; x_wconf 90' lang='lat' dir='ltr'>Bedae</span> 
     </span>
     <span class='ocr_line' id='line_1_14' title="bbox 205 1814 1508 1894; baseline 0.001 -18"><span class='ocrx_word' id='word_1_136' title='bbox 205 1817 297 1877; x_wconf 89' lang='lat' dir='ltr'>libros</span> <span class='ocrx_word' id='word_1_137' title='bbox 317 1820 519 1878; x_wconf 88' lang='lat' dir='ltr'>continentem</span> <span class='ocrx_word' id='word_1_138' title='bbox 538 1815 625 1877; x_wconf 92' lang='lat' dir='ltr'>modo</span> <span class='ocrx_word' id='word_1_139' title='bbox 645 1817 880 1876; x_wconf 85' lang='lat' dir='ltr'>commemorari.</span> <span class='ocrx_word' id='word_1_140' title='bbox 914 1814 1006 1876; x_wconf 84' lang='lat' dir='ltr'>codex</span> <span class='ocrx_word' id='word_1_141' title='bbox 1028 1815 1277 1894; x_wconf 78' lang='lat' dir='ltr'>sangallensis</span> <span class='ocrx_word' id='word_1_142' title='bbox 1297 1814 1361 1877; x_wconf 90' lang='grc'>249</span> <span class='ocrx_word' id='word_1_143' title='bbox 1384 1838 1418 1876; x_wconf 86' lang='lat' dir='ltr'>cx</span> <span class='ocrx_word' id='word_1_144' title='bbox 1439 1819 1508 1877; x_wconf 91' lang='lat' dir='ltr'>dua-</span> 
     </span>
     <span class='ocr_line' id='line_1_15' title="bbox 207 1921 1509 2002; baseline 0 -20"><span class='ocrx_word' id='word_1_145' title='bbox 207 1922 262 1982; x_wconf 92' lang='lat' dir='ltr'>bus</span> <span class='ocrx_word' id='word_1_146' title='bbox 286 1921 422 2002; x_wconf 80' lang='lat' dir='ltr'>partibus</span> <span class='ocrx_word' id='word_1_147' title='bbox 441 1925 623 2002; x_wconf 91' lang='lat' dir='ltr'>compositus</span> <span class='ocrx_word' id='word_1_148' title='bbox 643 1931 703 1996; x_wconf 87' lang='lat' dir='ltr'>est,</span> <span class='ocrx_word' id='word_1_149' title='bbox 727 1940 853 2001; x_wconf 89' lang='lat' dir='ltr'>quarum</span> <span class='ocrx_word' id='word_1_150' title='bbox 877 1923 960 2000; x_wconf 88' lang='lat' dir='ltr'>prior</span> <span class='ocrx_word' id='word_1_151' title='bbox 979 1929 1095 2002; x_wconf 86' lang='lat' dir='ltr'>octavo,</span> <span class='ocrx_word' id='word_1_152' title='bbox 1118 1924 1266 2001; x_wconf 86' lang='lat' dir='ltr'>posterior</span> <span class='ocrx_word' id='word_1_153' title='bbox 1290 1942 1368 1983; x_wconf 90' lang='lat' dir='ltr'>nono</span> <span class='ocrx_word' id='word_1_154' title='bbox 1392 1924 1509 1984; x_wconf 86' lang='lat' dir='ltr'>saeculo</span> 
     </span>
     <span class='ocr_line' id='line_1_16' title="bbox 207 2023 1509 2111; baseline 0.003 -24"><span class='ocrx_word' id='word_1_155' title='bbox 207 2031 317 2108; x_wconf 88' lang='lat' dir='ltr'>scripta</span> <span class='ocrx_word' id='word_1_156' title='bbox 345 2049 411 2090; x_wconf 89' lang='lat' dir='ltr'>esse</span> <span class='ocrx_word' id='word_1_157' title='bbox 443 2030 553 2090; x_wconf 92' lang='lat' dir='ltr'>dicitur</span> <span class='ocrx_word' id='word_1_158' title='bbox 585 2030 616 2088; x_wconf 93' lang='lat' dir='ltr'>in</span> <span class='ocrx_word' id='word_1_159' title='bbox 647 2028 745 2088; x_wconf 89' lang='lat' dir='ltr'>indice</span> <span class='ocrx_word' id='word_1_160' title='bbox 780 2027 917 2088; x_wconf 89' lang='lat' dir='ltr'>codicum</span> <span class='ocrx_word' id='word_1_161' title='bbox 947 2027 1180 2107; x_wconf 84' lang='lat' dir='ltr'>Sangallensium</span> <span class='ocrx_word' id='word_1_162' title='bbox 1208 2023 1429 2111; x_wconf 79' lang='lat' dir='ltr'>(verzeichniss</span> <span class='ocrx_word' id='word_1_163' title='bbox 1456 2031 1509 2091; x_wconf 88' lang='lat' dir='ltr'>der</span> 
     </span>
     <span class='ocr_line' id='line_1_17' title="bbox 207 2127 1508 2221; baseline 0.002 -27"><span class='ocrx_word' id='word_1_164' title='bbox 207 2134 437 2195; x_wconf 87' lang='lat' dir='ltr'>Handscbriiten</span> <span class='ocrx_word' id='word_1_165' title='bbox 462 2135 515 2195; x_wconf 88' lang='lat' dir='ltr'>der</span> <span class='ocrx_word' id='word_1_166' title='bbox 540 2133 787 2195; x_wconf 85' lang='lat' dir='ltr'>Stiitsbibiiothek</span> <span class='ocrx_word' id='word_1_167' title='bbox 812 2153 868 2194; x_wconf 89' lang='lat' dir='ltr'>von</span> <span class='ocrx_word' id='word_1_168' title='bbox 892 2134 934 2195; x_wconf 91' lang='lat' dir='ltr'>St.</span> <span class='ocrx_word' id='word_1_169' title='bbox 958 2127 1075 2221; x_wconf 85' lang='lat' dir='ltr'>Gabeu)</span> <span class='ocrx_word' id='word_1_170' title='bbox 1104 2153 1131 2214; x_wconf 91' lang='lat' dir='ltr'>p.</span> <span class='ocrx_word' id='word_1_171' title='bbox 1155 2131 1207 2195; x_wconf 89' lang='grc'>92.</span> <span class='ocrx_word' id='word_1_172' title='bbox 1243 2138 1274 2196; x_wconf 92' lang='lat' dir='ltr'>in</span> <span class='ocrx_word' id='word_1_173' title='bbox 1302 2139 1402 2215; x_wconf 84' lang='lat' dir='ltr'>priore</span> <span class='ocrx_word' id='word_1_174' title='bbox 1425 2146 1508 2216; x_wconf 90' lang='lat' dir='ltr'>parte</span> 
     </span>
     <span class='ocr_line' id='line_1_18' title="bbox 207 2237 1508 2320; baseline 0.002 -20"><span class='ocrx_word' id='word_1_175' title='bbox 207 2240 301 2301; x_wconf 88' lang='lat' dir='ltr'>Bedae</span> <span class='ocrx_word' id='word_1_176' title='bbox 325 2240 400 2301; x_wconf 88' lang='lat' dir='ltr'>liber</span> <span class='ocrx_word' id='word_1_177' title='bbox 423 2243 552 2320; x_wconf 88' lang='lat' dir='ltr'>scriptus</span> <span class='ocrx_word' id='word_1_178' title='bbox 576 2249 622 2301; x_wconf 92' lang='lat' dir='ltr'>est</span> <span class='ocrx_word' id='word_1_179' title='bbox 644 2260 671 2319; x_wconf 93' lang='lat' dir='ltr'>p.</span> <span class='ocrx_word' id='word_1_180' title='bbox 695 2237 814 2320; x_wconf 84' lang='lat'>1-41‚</span> <span class='ocrx_word' id='word_1_181' title='bbox 838 2241 931 2301; x_wconf 86' lang='lat' dir='ltr'>Liber</span> <span class='ocrx_word' id='word_1_182' title='bbox 953 2241 1057 2301; x_wconf 79' lang='lat' dir='ltr'>Bedae</span> <span class='ocrx_word' id='word_1_183' title='bbox 1077 2240 1189 2316; x_wconf 78' lang='lat' dir='ltr'>famuli</span> <span class='ocrx_word' id='word_1_184' title='bbox 1214 2243 1327 2303; x_wconf 78' lang='lat' dir='ltr'>Christi</span> <span class='ocrx_word' id='word_1_185' title='bbox 1349 2246 1387 2304; x_wconf 84' lang='lat' dir='ltr'>de</span> <span class='ocrx_word' id='word_1_186' title='bbox 1409 2247 1508 2304; x_wconf 80' lang='lat' dir='ltr'>ortdo-</span> 
     </span>
     <span class='ocr_line' id='line_1_19' title="bbox 204 2347 1508 2427; baseline 0.003 -21"><span class='ocrx_word' id='word_1_187' title='bbox 204 2350 308 2421; x_wconf 81' lang='lat' dir='ltr'>prufin</span> <span class='ocrx_word' id='word_1_188' title='bbox 332 2350 358 2406; x_wconf 96' lang='lat' dir='ltr'><em>A</em></span> <span class='ocrx_word' id='word_1_189' title='bbox 381 2350 483 2409; x_wconf 84' lang='lat' dir='ltr'>littera</span> <span class='ocrx_word' id='word_1_190' title='bbox 502 2382 545 2390; x_wconf 91' lang='lat'><em>-</em></span> <span class='ocrx_word' id='word_1_191' title='bbox 566 2351 723 2424; x_wconf 84' lang='lat' dir='ltr'>peruenit:</span> <span class='ocrx_word' id='word_1_192' title='bbox 747 2356 913 2425; x_wconf 90' lang='lat' dir='ltr'>sequuntur</span> <span class='ocrx_word' id='word_1_193' title='bbox 933 2347 1020 2427; x_wconf 87' lang='lat' dir='ltr'>Capri</span> <span class='ocrx_word' id='word_1_194' title='bbox 1043 2357 1073 2409; x_wconf 91' lang='lat' dir='ltr'>et</span> <span class='ocrx_word' id='word_1_195' title='bbox 1093 2349 1229 2427; x_wconf 81' lang='lat' dir='ltr'>Agroecii</span> <span class='ocrx_word' id='word_1_196' title='bbox 1253 2349 1328 2411; x_wconf 88' lang='lat' dir='ltr'>iibri.</span> <span class='ocrx_word' id='word_1_197' title='bbox 1365 2351 1394 2410; x_wconf 91' lang='lat' dir='ltr'>in</span> <span class='ocrx_word' id='word_1_198' title='bbox 1418 2350 1508 2411; x_wconf 81' lang='lat' dir='ltr'>altera</span> 
     </span>
     <span class='ocr_line' id='line_1_20' title="bbox 206 2445 1509 2536; baseline 0.003 -23"><span class='ocrx_word' id='word_1_199' title='bbox 206 2462 289 2531; x_wconf 89' lang='lat' dir='ltr'>parte</span> <span class='ocrx_word' id='word_1_200' title='bbox 314 2445 674 2533; x_wconf 67' lang='lat' dir='ltr'>primum&#39;ortbcgraplria</span> <span class='ocrx_word' id='word_1_201' title='bbox 698 2452 794 2512; x_wconf 79' lang='lat' dir='ltr'>Albini</span> <span class='ocrx_word' id='word_1_202' title='bbox 819 2456 928 2534; x_wconf 90' lang='lat' dir='ltr'>scripta</span> <span class='ocrx_word' id='word_1_203' title='bbox 953 2462 998 2515; x_wconf 88' lang='lat' dir='ltr'>est</span> <span class='ocrx_word' id='word_1_204' title='bbox 1026 2473 1054 2533; x_wconf 94' lang='lat' dir='ltr'>p.</span> <span class='ocrx_word' id='word_1_205' title='bbox 1078 2451 1224 2536; x_wconf 81' lang='lat'><strong>62—91,</strong></span> <span class='ocrx_word' id='word_1_206' title='bbox 1252 2458 1401 2517; x_wconf 84' lang='lat' dir='ltr'>Aeternus</span> <span class='ocrx_word' id='word_1_207' title='bbox 1424 2466 1509 2517; x_wconf 83' lang='lat' dir='ltr'>netas</span> 
     </span>
     <span class='ocr_line' id='line_1_21' title="bbox 206 2541 1508 2638; baseline 0.002 -19"><span class='ocrx_word' id='word_1_208' title='bbox 206 2578 315 2620; x_wconf 78' lang='lat' dir='ltr'>uectum</span> <span class='ocrx_word' id='word_1_209' title='bbox 336 2579 394 2636; x_wconf 84' lang='lat' dir='ltr'>per</span> <span class='ocrx_word' id='word_1_210' title='bbox 418 2563 477 2621; x_wconf 81' lang='lat' dir='ltr'>duo</span> <span class='ocrx_word' id='word_1_211' title='bbox 501 2580 519 2620; x_wconf 86' lang='lat' dir='ltr'>u</span> <span class='ocrx_word' id='word_1_212' title='bbox 543 2593 579 2602; x_wconf 93' lang='lat'><em>-</em></span> <span class='ocrx_word' id='word_1_213' title='bbox 605 2562 729 2620; x_wconf 81' lang='lat' dir='ltr'>sabbati</span> <span class='ocrx_word' id='word_1_214' title='bbox 749 2541 837 2620; x_wconf 59' lang='lat' dir='ltr'><em>W</em></span> <span class='ocrx_word' id='word_1_215' title='bbox 851 2579 911 2636; x_wconf 84' lang='lat' dir='ltr'>per</span> <span class='ocrx_word' id='word_1_216' title='bbox 934 2561 968 2620; x_wconf 84' lang='lat' dir='ltr'>X</span> <span class='ocrx_word' id='word_1_217' title='bbox 988 2568 1017 2621; x_wconf 87' lang='lat' dir='ltr'>et</span> <span class='ocrx_word' id='word_1_218' title='bbox 1040 2560 1166 2621; x_wconf 76' lang='lat' dir='ltr'>ersmn</span> <span class='ocrx_word' id='word_1_219' title='bbox 1186 2566 1256 2636; x_wconf 80' lang='lat' dir='ltr'>finit</span> <span class='ocrx_word' id='word_1_220' title='bbox 1279 2581 1379 2638; x_wconf 83' lang='lat' dir='ltr'>umen,</span> <span class='ocrx_word' id='word_1_221' title='bbox 1402 2563 1508 2623; x_wconf 89' lang='lat' dir='ltr'>deiude</span> 
     </span>
     <span class='ocr_line' id='line_1_22' title="bbox 206 2666 1506 2748; baseline 0.002 -22"><span class='ocrx_word' id='word_1_222' title='bbox 206 2677 345 2746; x_wconf 83' lang='lat' dir='ltr'>excerpta</span> <span class='ocrx_word' id='word_1_223' title='bbox 364 2668 497 2727; x_wconf 83' lang='lat' dir='ltr'>Terentii</span> <span class='ocrx_word' id='word_1_224' title='bbox 518 2667 636 2748; x_wconf 82' lang='lat' dir='ltr'>Scauri,</span> <span class='ocrx_word' id='word_1_225' title='bbox 656 2668 691 2727; x_wconf 85' lang='lat' dir='ltr'>ci.</span> <span class='ocrx_word' id='word_1_226' title='bbox 708 2686 798 2746; x_wconf 90' lang='lat' dir='ltr'>snpra</span> <span class='ocrx_word' id='word_1_227' title='bbox 816 2687 843 2747; x_wconf 92' lang='lat' dir='ltr'>p.</span> <span class='ocrx_word' id='word_1_228' title='bbox 859 2666 888 2728; x_wconf 83' lang='lat'>4.</span> <span class='ocrx_word' id='word_1_229' title='bbox 924 2675 1078 2747; x_wconf 88' lang='lat' dir='ltr'>practerea</span> <span class='ocrx_word' id='word_1_230' title='bbox 1098 2669 1128 2727; x_wconf 90' lang='lat' dir='ltr'>in</span> <span class='ocrx_word' id='word_1_231' title='bbox 1147 2669 1250 2729; x_wconf 89' lang='lat' dir='ltr'>codice</span> <span class='ocrx_word' id='word_1_232' title='bbox 1268 2669 1403 2730; x_wconf 91' lang='lat' dir='ltr'>Parisino</span> <span class='ocrx_word' id='word_1_233' title='bbox 1421 2667 1506 2730; x_wconf 88' lang='grc'>4841</span> 
     </span>
     <span class='ocr_line' id='line_1_23' title="bbox 207 2772 1508 2854; baseline 0.003 -22"><span class='ocrx_word' id='word_1_234' title='bbox 207 2772 322 2835; x_wconf 89' lang='lat' dir='ltr'>decimo</span> <span class='ocrx_word' id='word_1_235' title='bbox 343 2774 462 2836; x_wconf 88' lang='lat' dir='ltr'>saeculo</span> <span class='ocrx_word' id='word_1_236' title='bbox 481 2776 592 2853; x_wconf 91' lang='lat' dir='ltr'>scripto</span> <span class='ocrx_word' id='word_1_237' title='bbox 611 2792 704 2853; x_wconf 88' lang='lat' dir='ltr'>pauca</span> <span class='ocrx_word' id='word_1_238' title='bbox 724 2793 759 2834; x_wconf 84' lang='lat' dir='ltr'>er</span> <span class='ocrx_word' id='word_1_239' title='bbox 780 2777 863 2835; x_wconf 94' lang='lat' dir='ltr'>initio</span> <span class='ocrx_word' id='word_1_240' title='bbox 883 2773 950 2835; x_wconf 90' lang='lat' dir='ltr'>iibri</span> <span class='ocrx_word' id='word_1_241' title='bbox 970 2774 1118 2854; x_wconf 85' lang='lat' dir='ltr'>leguntur,</span> <span class='ocrx_word' id='word_1_242' title='bbox 1137 2779 1244 2851; x_wconf 86' lang='lat' dir='ltr'>incipit</span> <span class='ocrx_word' id='word_1_243' title='bbox 1262 2778 1339 2836; x_wconf 84' lang='lat' dir='ltr'>liber</span> <span class='ocrx_word' id='word_1_244' title='bbox 1358 2778 1396 2836; x_wconf 84' lang='lat' dir='ltr'>de</span> <span class='ocrx_word' id='word_1_245' title='bbox 1409 2779 1508 2836; x_wconf 74' lang='lat' dir='ltr'>ortico-</span> 
     </span>
     <span class='ocr_line' id='line_1_24' title="bbox 204 2881 1509 2961; baseline 0 -21"><span class='ocrx_word' id='word_1_246' title='bbox 204 2884 339 2958; x_wconf 80' lang='lat' dir='ltr'>prcpbic</span> <span class='ocrx_word' id='word_1_247' title='bbox 358 2882 461 2942; x_wconf 81' lang='lat' dir='ltr'>Bedae</span> <span class='ocrx_word' id='word_1_248' title='bbox 475 2883 652 2957; x_wconf 77' lang='lat' dir='ltr'>presbyteri</span> <span class='ocrx_word' id='word_1_249' title='bbox 668 2884 695 2939; x_wconf 95' lang='lat' dir='ltr'><em>A</em></span> <span class='ocrx_word' id='word_1_250' title='bbox 713 2884 817 2942; x_wconf 83' lang='lat' dir='ltr'>littero</span> <span class='ocrx_word' id='word_1_251' title='bbox 840 2885 930 2942; x_wconf 82' lang='lat' dir='ltr'>etium</span> <span class='ocrx_word' id='word_1_252' title='bbox 953 2889 1025 2943; x_wconf 85' lang='lat' dir='ltr'>uota</span> <span class='ocrx_word' id='word_1_253' title='bbox 1044 2886 1254 2957; x_wconf 78' lang='lat' dir='ltr'>praenominis</span> <span class='ocrx_word' id='word_1_254' title='bbox 1277 2891 1320 2943; x_wconf 85' lang='lat' dir='ltr'>est</span> <span class='ocrx_word' id='word_1_255' title='bbox 1341 2900 1404 2961; x_wconf 88' lang='lat' dir='ltr'>sqq.</span> <span class='ocrx_word' id='word_1_256' title='bbox 1435 2881 1509 2941; x_wconf 79' lang='lat' dir='ltr'>duros</span> 
     </span>
     <span class='ocr_line' id='line_1_25' title="bbox 207 2984 1508 3067; baseline -0.001 -22"><span class='ocrx_word' id='word_1_257' title='bbox 207 2985 324 3046; x_wconf 91' lang='lat' dir='ltr'>codices</span> <span class='ocrx_word' id='word_1_258' title='bbox 348 2986 520 3047; x_wconf 90' lang='lat' dir='ltr'>Harleianos</span> <span class='ocrx_word' id='word_1_259' title='bbox 543 2984 630 3047; x_wconf 83' lang='lat'>3826</span> <span class='ocrx_word' id='word_1_260' title='bbox 654 2996 685 3047; x_wconf 91' lang='lat' dir='ltr'>et</span> <span class='ocrx_word' id='word_1_261' title='bbox 708 2984 795 3048; x_wconf 84' lang='lat'>3969</span> <span class='ocrx_word' id='word_1_262' title='bbox 827 2990 1068 3049; x_wconf 85' lang='lat' dir='ltr'>commemoravit</span> <span class='ocrx_word' id='word_1_263' title='bbox 1090 2988 1218 3049; x_wconf 86' lang='lat' dir='ltr'>Gilesius</span> <span class='ocrx_word' id='word_1_264' title='bbox 1241 2988 1336 3049; x_wconf 85' lang='lat' dir='ltr'>Redae</span> <span class='ocrx_word' id='word_1_265' title='bbox 1361 3006 1407 3067; x_wconf 93' lang='lat' dir='ltr'>op.</span> <span class='ocrx_word' id='word_1_266' title='bbox 1429 3007 1453 3047; x_wconf 90' lang='lat' dir='ltr'>v.</span> <span class='ocrx_word' id='word_1_267' title='bbox 1474 2986 1508 3045; x_wconf 81' lang='lat' dir='ltr'>vi</span> 
     </span>
     <span class='ocr_line' id='line_1_26' title="bbox 206 3092 1510 3174; baseline 0.001 -22"><span class='ocrx_word' id='word_1_268' title='bbox 206 3093 297 3170; x_wconf 88' lang='lat' dir='ltr'>praei.</span> <span class='ocrx_word' id='word_1_269' title='bbox 317 3112 343 3171; x_wconf 94' lang='lat' dir='ltr'>p.</span> <span class='ocrx_word' id='word_1_270' title='bbox 363 3092 412 3152; x_wconf 63' lang='lat'>11:</span> <span class='ocrx_word' id='word_1_271' title='bbox 436 3093 563 3172; x_wconf 89' lang='lat' dir='ltr'>denique</span> <span class='ocrx_word' id='word_1_272' title='bbox 588 3111 677 3153; x_wconf 89' lang='lat' dir='ltr'>manu</span> <span class='ocrx_word' id='word_1_273' title='bbox 701 3095 812 3172; x_wconf 90' lang='lat' dir='ltr'>scripto</span> <span class='ocrx_word' id='word_1_274' title='bbox 837 3094 939 3154; x_wconf 87' lang='lat' dir='ltr'>codice</span> <span class='ocrx_word' id='word_1_275' title='bbox 963 3114 1036 3156; x_wconf 90' lang='lat' dir='ltr'>usus</span> <span class='ocrx_word' id='word_1_276' title='bbox 1056 3104 1101 3156; x_wconf 92' lang='lat' dir='ltr'>est</span> <span class='ocrx_word' id='word_1_277' title='bbox 1125 3094 1235 3174; x_wconf 89' lang='lat' dir='ltr'>Caspar</span> <span class='ocrx_word' id='word_1_278' title='bbox 1257 3095 1404 3155; x_wconf 79' lang='lat' dir='ltr'>barthius.</span> <span class='ocrx_word' id='word_1_279' title='bbox 1442 3112 1510 3153; x_wconf 92' lang='lat' dir='ltr'>nam</span> 
     </span>
     <span class='ocr_line' id='line_1_27' title="bbox 207 3198 1509 3280; baseline -0.001 -20"><span class='ocrx_word' id='word_1_280' title='bbox 207 3218 242 3260; x_wconf 82' lang='lat' dir='ltr'>cr</span> <span class='ocrx_word' id='word_1_281' title='bbox 261 3199 318 3259; x_wconf 89' lang='lat' dir='ltr'>hcc</span> <span class='ocrx_word' id='word_1_282' title='bbox 337 3198 412 3259; x_wconf 91' lang='lat' dir='ltr'>libro</span> <span class='ocrx_word' id='word_1_283' title='bbox 431 3201 522 3278; x_wconf 92' lang='lat' dir='ltr'>petita</span> <span class='ocrx_word' id='word_1_284' title='bbox 542 3206 612 3260; x_wconf 95' lang='lat' dir='ltr'>sunt</span> <span class='ocrx_word' id='word_1_285' title='bbox 631 3217 706 3276; x_wconf 90' lang='lat' dir='ltr'>quae</span> <span class='ocrx_word' id='word_1_286' title='bbox 725 3198 773 3259; x_wconf 91' lang='lat' dir='ltr'>ille</span> <span class='ocrx_word' id='word_1_287' title='bbox 793 3208 944 3279; x_wconf 89' lang='lat' dir='ltr'>tamquam</span> <span class='ocrx_word' id='word_1_288' title='bbox 963 3200 1074 3261; x_wconf 90' lang='lat' dir='ltr'>inedita</span> <span class='ocrx_word' id='word_1_289' title='bbox 1091 3204 1193 3280; x_wconf 79' lang='lat' dir='ltr'>posuit</span> <span class='ocrx_word' id='word_1_290' title='bbox 1213 3202 1326 3262; x_wconf 86' lang='lat' dir='ltr'>advers.</span> <span class='ocrx_word' id='word_1_291' title='bbox 1346 3201 1365 3261; x_wconf 92' lang='lat' dir='ltr'>l.</span> <span class='ocrx_word' id='word_1_292' title='bbox 1379 3200 1509 3261; x_wconf 82' lang='lat' dir='ltr'>XXXVII</span> 
     </span>
     <span class='ocr_line' id='line_1_28' title="bbox 206 3302 468 3385; baseline 0.008 -21"><span class='ocrx_word' id='word_1_293' title='bbox 206 3324 231 3365; x_wconf 94' lang='lat' dir='ltr'>c.</span> <span class='ocrx_word' id='word_1_294' title='bbox 257 3303 298 3367; x_wconf 83' lang='lat'>14</span> <span class='ocrx_word' id='word_1_295' title='bbox 321 3325 350 3385; x_wconf 94' lang='lat' dir='ltr'>p.</span> <span class='ocrx_word' id='word_1_296' title='bbox 376 3302 468 3366; x_wconf 86' lang='grc'><strong>1693.</strong></span> 
     </span>
    </p>

    <p class='ocr_par' dir='ltr' id='par_1_4' title="bbox 206 3411 1511 4454">
     <span class='ocr_line' id='line_1_29' title="bbox 295 3411 1510 3511; baseline 0 -38"><span class='ocrx_word' id='word_1_297' title='bbox 295 3412 408 3473; x_wconf 86' lang='lat' dir='ltr'>Horum</span> <span class='ocrx_word' id='word_1_298' title='bbox 427 3411 562 3473; x_wconf 90' lang='lat' dir='ltr'>codicum</span> <span class='ocrx_word' id='word_1_299' title='bbox 582 3422 644 3474; x_wconf 91' lang='lat' dir='ltr'>tres</span> <span class='ocrx_word' id='word_1_300' title='bbox 669 3432 743 3493; x_wconf 91' lang='lat' dir='ltr'>quos</span> <span class='ocrx_word' id='word_1_301' title='bbox 767 3416 862 3493; x_wconf 90' lang='lat' dir='ltr'>primo</span> <span class='ocrx_word' id='word_1_302' title='bbox 885 3414 951 3474; x_wconf 92' lang='lat' dir='ltr'>loco</span> <span class='ocrx_word' id='word_1_303' title='bbox 974 3417 1076 3496; x_wconf 84' lang='lat' dir='ltr'>posui,</span> <span class='ocrx_word' id='word_1_304' title='bbox 1099 3415 1267 3511; x_wconf 77' lang='lat' dir='ltr'>Parisinum</span> <span class='ocrx_word' id='word_1_305' title='bbox 1287 3423 1317 3476; x_wconf 93' lang='lat' dir='ltr'>et</span> <span class='ocrx_word' id='word_1_306' title='bbox 1335 3414 1510 3475; x_wconf 88' lang='lat' dir='ltr'>Leidensem</span> 
     </span>
     <span class='ocr_line' id='line_1_30' title="bbox 206 3519 1510 3600; baseline -0.001 -20"><span class='ocrx_word' id='word_1_307' title='bbox 206 3538 222 3580; x_wconf 91' lang='lat' dir='ltr'>a</span> <span class='ocrx_word' id='word_1_308' title='bbox 245 3538 292 3580; x_wconf 89' lang='lat' dir='ltr'>me</span> <span class='ocrx_word' id='word_1_309' title='bbox 316 3519 386 3580; x_wconf 86' lang='lat' dir='ltr'>olim</span> <span class='ocrx_word' id='word_1_310' title='bbox 409 3538 477 3581; x_wconf 92' lang='lat' dir='ltr'>cum</span> <span class='ocrx_word' id='word_1_311' title='bbox 500 3520 636 3580; x_wconf 90' lang='lat' dir='ltr'>Putscbii</span> <span class='ocrx_word' id='word_1_312' title='bbox 659 3520 788 3581; x_wconf 90' lang='lat' dir='ltr'>editione</span> <span class='ocrx_word' id='word_1_313' title='bbox 808 3520 930 3581; x_wconf 87' lang='lat' dir='ltr'>collatos</span> <span class='ocrx_word' id='word_1_314' title='bbox 953 3531 983 3581; x_wconf 94' lang='lat' dir='ltr'>et</span> <span class='ocrx_word' id='word_1_315' title='bbox 1001 3520 1293 3600; x_wconf 86' lang='lat' dir='ltr'>Montepessulanum</span> <span class='ocrx_word' id='word_1_316' title='bbox 1317 3520 1510 3582; x_wconf 86' lang='lat' dir='ltr'>abuebnero</span> 
     </span>
     <span class='ocr_line' id='line_1_31' title="bbox 206 3625 1509 3706; baseline -0.001 -21"><span class='ocrx_word' id='word_1_317' title='bbox 206 3645 379 3706; x_wconf 81' lang='lat' dir='ltr'>excussum,</span> <span class='ocrx_word' id='word_1_318' title='bbox 403 3627 438 3686; x_wconf 91' lang='lat' dir='ltr'>ad</span> <span class='ocrx_word' id='word_1_319' title='bbox 462 3626 623 3687; x_wconf 77' lang='lat' dir='ltr'>editionem</span> <span class='ocrx_word' id='word_1_320' title='bbox 642 3627 771 3687; x_wconf 88' lang='lat' dir='ltr'>adhibui.</span> <span class='ocrx_word' id='word_1_321' title='bbox 804 3626 949 3705; x_wconf 90' lang='lat' dir='ltr'>equibus</span> <span class='ocrx_word' id='word_1_322' title='bbox 967 3626 1120 3687; x_wconf 86' lang='lat' dir='ltr'>Parisinus</span> <span class='ocrx_word' id='word_1_323' title='bbox 1140 3626 1232 3687; x_wconf 81' lang='lat' dir='ltr'>codex</span> <span class='ocrx_word' id='word_1_324' title='bbox 1256 3629 1389 3706; x_wconf 88' lang='lat' dir='ltr'>quamvis</span> <span class='ocrx_word' id='word_1_325' title='bbox 1412 3625 1509 3703; x_wconf 84' lang='lat' dir='ltr'>negle-</span> 
     </span>
     <span class='ocr_line' id='line_1_32' title="bbox 206 3731 1510 3813; baseline -0.002 -21"><span class='ocrx_word' id='word_1_326' title='bbox 206 3742 311 3812; x_wconf 83' lang='lat' dir='ltr'>genter</span> <span class='ocrx_word' id='word_1_327' title='bbox 330 3735 459 3812; x_wconf 90' lang='lat' dir='ltr'>scriptus</span> <span class='ocrx_word' id='word_1_328' title='bbox 480 3742 591 3813; x_wconf 83' lang='lat' dir='ltr'>tarrren,</span> <span class='ocrx_word' id='word_1_329' title='bbox 615 3734 753 3811; x_wconf 90' lang='lat' dir='ltr'>quoniam</span> <span class='ocrx_word' id='word_1_330' title='bbox 773 3732 888 3792; x_wconf 88' lang='lat' dir='ltr'>diversa</span> <span class='ocrx_word' id='word_1_331' title='bbox 907 3751 924 3791; x_wconf 88' lang='lat' dir='ltr'>a</span> <span class='ocrx_word' id='word_1_332' title='bbox 943 3731 1066 3811; x_wconf 85' lang='lat' dir='ltr'>reliquis</span> <span class='ocrx_word' id='word_1_333' title='bbox 1090 3731 1207 3793; x_wconf 91' lang='lat' dir='ltr'>duobus</span> <span class='ocrx_word' id='word_1_334' title='bbox 1230 3734 1344 3811; x_wconf 83' lang='lat' dir='ltr'>origine</span> <span class='ocrx_word' id='word_1_335' title='bbox 1369 3741 1427 3812; x_wconf 89' lang='lat' dir='ltr'>est,</span> <span class='ocrx_word' id='word_1_336' title='bbox 1451 3750 1510 3790; x_wconf 90' lang='lat' dir='ltr'>nou</span> 
     </span>
     <span class='ocr_line' id='line_1_33' title="bbox 206 3837 1511 3918; baseline -0.002 -19"><span class='ocrx_word' id='word_1_337' title='bbox 206 3838 296 3899; x_wconf 89' lang='lat' dir='ltr'>nuliis</span> <span class='ocrx_word' id='word_1_338' title='bbox 320 3840 393 3900; x_wconf 89' lang='lat' dir='ltr'>iocis</span> <span class='ocrx_word' id='word_1_339' title='bbox 416 3858 514 3900; x_wconf 88' lang='lat' dir='ltr'>reram</span> <span class='ocrx_word' id='word_1_340' title='bbox 535 3841 713 3918; x_wconf 88' lang='lat' dir='ltr'>scripturam</span> <span class='ocrx_word' id='word_1_341' title='bbox 733 3838 814 3899; x_wconf 91' lang='lat' dir='ltr'>solus</span> <span class='ocrx_word' id='word_1_342' title='bbox 833 3841 968 3900; x_wconf 84' lang='lat' dir='ltr'>servavit.</span> <span class='ocrx_word' id='word_1_343' title='bbox 1004 3837 1282 3917; x_wconf 83' lang='lat' dir='ltr'>blcrrtepessuianus</span> <span class='ocrx_word' id='word_1_344' title='bbox 1306 3847 1336 3899; x_wconf 93' lang='lat' dir='ltr'>et</span> <span class='ocrx_word' id='word_1_345' title='bbox 1358 3837 1511 3898; x_wconf 89' lang='lat' dir='ltr'>Leidensis</span> 
     </span>
     <span class='ocr_line' id='line_1_34' title="bbox 206 3944 1509 4027; baseline -0.002 -22"><span class='ocrx_word' id='word_1_346' title='bbox 206 3965 241 4005; x_wconf 84' lang='lat' dir='ltr'>er</span> <span class='ocrx_word' id='word_1_347' title='bbox 266 3964 326 4007; x_wconf 91' lang='lat' dir='ltr'>uno</span> <span class='ocrx_word' id='word_1_348' title='bbox 349 3946 508 4027; x_wconf 81' lang='lat' dir='ltr'>archetypo</span> <span class='ocrx_word' id='word_1_349' title='bbox 533 3945 670 4006; x_wconf 89' lang='lat' dir='ltr'>videntur</span> <span class='ocrx_word' id='word_1_350' title='bbox 698 3945 839 4024; x_wconf 89' lang='lat' dir='ltr'>descripti</span> <span class='ocrx_word' id='word_1_351' title='bbox 869 3963 943 4006; x_wconf 89' lang='lat' dir='ltr'>esse.</span> <span class='ocrx_word' id='word_1_352' title='bbox 982 3962 1073 4024; x_wconf 89' lang='lat' dir='ltr'>quare</span> <span class='ocrx_word' id='word_1_353' title='bbox 1096 3963 1131 4005; x_wconf 87' lang='lat' dir='ltr'>ea</span> <span class='ocrx_word' id='word_1_354' title='bbox 1155 3964 1229 4024; x_wconf 89' lang='lat' dir='ltr'>quae</span> <span class='ocrx_word' id='word_1_355' title='bbox 1253 3946 1284 4005; x_wconf 92' lang='lat' dir='ltr'>in</span> <span class='ocrx_word' id='word_1_356' title='bbox 1307 3944 1450 4006; x_wconf 84' lang='lat' dir='ltr'>atterutro</span> <span class='ocrx_word' id='word_1_357' title='bbox 1474 3963 1509 4003; x_wconf 86' lang='lat' dir='ltr'>ex</span> 
     </span>
     <span class='ocr_line' id='line_1_35' title="bbox 206 4051 1509 4132; baseline -0.002 -20"><span class='ocrx_word' id='word_1_358' title='bbox 206 4052 253 4112; x_wconf 88' lang='lat' dir='ltr'>bis</span> <span class='ocrx_word' id='word_1_359' title='bbox 272 4051 334 4112; x_wconf 92' lang='lat' dir='ltr'>solo</span> <span class='ocrx_word' id='word_1_360' title='bbox 354 4051 494 4131; x_wconf 85' lang='lat' dir='ltr'>leguntur</span> <span class='ocrx_word' id='word_1_361' title='bbox 512 4052 605 4114; x_wconf 85' lang='lat' dir='ltr'>altero</span> <span class='ocrx_word' id='word_1_362' title='bbox 624 4071 693 4113; x_wconf 92' lang='lat' dir='ltr'>cum</span> <span class='ocrx_word' id='word_1_363' title='bbox 713 4055 860 4132; x_wconf 89' lang='lat' dir='ltr'>scriptura</span> <span class='ocrx_word' id='word_1_364' title='bbox 878 4051 1006 4112; x_wconf 87' lang='lat' dir='ltr'>Parisini</span> <span class='ocrx_word' id='word_1_365' title='bbox 1025 4052 1136 4113; x_wconf 90' lang='lat' dir='ltr'>codicis</span> <span class='ocrx_word' id='word_1_366' title='bbox 1155 4054 1360 4113; x_wconf 84' lang='lat' dir='ltr'>consentiente</span> <span class='ocrx_word' id='word_1_367' title='bbox 1383 4053 1509 4111; x_wconf 90' lang='lat' dir='ltr'>auctori·</span> 
     </span>
     <span class='ocr_line' id='line_1_36' title="bbox 206 4147 1510 4241; baseline -0.002 -22"><span class='ocrx_word' id='word_1_368' title='bbox 206 4167 297 4219; x_wconf 89' lang='lat' dir='ltr'>tatem</span> <span class='ocrx_word' id='word_1_369' title='bbox 312 4177 372 4219; x_wconf 95' lang='lat' dir='ltr'>non</span> <span class='ocrx_word' id='word_1_370' title='bbox 390 4159 510 4241; x_wconf 81' lang='lat' dir='ltr'>habent,</span> <span class='ocrx_word' id='word_1_371' title='bbox 529 4160 581 4220; x_wconf 93' lang='lat' dir='ltr'>sed</span> <span class='ocrx_word' id='word_1_372' title='bbox 600 4163 696 4220; x_wconf 90' lang='lat' dir='ltr'>errori</span> <span class='ocrx_word' id='word_1_373' title='bbox 716 4159 761 4220; x_wconf 89' lang='lat' dir='ltr'>vel</span> <span class='ocrx_word' id='word_1_374' title='bbox 781 4147 904 4220; x_wconf 87' lang='lat' dir='ltr'>arbitrio</span> <span class='ocrx_word' id='word_1_375' title='bbox 919 4158 1077 4221; x_wconf 90' lang='lat' dir='ltr'>scribentis</span> <span class='ocrx_word' id='word_1_376' title='bbox 1097 4159 1254 4222; x_wconf 89' lang='lat' dir='ltr'>tribuenda</span> <span class='ocrx_word' id='word_1_377' title='bbox 1272 4170 1349 4221; x_wconf 91' lang='lat' dir='ltr'>sunt.</span> <span class='ocrx_word' id='word_1_378' title='bbox 1374 4159 1510 4219; x_wconf 88' lang='lat' dir='ltr'>Leidensi</span> 
     </span>
     <span class='ocr_line' id='line_1_37' title="bbox 206 4266 1511 4348; baseline -0.002 -23"><span class='ocrx_word' id='word_1_379' title='bbox 206 4266 314 4348; x_wconf 88' lang='lat' dir='ltr'>codici,</span> <span class='ocrx_word' id='word_1_380' title='bbox 344 4268 394 4345; x_wconf 93' lang='lat' dir='ltr'>qui</span> <span class='ocrx_word' id='word_1_381' title='bbox 417 4269 542 4327; x_wconf 82' lang='lat' dir='ltr'>maxime</span> <span class='ocrx_word' id='word_1_382' title='bbox 573 4267 629 4327; x_wconf 94' lang='lat' dir='ltr'>boc</span> <span class='ocrx_word' id='word_1_383' title='bbox 658 4285 767 4346; x_wconf 90' lang='lat' dir='ltr'>genere</span> <span class='ocrx_word' id='word_1_384' title='bbox 792 4266 988 4326; x_wconf 89' lang='lat' dir='ltr'>mutationum</span> <span class='ocrx_word' id='word_1_385' title='bbox 1013 4275 1043 4327; x_wconf 93' lang='lat' dir='ltr'>et</span> <span class='ocrx_word' id='word_1_386' title='bbox 1066 4266 1326 4346; x_wconf 88' lang='lat' dir='ltr'>interpolationum</span> <span class='ocrx_word' id='word_1_387' title='bbox 1351 4274 1511 4344; x_wconf 88' lang='lat' dir='ltr'>corruptus</span> 
     </span>
     <span class='ocr_line' id='line_1_38' title="bbox 206 4372 1511 4454; baseline -0.001 -22"><span class='ocrx_word' id='word_1_388' title='bbox 206 4382 264 4454; x_wconf 88' lang='lat' dir='ltr'>est,</span> <span class='ocrx_word' id='word_1_389' title='bbox 289 4372 393 4433; x_wconf 89' lang='lat' dir='ltr'>similis</span> <span class='ocrx_word' id='word_1_390' title='bbox 412 4375 513 4434; x_wconf 86' lang='lat' dir='ltr'>initis</span> <span class='ocrx_word' id='word_1_391' title='bbox 532 4393 567 4433; x_wconf 85' lang='lat' dir='ltr'>ex</span> <span class='ocrx_word' id='word_1_392' title='bbox 588 4392 647 4452; x_wconf 92' lang='lat' dir='ltr'>quo</span> <span class='ocrx_word' id='word_1_393' title='bbox 666 4372 737 4432; x_wconf 89' lang='lat' dir='ltr'>oiim</span> <span class='ocrx_word' id='word_1_394' title='bbox 756 4390 824 4432; x_wconf 91' lang='lat' dir='ltr'>cum</span> <span class='ocrx_word' id='word_1_395' title='bbox 843 4372 967 4452; x_wconf 89' lang='lat' dir='ltr'>reliquis</span> <span class='ocrx_word' id='word_1_396' title='bbox 986 4372 1081 4434; x_wconf 89' lang='lat' dir='ltr'>Bedae</span> <span class='ocrx_word' id='word_1_397' title='bbox 1101 4375 1221 4454; x_wconf 90' lang='lat' dir='ltr'>scriptis</span> <span class='ocrx_word' id='word_1_398' title='bbox 1244 4374 1292 4433; x_wconf 92' lang='lat' dir='ltr'>bic</span> <span class='ocrx_word' id='word_1_399' title='bbox 1314 4372 1390 4433; x_wconf 86' lang='lat' dir='ltr'>liber</span> <span class='ocrx_word' id='word_1_400' title='bbox 1413 4373 1511 4432; x_wconf 90' lang='lat' dir='ltr'>editus</span> 
     </span>
    </p>
   </div>
   <div class='ocr_carea' id='block_1_4' title="bbox 207 4514 418 4521">
    <p class='ocr_par' dir='ltr' id='par_1_5' title="bbox 207 4514 418 4521">
     <span class='ocr_line' id='line_1_39' title="bbox 207 4514 418 4521; baseline 0.005 -1"><span class='ocrx_word' id='word_1_401' title='bbox 207 4514 418 4521; x_wconf 76' lang='lat'>.—-——.———-</span> 
     </span>
    </p>
   </div>
   <div class='ocr_carea' id='block_1_5' title="bbox 205 4568 1511 4878">
    <p class='ocr_par' dir='ltr' id='par_1_6' title="bbox 205 4568 1511 4878">
     <span class='ocr_line' id='line_1_40' title="bbox 295 4568 1511 4641; baseline -0.001 -17"><span class='ocrx_word' id='word_1_402' title='bbox 295 4571 321 4640; x_wconf 85' lang='grc'>*)</span> <span class='ocrx_word' id='word_1_403' title='bbox 345 4570 386 4626; x_wconf 88' lang='lat' dir='ltr'>De</span> <span class='ocrx_word' id='word_1_404' title='bbox 409 4571 516 4641; x_wconf 88' lang='lat' dir='ltr'>origine</span> <span class='ocrx_word' id='word_1_405' title='bbox 539 4571 642 4626; x_wconf 82' lang='lat' dir='ltr'>codicis</span> <span class='ocrx_word' id='word_1_406' title='bbox 664 4568 844 4623; x_wconf 82' lang='lat' dir='ltr'>memorabile</span> <span class='ocrx_word' id='word_1_407' title='bbox 868 4571 911 4623; x_wconf 83' lang='lat' dir='ltr'>est</span> <span class='ocrx_word' id='word_1_408' title='bbox 939 4569 1015 4639; x_wconf 87' lang='lat' dir='ltr'>quod</span> <span class='ocrx_word' id='word_1_409' title='bbox 1036 4573 1102 4640; x_wconf 84' lang='lat' dir='ltr'>post</span> <span class='ocrx_word' id='word_1_410' title='bbox 1125 4589 1151 4626; x_wconf 83' lang='lat' dir='ltr'>v.</span> <span class='ocrx_word' id='word_1_411' title='bbox 1175 4571 1289 4626; x_wconf 80' lang='lat' dir='ltr'>diastole</span> <span class='ocrx_word' id='word_1_412' title='bbox 1310 4586 1404 4640; x_wconf 83' lang='lat' dir='ltr'>praece</span> <span class='ocrx_word' id='word_1_413' title='bbox 1426 4571 1511 4624; x_wconf 82' lang='lat' dir='ltr'>letina</span> 
     </span>
     <span class='ocr_line' id='line_1_41' title="bbox 205 4647 1511 4720; baseline -0.002 -15"><span class='ocrx_word' id='word_1_414' title='bbox 205 4652 380 4705; x_wconf 83' lang='lat' dir='ltr'>interdictum</span> <span class='ocrx_word' id='word_1_415' title='bbox 398 4669 424 4719; x_wconf 93' lang='lat' dir='ltr'>p.</span> <span class='ocrx_word' id='word_1_416' title='bbox 439 4656 509 4705; x_wconf 75' lang='lat'><strong>2784</strong></span> <span class='ocrx_word' id='word_1_417' title='bbox 529 4651 626 4704; x_wconf 82' lang='lat' dir='ltr'>eedem</span> <span class='ocrx_word' id='word_1_418' title='bbox 645 4665 729 4703; x_wconf 85' lang='lat' dir='ltr'>manu</span> <span class='ocrx_word' id='word_1_419' title='bbox 748 4647 853 4716; x_wconf 82' lang='lat' dir='ltr'>scripte</span> <span class='ocrx_word' id='word_1_420' title='bbox 866 4650 910 4702; x_wconf 84' lang='lat' dir='ltr'>est</span> <span class='ocrx_word' id='word_1_421' title='bbox 928 4649 1088 4716; x_wconf 77' lang='lat' dir='ltr'>germanica</span> <span class='ocrx_word' id='word_1_422' title='bbox 1105 4649 1301 4720; x_wconf 83' lang='lat' dir='ltr'>interpretatio</span> <span class='ocrx_word' id='word_1_423' title='bbox 1318 4650 1450 4715; x_wconf 79' lang='lat' dir='ltr'>sorbeten.</span> <span class='ocrx_word' id='word_1_424' title='bbox 1477 4667 1511 4714; x_wconf 72' lang='lat' dir='ltr'>er</span> 
     </span>
     <span class='ocr_line' id='line_1_42' title="bbox 206 4726 1511 4799; baseline -0.001 -15"><span class='ocrx_word' id='word_1_425' title='bbox 206 4747 261 4798; x_wconf 90' lang='lat' dir='ltr'>quo</span> <span class='ocrx_word' id='word_1_426' title='bbox 281 4732 399 4799; x_wconf 78' lang='lat' dir='ltr'>apparet</span> <span class='ocrx_word' id='word_1_427' title='bbox 417 4731 462 4784; x_wconf 88' lang='lat' dir='ltr'>vel</span> <span class='ocrx_word' id='word_1_428' title='bbox 481 4730 573 4799; x_wconf 90' lang='lat' dir='ltr'>ipsum</span> <span class='ocrx_word' id='word_1_429' title='bbox 592 4727 714 4783; x_wconf 88' lang='lat' dir='ltr'>codicem</span> <span class='ocrx_word' id='word_1_430' title='bbox 734 4726 779 4780; x_wconf 88' lang='lat' dir='ltr'>vel</span> <span class='ocrx_word' id='word_1_431' title='bbox 798 4742 861 4779; x_wconf 89' lang='lat' dir='ltr'>cum</span> <span class='ocrx_word' id='word_1_432' title='bbox 880 4742 914 4779; x_wconf 85' lang='lat' dir='ltr'>ex</span> <span class='ocrx_word' id='word_1_433' title='bbox 932 4744 988 4795; x_wconf 92' lang='lat' dir='ltr'>quo</span> <span class='ocrx_word' id='word_1_434' title='bbox 1006 4729 1075 4783; x_wconf 76' lang='lat' dir='ltr'>haec</span> <span class='ocrx_word' id='word_1_435' title='bbox 1093 4745 1158 4797; x_wconf 78' lang='lat' dir='ltr'>pers</span> <span class='ocrx_word' id='word_1_436' title='bbox 1176 4728 1317 4798; x_wconf 83' lang='lat' dir='ltr'>descripta</span> <span class='ocrx_word' id='word_1_437' title='bbox 1335 4732 1379 4784; x_wconf 81' lang='lat' dir='ltr'>est</span> <span class='ocrx_word' id='word_1_438' title='bbox 1397 4730 1426 4785; x_wconf 89' lang='lat' dir='ltr'>in</span> <span class='ocrx_word' id='word_1_439' title='bbox 1446 4730 1511 4784; x_wconf 87' lang='lat' dir='ltr'>Ger-</span> 
     </span>
     <span class='ocr_line' id='line_1_43' title="bbox 207 4807 541 4878; baseline -0.006 -14"><span class='ocrx_word' id='word_1_440' title='bbox 207 4809 301 4864; x_wconf 85' lang='lat' dir='ltr'>mania</span> <span class='ocrx_word' id='word_1_441' title='bbox 320 4807 455 4878; x_wconf 85' lang='lat' dir='ltr'>scriptum</span> <span class='ocrx_word' id='word_1_442' title='bbox 473 4824 541 4865; x_wconf 85' lang='lat' dir='ltr'>esso.</span> 
     </span>
    </p>
   </div>
   <div class='ocr_carea' id='block_1_6' title="bbox 0 0 1663 5474">
    <p class='ocr_par' dir='ltr' id='par_1_7' title="bbox 0 0 1663 5474">
     <span class='ocr_line' id='line_1_44' title="bbox 0 0 1663 5474; baseline 0 0"><span class='ocrx_word' id='word_1_443' title='bbox 0 0 1663 5474; x_wconf 95' lang='lat' dir='ltr'> </span> 
     </span>
    </p>
   </div>
  </div>
 </body>
</html>
