3316 5474
619 386 622 389 ’
728 393 921 450 EXCERPTA
1408 391 1473 454 339

167 509 190 546 p.
207 491 324 532 roaon.
419 519 423 527 .

169 575 248 655 quod
268 595 362 656 genus
381 578 606 638 versificationis
626 596 719 657 usque
739 579 811 639 adeo
831 579 940 640 durum
959 588 1018 658 est,
1042 586 1154 639 utnon
1173 580 1329 638 invenuste
1348 576 1473 637 Albinus

168 684 200 742 in
223 682 299 743 libro
323 702 412 763 quem
436 684 472 744 de
496 685 600 746 metris
624 686 744 763 scripsit
762 687 803 744 ita
822 687 969 765 posuerit,
988 681 1011 762 y
1030 685 1108 765 quod
1129 694 1207 745 vetat
1225 684 1358 764 spondeo
1378 693 1472 745 totum

169 790 347 851 concludere
376 810 511 873 versum,
539 808 628 870 posse
656 791 803 869 patefieri,
834 793 916 870 iungi
945 790 996 850 sed
1024 791 1170 870 dactylum
1200 800 1275 871 apte.
1323 792 1355 851 lu
1385 809 1472 852 versu

168 897 311 958 tredecim
340 897 518 977 syllabarum
547 904 620 977 quot
648 899 763 976 speeies
792 893 884 958 sunt?
926 896 1063 975 Quinque
1093 917 1101 958 :
1129 899 1239 976 quippe
1272 899 1303 958 iu
1331 916 1366 956 eo
1395 915 1473 957 unus

140 1004 301 1083 suactytus
338 1006 416 1065 inter
453 1004 601 1084 spondeos
637 1003 783 1065 admissus
819 1005 952 1082 quinque
990 1003 1062 1063 locis
1099 1005 1267 1064 invertitur.
1313 1002 1346 1063 ln
1385 1021 1471 1063 versu

168 1111 407 1190 quattuordecim
431 1110 613 1191 syllabarum
636 1120 710 1191 quot
733 1119 804 1172 sunt
825 1107 964 1191 speeies?
1007 1111 1122 1172 Decem.
1164 1111 1246 1183 Quae
1280 1107 1373 1172 sunt?
1414 1111 1472 1170 dut

167 1220 246 1278 enim
270 1220 366 1298 primo
390 1228 420 1280 et
447 1219 579 1280 secundo
605 1219 672 1281 loco
700 1218 832 1299 dactylus
860 1220 994 1299 ponitur,
1026 1227 1077 1279 aut
1104 1220 1200 1298 primo
1229 1227 1260 1279 et
1288 1219 1389 1298 tertio,
1422 1224 1472 1277 aut

166 1326 263 1403 primo
296 1334 326 1385 et
359 1335 477 1406 quarto,
518 1335 569 1387 aut
605 1329 701 1406 primo
739 1336 769 1387 et
806 1327 924 1406 quinto,
959 1336 1011 1387 aut
1048 1324 1178 1387 secundo
1216 1334 1246 1385 et
1283 1326 1385 1405 tertio,
1421 1331 1472 1384 aut

167 1421 298 1492 secundo
317 1442 347 1493 et
366 1441 486 1513 quarto,
506 1442 558 1494 aut
576 1433 708 1495 secundo
731 1441 762 1494 et
785 1435 903 1513 quinto,
926 1440 977 1493 aut
1000 1435 1089 1494 tertio
1112 1443 1143 1493 et
1166 1442 1286 1513 quarto,
1309 1440 1360 1493 aut
1383 1433 1471 1492 tertio

126 1550 153 1588 ¹0
167 1547 197 1598 et
225 1540 342 1619 quinto,
374 1547 426 1599 aut
452 1549 558 1618 quarto
587 1551 617 1602 et
646 1543 758 1620 quinto.
804 1540 882 1612 Quid
910 1542 941 1600 iu
971 1558 1058 1600 versu
1088 1540 1256 1619 quindecim
1285 1538 1471 1619 syllabarum,

166 1645 282 1722 species
309 1646 339 1704 in
370 1664 405 1705 eo
434 1656 507 1725 quot
537 1643 628 1708 sunt?
670 1646 812 1709 Similiter
840 1646 975 1733 decem:
1003 1664 1072 1706 nam
1099 1649 1178 1707 sient
1210 1650 1240 1707 in
1269 1646 1319 1706 illo
1348 1650 1401 1720 qui
1427 1653 1471 1705 est

167 1751 405 1829 quattuordecim
440 1753 618 1833 syllabarum
651 1754 785 1834 dactylus
809 1754 916 1814 'decies
948 1756 1092 1833 variatur,
1129 1756 1169 1814 ita
1204 1756 1235 1814 in
1272 1752 1328 1813 boc
1361 1753 1471 1813 totiens

165 1857 316 1937 spondeus
349 1861 515 1920 invertitur.
566 1860 600 1921 ln
632 1879 720 1921 versu
753 1860 884 1921 sedecim
916 1860 1093 1940 syllabarum
1126 1862 1243 1940 species
1274 1867 1347 1939 quot
1379 1853 1471 1919 sunt?

166 1962 301 2023 Totidem
321 1972 394 2043 quot
412 1967 443 2026 in
463 1966 622 2048 tredecim,
644 1967 673 2028 id
694 1976 740 2029 est
759 1970 905 2047 quinque:
929 1986 995 2028 nam
1015 1977 1049 2029 ut
1068 1972 1098 2028 io
1117 1967 1167 2028 illo
1186 1965 1319 2046 dactylus
1338 1968 1469 2045 quinque

123 2081 150 2122 1⁶
164 2067 237 2129 loeis
260 2072 432 2152 invertitur,
461 2075 501 2132 ita
530 2077 560 2134 in
589 2073 646 2134 boc
675 2073 825 2153 spondeus
854 2074 947 2134 isdem
975 2074 1049 2134 locis
1078 2075 1187 2134 totiens
1217 2075 1354 2134 variatur.
1392 2071 1469 2142 Quid

163 2177 194 2235 in
215 2194 302 2236 versu
322 2176 498 2257 syllabarum
518 2179 620 2240 decem
641 2190 671 2241 et
690 2175 828 2259 septem?
865 2180 1005 2241 Similiter
1024 2183 1054 2241 in
1074 2200 1109 2241 eo
1129 2188 1162 2241 ut
1181 2174 1470 2259 in'duodecasyllabo

163 2284 279 2362 species
303 2302 361 2343 uua
385 2292 444 2346 est:
468 2287 578 2365 quippe
601 2285 650 2346 hie
673 2285 807 2365 dactylus
830 2289 961 2366 quinque
985 2295 1102 2348 constat
1124 2287 1198 2348 locis
1222 2293 1345 2366 excepto
1365 2285 1469 2346 ultimo

163 2389 249 2469 pede,
273 2408 362 2468 quem
386 2409 509 2452 necesse
533 2400 580 2452 est
603 2391 777 2472 disyllabum
801 2410 881 2472 esse,
911 2411 947 2453 ne
971 2392 1148 2474 syllabarum
1173 2393 1298 2474 amplior
1326 2410 1469 2453 numerus

163 2505 287 2556 crescat.
325 2495 403 2567 Orrid
425 2494 518 2577 ergo?
541 2516 741 2577 numquamne
760 2497 893 2577 dactylus
913 2501 943 2559 in
962 2500 1020 2561 fine
1040 2498 1182 2581 ponitur?
1219 2501 1321 2562 Potest
1340 2499 1469 2580 quidem,

122 2613 149 2653 2⁰
164 2610 197 2662 ut
220 2602 283 2663 vult
306 2600 458 2684 Virgilius3
487 2622 542 2664 nos
566 2613 665 2666 tamen
688 2603 912 2665 observabimus
935 2625 994 2668 non
1022 2610 1052 2669 in
1076 2627 1112 2669 eo
1141 2627 1243 2688 versu,
1272 2609 1324 2687 qui
1352 2615 1469 2667 ceteros

161 2727 266 2770 omnes
290 2708 420 2788 dactylos
443 2708 563 2793 babeat,
586 2711 678 2773 veluti
701 2714 731 2772 in
755 2713 901 2789 georgicis

321 2816 383 2866 aut
406 2825 548 2886 spumas
571 2812 726 2872 miscent
748 2813 890 2888 argenti
915 2815 1062 2893 viraque
1087 2813 1281 2895 sulphura,

161 2924 250 2984 quem
274 2904 393 2985 quidam
416 2907 600 2970 invertentes
623 2911 665 2969 sic
688 2910 805 2994 legunt,
828 2908 870 2974 ‘et
893 2910 1036 2990 sulphura
1059 2905 1135 2971 vira'
1160 2959 1166 2971 .
1191 2913 1262 2971 item

322 3002 377 3063 bis
399 3007 539 3083 patriae
563 2995 732 3070 cecidere
756 3030 893 3091 manus,
917 3011 1005 3089 quin
1028 3012 1197 3088 protinus
1220 3003 1376 3088 omnia,l

120 3128 147 3168 rs
162 3120 251 3181 quem
275 3100 393 3181 qnidam
417 3121 470 3183 per
493 3105 636 3183 synalilan
661 3107 836 3191 excludunt,
868 3117 902 3171 ut
935 3108 986 3169 fiat
1017 3110 1048 3168 in
1080 3106 1248 3169 scandendo
1279 3125 1378 3187 omna,
1411 3125 1466 3168 nee

160 3209 337 3287 intellegunt
359 3209 501 3288 synalilau
525 3220 597 3274 tnnc
620 3233 700 3297 esse,
723 3235 791 3277 eum
816 3217 931 3278 vocales
955 3218 1033 3277 inter
1056 3234 1088 3276 sc
1113 3215 1276 3294 coniligunt
1298 3233 1351 3274 seu
1376 3212 1466 3295 solae,

161 3326 196 3377 ut
224 3312 353 3376 ‘multa
381 3300 520 3395 quoque
549 3329 583 3380 et
611 3320 707 3382 bello
736 3318 890 3404 passus’,
918 3341 971 3382 seu
1000 3324 1175 3402 interposita
1205 3329 1400 3400 consonante,
1434 3330 1466 3380 ut

161 3419 328 3483 ‘multum
351 3421 415 3481 ille
439 3433 474 3483 et
501 3422 639 3510 terris’,
667 3429 747 3508 quod
776 3448 963 3510 nequaquam
991 3432 1022 3491 in
1046 3428 1190 3491 hocloco
1215 3427 1311 3489 adseri
1336 3434 1465 3507 potest.

161 3530 270 3609 quippe
290 3527 442 3588 absolutus
462 3549 514 3609 pes
534 3541 579 3594 est
599 3528 730 3614 ‘omnia’,
754 3535 882 3597 velutin
902 3536 952 3597 illo
972 3554 1075 3616 versu,
1098 3530 1233 3596 ‘omnia
1257 3534 1328 3595 lert
1352 3543 1465 3614 aetas,

251 3663 264 3708 1
284 3661 360 3725 quod
379 3667 393 3715 e
412 3676 499 3730 genus
517 3659 545 3713 Β
617 3665 634 3713 2
653 3659 683 3713 in
701 3659 773 3715 liber
791 3680 874 3731 quem
893 3663 928 3718 de
947 3664 1044 3719 metris
1063 3661 1176 3732 scripsit
1192 3661 1220 3715 Β
1238 3661 1268 3716 in
1292 3661 1363 3717 libro
1382 3680 1465 3732 quem

160 3733 258 3787 metris
276 3736 389 3807 scripsit
408 3741 445 3794 M
516 3738 557 3792 ita
574 3741 700 3809 posuerit
719 3740 746 3794 V
760 3739 803 3797 ita
820 3743 967 3813 proposuit
980 3743 1052 3797 ΒΜ
1064 3782 1071 3796 .
1085 3743 1118 3797 de
1135 3743 1257 3796 verubus
1274 3742 1381 3810 Albini,
1399 3759 1466 3811 quoa

158 3819 301 3883 comreptoa
319 3818 416 3873 babuit
432 3820 552 3885 Audax,
570 3820 633 3873 utet
650 3822 728 3889 opud
751 3820 924 3877 Victorinum
995 3823 1069 3892 quod
1088 3823 1169 3876 ustam
1187 3822 1225 3875 M
1242 3820 1317 3890 quod
1336 3819 1424 3877 uitem
1439 3822 1465 3875 B

176 3898 347 3952 3uesumB
396 3901 460 3956 iimo
475 3901 515 3955 eis
528 3900 577 3955 sed
590 3901 689 3956 dactili
704 3903 812 3972 apteB
861 3902 1029 3959 dauteuim
1043 3902 1179 3956 Bautem
1194 3901 1232 3955 M
1281 3904 1361 3955 'iant
1374 3903 1465 3971 primo

158 3975 189 4028 et
200 3975 286 4030 tertio
300 3994 351 4035 om.
365 3981 401 4046 B,
416 3983 480 4037 odd.
496 3983 534 4037 M
586 3984 651 4038 8ot
669 3981 780 4054 quinto]
800 3987 851 4039 aut
867 3982 1007 4053 quintoB
1067 3987 1101 4035 10
1119 3984 1169 4035 aut
1187 3981 1301 4051 quarto]
1321 3984 1350 4035 et
1364 3987 1464 4050 quarto

158 4053 187 4107 Β
205 4074 214 4106 .·
233 4057 285 4109 aut
302 4063 402 4126 quarto
421 4064 451 4116 et
469 4062 566 4131 quinto
584 4079 635 4117 om.
656 4063 693 4116 Μ
763 4064 832 4133 q'uid
850 4064 1025 4118 interuersa
1043 4062 1071 4116 Β
1145 4066 1176 4114 11
1197 4060 1246 4129 qui
1264 4062 1464 4129 estom.BM,

157 4135 222 4190 add.
247 4134 274 4189 V
345 4145 383 4193 13.
396 4142 425 4194 in
443 4158 525 4195 uersu
538 4140 602 4195 XVI
621 4142 794 4211 syllabarum
808 4144 846 4198 M
862 4143 891 4197 in
909 4159 1005 4198 uersus
1024 4141 1121 4196 decem
1139 4139 1310 4209 syllabarum
1329 4139 1357 4193 Β
1430 4147 1463 4195 14

156 4212 188 4267 iu
206 4219 271 4269 cate
289 4214 340 4272 illo
358 4235 408 4274 om.
428 4221 512 4288 BM,
530 4222 594 4276 odd.
619 4221 646 4275 V
677 4260 680 4266 ,
715 4228 748 4276 15
767 4222 926 4293 totiensque
940 4221 1065 4276 variatur
1084 4220 1110 4273 V
1181 4224 1214 4272 16
1228 4212 1464 4289 duadeeasyllaba

158 4294 198 4348 M
269 4303 302 4350 18
326 4316 471 4353 numerum
496 4302 533 4355 M
602 4308 638 4358 20
661 4303 790 4373 uirgilius
815 4304 853 4357 M
875 4301 1007 4372 uergilius
1030 4301 1058 4353 B
1135 4297 1345 4352 obseruabimus
1373 4298 1401 4351 in
1429 4314 1462 4352 eo

156 4388 241 4427 uersu
259 4374 297 4428 M
313 4376 522 4435 obseruauimus
545 4398 602 4436 non
624 4381 652 4435 in
671 4398 705 4437 eo
724 4399 804 4437 uersu
823 4383 851 4437 Β
922 4388 955 4436 21
974 4381 1078 4435 lrabeat
1095 4378 1123 4431 Β
1146 4377 1233 4431 babet
1252 4377 1289 4430 M
1360 4384 1393 4432 22
1412 4381 1463 4433 aut

156 4452 283 4522 spumas]
309 4454 647 4528 Verp.qeorp.111449
707 4462 854 4531 sulphora
877 4462 921 4527 M,
944 4476 994 4514 om.
1014 4458 1042 4511 Β
1113 4462 1148 4510 23
1167 4457 1197 4509 et
1221 4455 1329 4508 sulfura
1350 4455 1417 4510 uiua
1433 4457 1462 4511 B

155 4535 190 4588 ut
215 4534 350 4603 sulphora
376 4537 443 4592 uiua
463 4539 501 4592 M
570 4546 605 4595 24
627 4541 671 4596 bis
697 4542 818 4613 patriae]
853 4541 930 4610 Verp.
950 4540 1018 4593 Aeo.
1043 4537 1089 4591 VI
1105 4540 1141 4591 33
1213 4540 1247 4589 td
1271 4535 1387 4603 quidam
1411 4553 1462 4606 per

156 4613 289 4669 sinaliiau
303 4614 341 4668 M
352 4616 466 4685 quidem
484 4619 694 4687 parsinalilane
712 4622 740 4675 Β
811 4622 872 4692 fiat]
892 4620 931 4674 sit
948 4618 1020 4672 ΒΜ
1090 4612 1185 4684 omna]
1205 4622 1270 4670 orna
1287 4614 1359 4668 ΒΜ
1426 4623 1460 4671 26

156 4692 351 4765 confliguntll
424 4702 458 4752 27
477 4699 579 4772 multa]
605 4699 683 4769 Verp.
702 4702 771 4755 Aeo.
792 4703 814 4755 I
830 4705 848 4755 5
919 4718 968 4755 ssu
990 4697 1158 4767 interposita
1174 4696 1202 4750 Β
1226 4694 1275 4750 sed
1293 4693 1461 4765 interposita

155 4773 195 4828 M
264 4779 299 4829 28
317 4776 436 4831 multam
454 4793 522 4833 corr.
541 4779 662 4834 multum
679 4780 734 4834 B:
758 4779 835 4850 Verp.
854 4779 923 4835 Aen.
943 4781 966 4834 I
977 4784 995 4834 3
1067 4782 1101 4831 22
1119 4775 1198 4831 velut
1215 4791 1265 4830 out.
1284 4775 1321 4842 B,
1340 4777 1404 4832 add.
1424 4778 1464 4832 M

104 4879 107 4884 ·
192 4869 274 4908 uerso
293 4854 321 4908 Β
393 4856 487 4910 omnia
504 4856 571 4928 fert]
597 4858 674 4928 Verp.
694 4859 778 4918 bacol.
797 4864 825 4928 9,
844 4864 878 4914 51
