3316 5474
732 361 925 418 exsenatu
1412 361 1477 428 349

174 474 196 510 p.
211 464 244 501 29.
258 464 285 502 ³0
298 462 329 502 Η.

176 550 299 627 accipiat
331 567 346 608 a
381 550 513 629 nouuue,
545 555 659 627 partem
692 567 707 608 a
740 547 831 609 verbo
862 597 868 609 .
899 567 965 609 nam
998 567 1084 609 casus
1117 568 1133 608 a
1166 550 1284 608 nomine
1317 556 1478 631 mutuatur,

176 663 307 734 tempora
332 674 347 715 a
371 654 461 715 verbo
486 703 492 716 .
517 655 596 734 quod
625 656 702 716 enim
732 654 918 716 declinantur
945 657 1113 737 partieipia,
1143 655 1200 715 hoc
1228 674 1244 715 a
1272 657 1390 717 nominc
1419 665 1477 737 est3

175 754 253 840 qu‘od
278 781 347 822 vero
372 762 554 843 temporibus
577 765 772 844 conveniunt,
795 763 851 824 hoc
874 782 891 823 a
910 762 1000 823 verbo
1019 771 1065 822 est
1085 811 1092 823 .
1111 763 1179 823 inde
1199 781 1270 842 crgo
1289 765 1478 843 participium

174 867 283 929 dicitur
307 916 313 929 .
337 868 494 949 Participia
517 870 682 949 praesentis
706 871 850 948 temporis
881 871 911 929 in
935 887 1022 949 quam
1051 867 1190 948 syllabam
1217 865 1348 930 exeunt?
1383 870 1476 931 Parti·

132 989 146 1029 5
174 977 249 1055 eipia
272 978 302 1036 iu
326 979 475 1055 praesenti
500 984 632 1056 tempore
663 978 771 1036 inens
799 984 829 1037 et
856 978 887 1036 in
915 994 968 1037 aus
996 974 1135 1056 syllabam
1164 984 1286 1056 exeunt,
1316 985 1349 1037 ut
1376 976 1477 1056 legens

173 1101 286 1164 amans;
317 1085 347 1143 in
375 1084 476 1145 loturo
500 1101 570 1144 vero
594 1085 686 1144 activa
715 1085 928 1163 significatione
957 1085 987 1144 in
1017 1103 1081 1166 rus,
1110 1093 1144 1145 nt
1171 1093 1336 1166 amaturus,
1363 1088 1476 1165 passiva

174 1192 203 1251 iu
231 1190 301 1273 dus,
330 1201 364 1252 nt
391 1190 533 1270 legendus
562 1190 734 1252 amandus.
759 1209 830 1252 saue
858 1193 889 1252 in
916 1195 1078 1272 praeterito
1106 1191 1203 1253 tribus
1230 1191 1349 1271 syllabis
1377 1195 1476 1253 termi-

173 1306 295 1378 nantur,
318 1300 347 1358 iu
373 1306 434 1379 tus,
458 1309 491 1360 ut
514 1300 644 1379 scriptus
666 1297 775 1379 lectuS,
798 1300 827 1359 iu
852 1317 918 1380 sus,
946 1307 979 1360 ut
1006 1301 1124 1360 occisus
1153 1301 1248 1380 visus,
1275 1301 1306 1360 in
1334 1318 1390 1360 xus
1414 1298 1475 1341 ***

619 1489 678 1556 Du
703 1488 1032 1557 CONIVNGTIONE

133 1649 158 1688 1⁰
263 1636 339 1707 Quid
364 1646 410 1698 est
433 1632 627 1698 coniunctio?
662 1637 735 1698 Pars
758 1639 902 1699 orationis
926 1644 1050 1698 nectens
1068 1636 1270 1716 ordinansque
1290 1641 1474 1701 seutentiam.

172 1744 379 1804 Coniunctioni
408 1753 481 1823 quot
508 1740 668 1804 accidunt?
712 1744 861 1825 Potestas,
892 1744 982 1826 ordo,
1014 1746 1122 1827 ligura,
1138 1753 1297 1807 accentus.
1341 1745 1476 1807 Potestas

172 1853 389 1911 coniunctionis
418 1853 448 1912 in
477 1858 549 1930 quot
576 1853 691 1931 speeies
720 1847 882 1912 dividitur?
918 1851 951 1912 lu
975 1854 1121 1932 quinque,
1149 1851 1179 1912 id
1202 1862 1249 1913 est
1271 1834 1476 1934 copulativam,

172 1956 386 2038 disiunctivam,
403 1956 590 2038 expletivam,
609 1956 765 2038 causalem,
779 1957 961 2019 rationalem.
994 1957 1187 2038 'Copulativae
1206 1961 1316 2038 speciei
1334 1961 1475 2020 coniunc-

172 2064 267 2124 tiones
283 2073 356 2142 qnot
370 2061 462 2125 sunt?
499 2064 557 2124 Sex
572 2064 639 2147 hae,
664 2073 694 2126 et
707 2064 845 2146 simplex,
864 2083 922 2145 que
938 2063 1077 2146 simplex,
1095 2083 1129 2125 ac
1144 2065 1281 2147 simplex,
1300 2074 1329 2127 at
1343 2065 1476 2147 simplex,

132 2184 158 2223 1⁵
172 2180 218 2232 ast
236 2173 373 2254 simplex,
397 2181 485 2251 atque
505 2174 675 2252 composita.
712 2172 911 2233 Disiunctivae
930 2174 1041 2252 speciei
1055 2174 1279 2234 coniunctiones
1294 2182 1366 2252 quot
1385 2169 1476 2234 sunt?

172 2278 302 2340 Numero
321 2299 372 2341 sex
392 2279 445 2340 hae
466 2287 594 2361 tantum,
613 2288 663 2340 aut
682 2278 821 2360 simplex,
844 2297 878 2340 ve
898 2279 1036 2360 simplex,
1060 2279 1105 2340 vel
1124 2279 1261 2361 simplex,
1285 2297 1322 2340 ue
1341 2280 1476 2361 simplex,

171 2405 227 2447 nee
246 2387 384 2467 simplex,
405 2405 501 2465 neque
522 2388 692 2466 composita.
728 2384 899 2466 Expletivae
918 2388 1029 2466 speciei
1048 2388 1273 2450 coniunctiones
1292 2388 1365 2466 quot
1383 2385 1476 2450 sunt?

171 2492 311 2554 Vudeeim
326 2492 381 2554 hae
393 2502 516 2575 tantum,
532 2492 651 2572 quidem
662 2494 794 2576 simplex,
809 2495 947 2573 equidem
958 2497 1128 2575 composita,
1144 2494 1294 2574 etquidem
1304 2498 1475 2576 composita,

171 2601 267 2662 saltim
282 2601 414 2682 simplex,
434 2600 570 2662 videlicet
583 2604 756 2684 composita,
774 2620 951 2682 quamquam
967 2604 1138 2683 composita,
1157 2604 1289 2680 quamvis
1304 2605 1475 2685 composita,

130 2722 156 2760 2⁰
170 2727 288 2788 quoque
308 2711 480 2791 composita,
502 2718 601 2770 autem
624 2709 758 2790 simplex,
782 2717 880 2771 tamen
904 2709 1037 2790 simplex,
1060 2728 1150 2790 pomo
1173 2707 1305 2788 simplex.
1343 2708 1475 2771 Causalis

171 2818 280 2895 speciei
295 2818 521 2877 coniunctiones
535 2824 608 2895 quot
624 2812 715 2878 sunt?
746 2816 877 2878 Numero
892 2819 1012 2897 triginta
1032 2827 1062 2878 et
1081 2824 1157 2897 tres,
1179 2815 1208 2875 id
1232 2823 1278 2876 est
1295 2820 1324 2877 si
1341 2816 1480 2899 simplex,

170 2925 227 2982 etsi
241 2924 418 3003 composita,
437 2924 525 2982 etiam
540 2922 677 3004 simplex,
696 2925 811 2984 etiamsi
826 2926 1002 3004 composita,
1021 2926 1141 2984 tametsi
1152 2925 1329 2999 composita,
1349 2925 1473 2985 sitamen

170 3032 345 3110 composita,
369 3028 515 3108 siquidem
539 3032 714 3111 composita,
738 3030 855 3110 quaudo
878 3030 1018 3112 simplex,
1042 3029 1280 3110 quandoquidem
1304 3033 1477 3110 composita,

172 3139 312 3216 quatinus
345 3139 522 3219 composita,
568 3140 640 3215 quin
677 3136 816 3219 simplex,
856 3140 1017 3216 quinetiam
1056 3138 1233 3219 composita,
1270 3140 1316 3197 sin
1353 3137 1476 3216 simplex

128 3246 315 3306 aesinantem
339 3247 516 3326 composita,
535 3246 670 3305 sinetiam
694 3247 869 3323 composita,
892 3263 946 3305 seu
965 3243 1103 3326 simplex,
1127 3246 1187 3305 sive
1206 3246 1382 3326 composita,
1405 3262 1473 3305 nam

170 3351 307 3433 simplex,
336 3370 462 3430 namque
486 3353 662 3432 composita,
691 3352 722 3410 ui
746 3351 884 3433 simplex,
911 3354 969 3412 nisi
992 3353 1169 3432 composita,
1196 3353 1280 3411 nisisi
1304 3353 1476 3432 composita,

170 3461 248 3519 enim
271 3458 405 3539 simplex,
426 3455 430 3538 Ι
452 3461 560 3519 etenim
584 3459 761 3540 composita,
784 3476 821 3519 ue
845 3459 983 3540 simplex,
1010 3459 1062 3521 sed
1086 3457 1224 3537 simplex,
1252 3459 1365 3519 interea
1394 3475 1475 3518 com·

169 3567 279 3645 posita,
304 3562 498 3644 quamobrem
521 3566 699 3646 composita,
717 3566 893 3644 praesertim
917 3566 1054 3647 simplex,
1082 3569 1153 3627 item
1181 3563 1318 3645 simplex,
1346 3565 1476 3643 itemque

259 3768 274 3816 9
294 3762 342 3816 DE
362 3760 637 3818 CONIVNOTIONE
659 3762 744 3819 Proh.
763 3767 866 3830 usas

260 3958 453 4013 adeclinatur
478 3958 506 4012 Β
579 3966 595 4014 6
613 3957 727 4028 passiva
750 3974 800 4013 ona.
819 3959 847 4013 Β
920 3967 935 4014 '1
958 3960 1125 4015 terminatur
1147 3961 1175 4014 B
1247 3967 1263 4015 8
1286 3960 1315 4016 in
1337 3976 1388 4013 xus
1411 3959 1475 4028 plus

170 4058 223 4094 non
243 4038 423 4094 inueniuntur
447 4038 510 4091 lNT
535 4038 608 4104 Quid
631 4039 675 4091 est
697 4040 857 4095 coniunctio
879 4042 965 4095 auiae
986 4058 1079 4096 ocreae
1100 4043 1191 4111 spatio
1209 4046 1273 4111 pest
1295 4039 1475 4094 inveniuntur

171 4120 263 4174 relicto
276 4119 304 4172 B
360 4124 391 4173 12
412 4117 613 4188 copulativam]
629 4119 763 4187 conpulat
776 4120 850 4175 uiam
865 4121 893 4174 B
948 4122 1059 4177 131NT
1074 4119 1257 4190 copulatiuae
1272 4119 1474 4175 coniunctionis

171 4200 276 4268 speeies
299 4198 374 4269 quod
401 4204 466 4254 sunt
485 4201 509 4253 u
527 4198 580 4254 Sex
603 4199 639 4255 he
658 4201 685 4253 Β
704 4197 888 4268 copulativae
912 4201 1016 4271 speciei
1039 4200 1247 4256 coniunctiones
1272 4200 1476 4253 numerosum

172 4280 597 4348 sexhaeProoasp.143‚2e.
621 4281 685 4335 item
702 4282 734 4335 in
756 4282 869 4350 reliquie
892 4281 1115 4335 coniunctionum
1137 4279 1342 4349 definitionibus
1366 4279 1475 4333 Probus

171 4361 338 4415 ensendutum
365 4362 532 4429 scn'pturom
555 4360 685 4428 praebuit
763 4366 797 4414 tf>
824 4361 1007 4416 disiunctium
1035 4361 1239 4417 coniunctionis
1266 4359 1371 4430 species
1398 4360 1474 4429 quod

171 4442 237 4493 sunt
254 4439 282 4492 B
357 4446 388 4493 17
408 4438 548 4508 expleiiue
567 4437 770 4495 coniunctionis
788 4442 894 4512 species
913 4439 988 4510 quod
1007 4442 1072 4495 suut
1085 4442 1113 4495 B
1187 4448 1219 4498 18
1237 4442 1308 4496 haec
1321 4440 1432 4495 tautum
1445 4439 1474 4493 Β

208 4527 240 4574 19
260 4521 388 4589 quamvis
414 4534 502 4587 quoq;
527 4518 670 4588 conposita
695 4523 790 4576 autem
807 4522 836 4576 Β
908 4527 943 4575 20
961 4520 1079 4577 canulis
1103 4521 1203 4592 spetiei
1226 4520 1428 4577 coniunctionis
1446 4525 1475 4578 Β

207 4607 238 4654 ‘21
261 4601 285 4654 si
303 4617 352 4654 oua
372 4600 399 4652 B
471 4607 505 4655 22
525 4600 611 4656 etiam
629 4600 747 4670 simplex
767 4603 853 4657 etiam
872 4601 1018 4672 conposita
1040 4602 1064 4657 si
1087 4606 1182 4657 tamen
1201 4599 1347 4672 conposita
1364 4601 1387 4656 si
1405 4603 1473 4672 quid

172 4679 318 4749 conposita
341 4679 368 4732 Β
449 4686 483 4734 24
507 4681 555 4748 qui
581 4681 610 4735 in
635 4680 752 4751 simplex
770 4682 798 4736 B
879 4687 914 4737 25
932 4699 981 4736 seu
1006 4682 1152 4752 conposita
1169 4683 1228 4738 siue
1247 4681 1390 4752 conposita
1408 4699 1474 4737 uam

172 4760 289 4829 simplex
304 4776 425 4829 namque
440 4760 584 4829 conposita
599 4759 653 4814 uisi
667 4760 785 4830 simplex
794 4761 847 4816 uisi
862 4763 1006 4832 (superaer.
1022 4760 1056 4830 si)
1070 4761 1231 4832 conpositae
1245 4760 1304 4815 nim
1318 4759 1474 4832 simplexB

207 4845 241 4894 28
260 4839 340 4910 item]
360 4839 413 4894 iter
431 4841 458 4893 B
