3316 5474
242 374 308 438 246
659 371 664 377 “
720 346 729 355 ’
834 371 952 427 sanas

241 484 264 521 p.
278 473 337 513 2868.
351 474 377 512 69
392 473 416 511 Ρ.
1019 469 1024 481 ’

242 567 273 618 et
295 557 424 636 Prosper
752 639 753 642 Ἴ

402 663 509 725 corde
533 665 648 744 patris
671 666 832 743 genitum
856 672 956 725 creat
978 672 1013 725 et
1035 665 1130 742 regit
1152 666 1269 724 omnia
1292 663 1446 723 verbum.

331 767 392 829 Nec
408 771 505 830 minus
520 788 710 831 caesurarum
725 769 886 832 intuendus
900 779 947 832 est
961 779 1064 851 status,
1078 788 1153 850 quae
1168 780 1198 831 ct
1216 772 1296 849 ipsae
1311 778 1382 830 suut
1396 778 1547 852 quattuor,

242 875 499 957 penthemimeris,
518 875 794 957 hephthemimeris‚
813 885 877 936 cata
901 877 993 937 triton
1012 876 1186 952 trochaeum
1204 875 1338 937 bucolice
1359 884 1451 938 tome:
1474 896 1545 957 pen-

243 982 440 1063 themimeris,
465 981 516 1043 ubi
539 990 607 1062 post
629 982 704 1042 duos
727 983 819 1062 pedes
843 984 992 1058 inyenitur
1014 985 1143 1063 semipes
1166 986 1217 1062 qui
1241 1002 1359 1044 versum
1383 982 1493 1044 dividat
1516 992 1546 1044 et
1573 1005 1587 1043 s

242 1098 358 1169 partem
382 1092 522 1151 terminet
546 1091 701 1172 orationis,
724 1101 758 1152 ut
781 1086 875 1152 ‘cum
901 1109 962 1152 sua
985 1085 1172 1170 gentiles':
1195 1090 1473 1171 hephthemimeris,
1495 1088 1547 1149 ubi

243 1205 311 1276 post
330 1191 335 1275 Ι
356 1205 418 1257 tres
445 1197 537 1277 pedes
565 1198 714 1257 iuvenitur
741 1195 864 1278 syllaba,
892 1205 927 1258 ut
954 1191 1049 1258 ‘cum
1076 1215 1137 1258 sua
1165 1196 1324 1276 gentiles
1352 1191 1547 1257 studeant'.

243 1303 339 1364 dictae
363 1312 463 1365 autem
485 1303 729 1384 penthemimeris
753 1312 783 1363 et
810 1302 1072 1381 bepbtbemimeris
1100 1322 1205 1382 graece
1230 1305 1314 1384 quasi
1337 1305 1548 1383 semiquinaria

244 1419 275 1472 et
302 1411 557 1491 semiseptenaria,
584 1412 668 1492 quia,
695 1429 763 1471 cnm
792 1428 846 1490 per
873 1410 1020 1490 spondeos
1048 1411 1136 1491 liunt,
1164 1409 1236 1471 haec
1260 1412 1391 1490 quinque
1421 1410 1549 1493 syllabis,

243 1517 291 1578 illa
306 1525 423 1579 constat
441 1526 564 1598 septem,
582 1524 613 1577 et
630 1518 662 1578 in
680 1517 735 1577 hac
753 1519 855 1596 quinta
870 1515 979 1597 syllaba
997 1518 1186 1598 semipedem,
1199 1520 1230 1579 in
1249 1517 1298 1579 illa
1317 1526 1398 1580 tenet
1413 1521 1546 1599 septima.
1561 1539 1589 1578 io

244 1636 308 1688 cata
337 1627 428 1688 triton
456 1623 631 1698 trochaeon,
659 1622 710 1685 ubi
739 1626 828 1684 tertio
855 1623 920 1684 loco
948 1626 1098 1685 invenitur
1127 1625 1298 1699 trochaeus,
1326 1644 1385 1687 nou
1409 1626 1488 1706 quod
1516 1629 1546 1687 iu

244 1733 341 1795 medio
370 1751 457 1793 versu
487 1749 552 1792 esse
584 1733 679 1812 possit
712 1731 884 1812 trochaeus,
917 1732 969 1792 sed
1002 1730 1116 1793 sublata
1145 1750 1202 1792 tina
1231 1731 1268 1791 de
1295 1731 1410 1811 dactylo
1439 1732 1547 1812 syllaba

245 1849 378 1901 remanet
401 1839 573 1919 trochaeuS,
601 1847 634 1899 ut
657 1833 904 1916 ‘grandisonis
931 1856 1099 1917 pompare
1124 1833 1261 1899 modis'.
1298 1837 1432 1900 bucolice
1461 1849 1549 1921 tome,

244 1949 296 2010 ubi
319 1957 387 2028 post
410 1955 550 2026 quattuor
573 1945 665 2024 pedes
688 1963 747 2006 non
772 1944 880 2024 aliquid
905 1955 1050 2027 remanet,
1075 1954 1108 2008 ut

405 2071 544 2132 semper
567 2053 800 2133 principium,
823 2062 1007 2133 sceptrum
1030 2055 1125 2134 iuge,
1148 2052 1263 2132 gloria
1286 2071 1437 2114 consors
1563 2072 1590 2111 is

245 2152 275 2205 et

405 2230 571 2292 Christus
594 2239 673 2292 erat
694 2234 811 2312 panis,
833 2230 1000 2294 Christus
1023 2240 1139 2313 petra,
1162 2231 1330 2292 Christus
1353 2233 1388 2292 in
1412 2232 1525 2294 undis.

246 2356 320 2420 quae
345 2356 467 2400 caesura
490 2338 559 2398 inde
583 2355 692 2398 nomen
715 2337 817 2420 babet,
839 2339 918 2418 quod
941 2341 972 2400 in
995 2338 1139 2400 bucolicis
1163 2340 1281 2418 saepius
1304 2341 1480 2402 inveniatur.

334 2446 407 2507 ltem
431 2445 482 2507 ubi
504 2452 573 2524 post
595 2444 669 2505 duos
691 2445 783 2525 pedes
807 2454 945 2526 superest
968 2445 1091 2528 syllaba,
1114 2464 1227 2507 comma
1252 2446 1375 2527 dicitur3
1405 2446 1458 2507 ubi
1480 2457 1549 2527 post

245 2555 320 2616 duos
348 2553 439 2633 podes
468 2552 539 2612 nihil
568 2560 714 2633 remanet,
742 2552 827 2614 colon
852 2563 981 2615 vocatur.
1019 2571 1095 2633 quae
1117 2562 1217 2614 tamen
1240 2557 1359 2614 nomina
1383 2554 1467 2633 apud.
1483 2573 1545 2615 ora·
1561 2569 1588 2606 2⁰

236 2661 327 2723 'tores
354 2660 558 2721 indifferenter
585 2667 747 2740 ponuntur,
774 2663 824 2739 qui
853 2662 999 2740 integram
1022 2663 1200 2722 sententiam
1225 2660 1369 2739 periodon
1393 2660 1549 2742 appellant,

245 2778 345 2849 partes
364 2776 464 2833 autem
482 2768 547 2828 eius
566 2766 630 2826 cola
649 2775 680 2827 et
698 2777 841 2829 commata
860 2768 972 2829 dicunt
1008 2777 1042 2830 ut
1060 2776 1131 2848 puta
1150 2763 1317 2829 ‘sustinetis
1340 2770 1433 2850 enim,
1456 2770 1549 2848 siquis

247 2893 298 2936 ros
325 2877 357 2935 in
384 2875 558 2938 servitutem
586 2869 709 2953 redigit'
738 2873 823 2936 colon
851 2882 909 2936 est:
937 2869 1046 2955 ‘siquis
1073 2870 1211 2936 devorat'
1235 2874 1321 2936 colon
1350 2883 1409 2937 est:
1438 2871 1549 2955 ‘siquis

246 2976 369 3062 accipit'
393 2980 478 3041 colon
507 2990 565 3043 est:
593 2976 705 3061 ‘siquis
729 2976 897 3043 extollitur'
921 2992 951 3043 et
978 2990 1077 3044 cetera
1102 2983 1255 3062 usquead
1287 2983 1403 3063 plenam
1432 2991 1548 3043 senten-

247 3091 317 3150 tiam
331 3087 395 3149 cola
409 3096 480 3150 sunt
494 3098 524 3149 et
538 3097 690 3150 commata.
717 3088 804 3169 plena
819 3098 918 3150 autem
932 3091 1077 3157 sententia
1094 3090 1236 3170 periodus
1251 3099 1305 3151 est.
1334 3092 1548 3168 iuterpretatur
1562 3104 1588 3143 2⁵

247 3205 345 3258 autem
364 3196 450 3257 colon
470 3196 651 3279 membrum,
674 3214 788 3259 comma
806 3198 925 3277 incisio,
948 3195 1089 3275 periodus
1107 3195 1238 3258 clausula
1257 3197 1318 3257 sive
1338 3198 1490 3256 circuitus.

760 3357 808 3413 DE
829 3357 1040 3412 SYNALIPHA

337 3473 562 3553 Syualipharnm
591 3492 709 3553 quoque
737 3470 993 3532 commemoranda
1021 3473 1096 3532 ratio
1122 3465 1183 3552 est,
1211 3450 1279 3551 quia
1306 3491 1550 3553 nonnumquam

247 3583 358 3643 ultima'
374 3579 456 3641 verbi
479 3578 587 3659 syllaba
611 3579 656 3639 vel
681 3579 825 3658 particula
849 3576 975 3658 syllabae
999 3560 1116 3638 videtur
1139 3577 1269 3659 absumi,
1297 3579 1374 3639 unde
1399 3580 1548 3658 synalipha

214 3728 227 3752 .
246 3691 352 3768 graece
375 3686 485 3746 dicitur
508 3689 593 3765 quasi
616 3686 743 3765 quodam
766 3686 842 3745 saltu
871 3685 1083 3746 transmittens.
1128 3684 1283 3744 litantem
1306 3683 1422 3744 duobus
1446 3673 1550 3765 modis',
1565 3701 1591 3739 oo

247 3794 339 3874 quod,
364 3811 431 3853 cum
455 3792 551 3871 aliqua
574 3810 643 3872 pars
667 3794 809 3853 orationis
832 3792 936 3853 autin
960 3788 1089 3850 vocalem
1113 3789 1241 3850 litteram
1265 3798 1316 3852 aut
1338 3793 1369 3851 in
1393 3809 1421 3851 m
1445 3810 1548 3852 conso·

248 3907 367 3961 nantem
387 3898 495 3959 desinit
514 3900 673 3979 incipiente
692 3918 708 3958 a
728 3897 822 3959 vocali
841 3906 984 3977 sequente
1007 3904 1091 3976 parte
1111 3897 1267 3978 orationis,
1290 3897 1337 3957 illa
1357 3916 1432 3977 quae
1451 3902 1549 3978 sequi-

247 4016 297 4087 tur
324 4024 393 4085 pars
422 4006 564 4065 orationis
592 4004 819 4085 praecedentem
847 4003 892 4064 vel
920 4002 1048 4064 litteram
1077 4001 1206 4063 vocalem
1235 4003 1280 4064 vel
1308 4003 1446 4083 syllabam
1476 4025 1550 4087 qnae

248 4118 278 4177 in
302 4133 330 4176 m
354 4115 483 4175 desierat
506 4131 559 4173 sua
582 4111 674 4173 vocali
698 4110 834 4173 absumit.
872 4110 950 4190 quod
974 4109 1041 4171 dico
1064 4111 1153 4172 huius
1177 4111 1256 4171 modi
1279 4119 1337 4193 cst,

250 4237 449 4245 —u-—a-...m-

338 4294 354 4342 3
373 4287 432 4342 Nec
451 4285 542 4340 minus
560 4301 737 4340 caesurarum
755 4314 788 4324 -
809 4290 841 4339 1³
861 4283 986 4338 romanet
1003 4283 1151 4339 trochaeus
1170 4283 1271 4340 Victor.
1290 4286 1323 4340 de
1340 4302 1443 4340 caesar.
1458 4290 1550 4350 210st
1651 4339 1656 4349 ,

287 4374 319 4423 19
339 4368 408 4423 ilem
428 4366 477 4422 nbi
496 4397 528 4407 -
548 4373 581 4420 21
601 4366 743 4421 commata
760 4365 858 4420 dicunt
877 4365 997 4434 Pompei.
1016 4367 1080 4432 133,
1099 4368 1139 4420 20

319 4528 465 4583 anethum
481 4526 550 4596 FL,
564 4543 633 4582 corr.
643 4524 730 4582 uerbo
744 4525 790 4592 Py‘
836 4532 851 4579 3
866 4539 944 4596 quae·
952 4527 981 4579 ei
994 4524 1073 4593 ipsse
1087 4540 1155 4580 corr.
1168 4523 1215 4593 qui
1231 4525 1259 4578 eb
1272 4522 1325 4593 ipsi
1341 4524 1368 4576 P
1416 4523 1552 4578 tbucoli-

250 4608 377 4674 coptome
392 4607 418 4661 P
435 4606 529 4663 bucoli
543 4608 624 4677 cepto
639 4622 703 4660 mon
718 4604 749 4658 F
765 4605 1003 4674 bucoliceptoucm
1019 4605 1054 4672 L,
1073 4619 1141 4659 corr.
1156 4606 1261 4657 tomen
1280 4603 1291 4656 l
1344 4609 1360 4656 6
1375 4606 1484 4672 partem
1499 4606 1552 4657 ter-

135 4745 136 4748 ,
249 4686 337 4741 minet
351 4688 378 4740 L
392 4690 501 4757 partem
515 4686 711 4753 terminath‘
720 4687 799 4754 parto
813 4684 977 4740 interminat
991 4683 1022 4737 F
1077 4682 1191 4737 8dicta
1205 4681 1296 4735 FLP
1348 4689 1379 4736 13
1395 4682 1551 4753 bucolicep-

248 4768 325 4820 tome
338 4766 367 4819 P
379 4765 473 4821 bucoli
487 4766 703 4837 ceptomenFL
755 4773 786 4821 18
801 4781 885 4835 saepe
895 4764 922 4818 L
972 4769 1005 4818 19
1020 4763 1147 4833 superest
1157 4793 1189 4801 —
1200 4764 1264 4832 post
1277 4762 1346 4818 duos
1360 4762 1445 4831 pedes
1454 4780 1504 4818 oui.
1516 4764 1552 4829 F,

249 4847 346 4916 oddf
390 4852 424 4903 23
439 4845 590 4918 redigstP
636 4844 815 4902 aodicuntur
830 4844 861 4902 F
907 4851 940 4899 31
956 4842 1030 4916 qood
1044 4859 1095 4898 om.
1109 4842 1145 4910 L,
1162 4842 1225 4897 odd.
1242 4840 1300 4898 FP
1353 4849 1386 4899 32
1402 4843 1510 4899 desinet
1526 4844 1570 4901 F.
