3316 5474
607 353 677 409 ARS
696 355 745 410 DE
764 355 1054 412 ORTHOGRAPHIA
1417 356 1479 420 119

174 471 196 507 p.
211 461 270 500 asco.
288 461 314 500 ro
327 461 351 499 r.

175 547 287 626 tione,
306 553 340 604 at
358 562 428 605 non
448 545 525 604 sine
544 551 755 622 argumento
774 538 1027 604 maledicere?’
1047 544 1077 602 in
1093 542 1210 603 leminis
1225 551 1323 604 antem
1338 543 1478 604 honestas

176 651 294 732 dicitnr,
312 652 391 712 unde
406 651 564 711 Terentius
579 649 615 709 de
629 648 751 709 horrido
766 657 796 709 et
809 667 880 710 sene
895 648 1041 710 Eunucho
1061 644 1225 710 ‘illumne
1246 649 1479 710 inhonestum

176 756 351 819 hominem
376 751 576 834 [ambulare]'.
614 756 782 815 formositas
806 774 875 815 vero
899 757 928 814 in
953 755 1127 815 luxuriosis:
1150 755 1289 834 Virgilius

331 865 525 923 formosum
547 868 673 940 pastor
697 860 861 940 Corydon
884 861 1035 922 ardebat
1057 862 1192 923 Alexin.

129 997 143 1035 a
260 970 325 1050 lpse
349 987 513 1049 pronomen
536 969 687 1048 dignitatis
710 977 768 1047 est,
791 970 846 1028 iste
871 967 1053 1029 abiectionis.

261 1078 376 1138 Donum
399 1077 497 1137 dantis
520 1085 575 1156 est,
597 1092 706 1136 munus
721 1076 902 1154 accipientis.
939 1075 1010 1135 illud
1035 1094 1051 1134 a
1075 1075 1180 1156 dando,
1203 1077 1291 1138 hoca
1314 1080 1477 1140 muniendo

172 1186 217 1246 rel
241 1204 256 1245 a
279 1185 426 1245 monendo
446 1182 452 1258 1
472 1183 594 1243 dictum.

260 1292 319 1352 llas
343 1310 447 1352 manus
470 1292 559 1351 nnius
583 1289 710 1350 hominis
734 1289 873 1370 dicimus,
896 1289 972 1350 banc
996 1309 1115 1351 manum
1135 1292 1297 1353 multorum
1316 1293 1477 1355 hominum.

260 1399 427 1479 Coargnere
455 1406 502 1490 est
530 1416 669 1459 coercere
698 1405 728 1457 et
755 1415 959 1478 compescere,
990 1416 1115 1476 arguere
1148 1399 1306 1460 ostendere
1338 1410 1367 1460 et
1397 1411 1476 1480 pate·

130 1509 285 1567 solacere:
313 1505 452 1585 Virgilius
480 1500 697 1584 ‘degeneres
725 1506 862 1564 animos
886 1506 991 1564 timor
1015 1501 1160 1584 arguit’.
1201 1506 1279 1567 unde
1304 1516 1477 1586 argumenta

172 1615 314 1675 dicuntur
337 1632 411 1692 qnae
436 1631 554 1674 causam
578 1612 747 1673 ostendunt.

260 1720 336 1780 Sunt
359 1738 526 1801 sermones,
554 1727 588 1779 ut
610 1720 651 1779 ita
674 1719 813 1800 dixerim,
836 1736 1009 1778 communes
1032 1719 1091 1779 dero
1115 1719 1172 1779 sibi
1195 1723 1343 1781 contraria
1367 1724 1476 1801 signid-

171 1835 280 1888 cantes.
318 1835 420 1887 scotor
442 1827 552 1887 dicitur
575 1834 606 1886 et
628 1827 680 1904 qni
702 1834 801 1904 portat
822 1833 852 1885 et
871 1828 922 1904 qui
941 1833 1086 1905 portatur.
1123 1827 1232 1905 hospes
1251 1832 1350 1908 etqui
1370 1832 1477 1910 recipit

170 1936 266 2012 etqui
285 1935 436 2013 recipitur.
473 1950 557 1992 sacer
576 1940 606 1991 et
624 1932 811 1992 venerandus
829 1939 860 1992 et
878 1934 1076 1995 execrandus:
1099 1933 1237 2013 Virgilius
1256 1930 1350 1996 ‘auri
1375 1955 1476 1996 sacra

129 2035 307 2101 islames’.
351 2040 432 2101 ultus
460 2049 490 2101 et
518 2039 682 2126 vindicatus
711 2046 741 2099 et
767 2041 899 2118 punitus.
939 2042 1033 2119 gratia
1064 2049 1094 2101 et
1123 2039 1217 2101 bonae
1248 2050 1279 2102 et
1309 2042 1401 2102 malae
1433 2046 1476 2103 rei

171 2165 272 2208 causa:
300 2165 367 2207 nam
396 2148 473 2207 sicut
496 2146 623 2207 dicimus
646 2141 858 2208 ‘amicitiarum
881 2156 912 2207 et
939 2146 1077 2209 beneficii
1104 2143 1227 2231 gratia’,
1256 2151 1295 2209 ita
1320 2149 1476 2211 Sallustius

171 2249 376 2333 ‘obprobrii
407 2249 553 2337 gratia’,
588 2261 618 2314 et
651 2254 755 2314 Cicero
789 2249 1047 2334 ‘relegationis
1079 2273 1118 2314 ac
1151 2254 1324 2335 supplicii
1361 2260 1475 2336 gratia

171 2361 323 2422 colenda
351 2370 386 2422 et
415 2362 567 2422 lruenda
596 2357 825 2442 tradiderat’,
849 2370 880 2422 et
902 2362 1060 2423 Terentius
1085 2358 1162 2442 ‘qui
1186 2364 1339 2423 reseram
1363 2367 1475 2424 sacri-

170 2468 248 2547 lego
276 2469 331 2529 illi
359 2464 534 2548 gratiam'.
571 2470 709 2548 suffragia
731 2468 834 2548 populi
857 2477 887 2529 et
910 2487 985 2549 quae
1009 2469 1156 2530 honorant
1183 2470 1324 2531 dicuntur
1347 2479 1378 2530 et
1401 2491 1475 2549 qriru·

128 2600 157 2638 ao
171 2577 323 2638 damnant:
346 2576 450 2637 Cicero
470 2576 506 2636 de
525 2584 664 2655 praetura
683 2575 795 2636 urbana
815 2569 939 2636 ‘istum
959 2578 1011 2636 vis
1035 2577 1107 2637 nlla
1126 2595 1166 2637 ex
1185 2576 1309 2656 populi
1328 2577 1474 2637 Romani

171 2684 360 2762 suliragiis
388 2685 532 2762 eripere
560 2678 725 2763 poterit’.
767 2683 911 2744 donamus
939 2692 969 2744 et
995 2683 1068 2744 illud
1097 2683 1176 2763 quod
1205 2684 1309 2744 damus
1337 2695 1367 2745 et
1392 2685 1473 2745 illurn

170 2792 219 2850 cui
248 2789 359 2850 damus.
401 2789 556 2851 adficimur
582 2789 695 2849 honore
723 2796 753 2848 et
781 2789 935 2851 adficimur
963 2793 1080 2853 iniuria.
1116 2791 1264 2852 elevamus
1291 2799 1419 2870 atquae
1445 2796 1474 2852 in

171 2897 261 2958 altum
285 2895 446 2957 attollimus
470 2906 499 2957 et
528 2916 602 2975 quae
627 2895 803 2957 adnullaudo
827 2896 935 2957 leviora
960 2898 1093 2959 iacimus.
1130 2897 1324 2959 subducimus
1347 2907 1378 2959 et
1400 2917 1474 2978 quae

170 3013 252 3065 retro
271 3003 473 3064 subtrahimus
491 3012 522 3064 et
540 3021 615 3082 quae
635 3004 665 3062 in
683 3010 823 3081 promptu
843 3003 1009 3064 offerimus:
1033 3004 1189 3065 Sallustius
1208 3003 1285 3064 bello
1305 3004 1474 3067 Catilinario

171 3174 382 3182 „-—-.—..—

241 3264 254 3311 1
267 3258 298 3312 at
307 3272 361 3311 non
373 3254 474 3310 Mdae
484 3271 540 3310 non
550 3272 564 3310 c
573 3257 687 3310 autnon
698 3255 725 3307 Β
775 3260 791 3307 2
801 3255 1029 3346 unde'lerentins
1039 3257 1074 3312 de
1084 3256 1198 3312 horrido
1208 3259 1237 3312 et
1246 3274 1310 3313 sene
1320 3258 1447 3315 eunucho
1458 3277 1475 3318 ς

872 3347 897 3376 111

169 3392 242 3446 unde
264 3390 401 3446 terentius
424 3389 459 3443 de
483 3387 598 3444 horrido
621 3389 650 3442 et
672 3386 695 3440 si
720 3386 779 3442 sine
798 3387 876 3442 cultu
895 3388 1022 3444 eunucho
1043 3391 1080 3443 M
1102 3390 1175 3444 unde
1199 3390 1333 3446 terentius
1352 3391 1387 3447 de
1406 3393 1475 3448 ordo

169 3471 223 3525 etsi
241 3487 305 3525 sene
320 3471 447 3525 eunucho
461 3470 489 3522 Β
507 3467 581 3522 unde
595 3507 729 3522 ........
744 3469 871 3523 eunucho
892 3471 998 3540 aliquot
1016 3473 1114 3526 litteris
1131 3472 1236 3537 defectu
1254 3472 1475 3528 mecetranorum

166 3553 283 3620 perditio
307 3549 336 3605 0.
363 3551 479 3618 sortasse
501 3548 576 3602 unde
594 3546 740 3602 Terentius
759 3546 794 3602 de
813 3548 925 3605 horrido
944 3553 973 3605 et
990 3551 1097 3606 inculto
1115 3567 1179 3605 sene
1198 3551 1346 3606 Eunucho:
1368 3553 1472 3610 Terent.

168 3632 297 3686 Eunoch.
318 3632 360 3684 II
376 3636 402 3696 3,
422 3635 458 3685 65
529 3628 646 3682 illumne
664 3628 812 3682 honestum
830 3627 889 3683 BG
957 3631 1136 3686 tambnlare
1155 3647 1206 3685 om.
1221 3629 1289 3698 ΒΟ,
1308 3633 1371 3686 odd.
1389 3634 1426 3686 M

168 3712 366 3784 tiormosnm]
392 3712 470 3780 Verp.
489 3711 575 3765 boeot.
594 3715 657 3776 2,1
722 3707 840 3772 ardebat
856 3708 944 3763 alexis
964 3709 995 3779 0,
1016 3726 1066 3764 orn.
1080 3710 1132 3779 Bp
1192 3712 1280 3766 thoe
1299 3729 1317 3766 a
1335 3714 1473 3769 mouendo

168 3793 214 3847 nel
233 3791 407 3846 amonendo
426 3791 531 3845 hetam
550 3788 608 3843 Bo
677 3793 693 3841 8
712 3789 785 3842 hanc
804 3789 889 3856 (huno
909 3788 945 3859 O)
965 3807 1078 3845 manum
1097 3791 1200 3845 multos
1219 3790 1345 3847 homines
1364 3791 1423 3846 BG

170 3878 202 3926 10
226 3871 386 3942 degeneres]
411 3870 489 3940 Vero.
508 3870 577 3926 Aen.
602 3870 686 3922 1111
704 3873 739 3922 13
829 3869 937 3925 animas
960 3872 987 3923 B
1079 3877 1110 3924 13
1135 3872 1236 3939 hospes
1259 3872 1374 3941 estqui
1391 3874 1420 3927 Β

169 3958 202 4006 14
225 3951 297 4021 anri]
323 3951 401 4019 Verp.
424 3950 493 4005 Aen.
518 3950 581 4002 ΙΙΙ
597 3952 633 4002 57
713 3954 746 4002 16
770 3949 899 4022 dicimus]
923 3950 1087 4005 diximusC
1164 3950 1206 4005 ita
1228 3951 1358 4021 supplicii
1382 3953 1474 4022 gratia

168 4030 307 4085 Salustius
329 4029 472 4100 obprobrii
495 4026 589 4098 gratia
608 4026 642 4081 0:
666 4028 778 4082 Sallust.
804 4029 862 4084 Cot.
886 4036 934 4097 23,
959 4037 975 4086 1
1000 4049 1082 4101 quem
1106 4048 1234 4087 censores
1257 4034 1355 4085 senatu
1378 4034 1472 4102 probri

167 4109 260 4179 gratia
277 4111 424 4164 moverant
513 4113 546 4161 ll
566 4109 595 4162 et
613 4112 676 4161 ame
694 4107 790 4164 Cicero
809 4127 859 4166 om.
878 4112 906 4163 Β
995 4113 1178 4183 relegationis
1200 4114 1236 4166 Μ
1252 4111 1426 4180 religationis
1444 4112 1473 4165 Β

167 4190 311 4260 religionis
325 4189 390 4259 pO:
410 4188 464 4242 Cic.
480 4205 509 4257 p.
530 4187 610 4244 Roas.
629 4188 839 4256 Amer.15‚43
866 4240 873 4255 ,
930 4197 963 4246 18
988 4193 1106 4247 fruenda
1125 4193 1162 4245 M
1167 4191 1191 4246 O
1212 4191 1350 4246 seruanda
1367 4192 1418 4259 Bp

168 4269 236 4340 qnid
254 4269 372 4324 referam
391 4270 431 4325 B:
453 4271 558 4326 Teren.
577 4269 706 4325 Eunncb.
732 4270 758 4322 V
774 4276 800 4337 3,
818 4278 838 4326 2
911 4278 945 4326 20
963 4275 1096 4342 praetura
1115 4273 1153 4325 Μ
1169 4271 1346 4341 praefectura
1363 4271 1422 4324 BC

167 4352 252 4405 istum
271 4350 315 4404 uis
333 4350 385 4404 illa
402 4352 500 4421 populi
519 4351 659 4420 suffragiis
678 4348 798 4405 eximere
816 4350 922 4420 poterit
937 4369 970 4420 p:
991 4351 1045 4406 on.
1064 4354 1096 4406 in
1121 4353 1197 4407 Verr.
1216 4355 1267 4405 oct.
1286 4367 1335 4405 sec.
1356 4352 1377 4403 I
1394 4357 1421 4417 5,
1436 4357 1472 4406 14

167 4448 224 4486 non
242 4446 340 4485 vereor
359 4447 393 4483 ne
412 4434 462 4485 aut
479 4430 563 4486 istum
582 4430 624 4484 ris
643 4431 702 4486 nlla
720 4447 753 4485 ex
776 4430 874 4500 populi
892 4431 1012 4486 Romani
1035 4430 1174 4500 suffragiis
1198 4431 1305 4500 eripere
1324 4432 1409 4485 anta
1427 4448 1472 4485 me

168 4512 256 4566 ullum
283 4528 383 4564 munus
411 4512 566 4568 aedilitatis
593 4514 713 4583 amplius
743 4513 793 4566 aut
819 4510 926 4580 gratius
954 4512 1058 4581 populo
1085 4511 1212 4566 Romano
1241 4526 1300 4564 esse
1330 4510 1419 4581 possit

167 4597 199 4646 21
215 4591 321 4660 eripere
335 4607 370 4644 ne
384 4592 489 4659 poterit
503 4592 541 4646 Μ
583 4592 688 4663 poterit
701 4591 756 4647 Ubi
770 4609 834 4646 eum
847 4592 935 4662 pudet
948 4591 1083 4644 dommus
1097 4592 1137 4645 B:
1151 4593 1332 4659 cfip.120‚3
1378 4598 1411 4646 22
1427 4591 1472 4646 cui

168 4670 276 4742 damna]
296 4671 341 4725 cui
360 4671 496 4725 donamus
516 4670 540 4725 G
586 4679 620 4727 23
639 4671 822 4743 adnullando]
842 4671 962 4726 odlando
981 4671 1032 4736 Bp
1081 4676 1116 4724 24
1136 4671 1283 4726 Sallustius
1302 4671 1376 4726 bollo
1397 4671 1471 4728 Cati·

168 4750 279 4822 linario]
300 4751 432 4806 salustius
450 4751 525 4806 bello
544 4751 662 4807 catilina
680 4753 717 4806 Μ
734 4752 809 4807 bollo
828 4752 874 4806 nol
892 4751 1023 4807 catilinae
1043 4751 1176 4806 salustius
1195 4751 1309 4807 Obello
1328 4751 1475 4808 catillinae

168 4831 215 4884 uel
232 4831 369 4887 catilenaa
388 4832 522 4888 salustius
538 4833 578 4888 B:
599 4833 713 4888 Sallust.
734 4830 815 4886 Oatst.
835 4837 881 4900 59,
899 4837 916 4888 3
