3316 5474
213 356 276 424 118
774 360 948 416 AGROECII

210 472 232 509 p.
246 461 305 501 sace.
320 462 346 501 eo
360 461 384 503 r.

210 544 335 605 addatur
364 553 415 606 aut
439 541 528 606 ‘esse'
553 554 604 606 aut
627 546 732 625 aliquis
760 545 826 606 talis
853 564 961 627 sermo,
984 549 1035 625 qui
1058 564 1199 626 praeseus
1224 557 1341 626 tempus
1365 549 1510 621 restituat,

211 654 268 713 uisi
291 671 350 712 uno
374 652 439 712 loco
464 651 508 730 [et
531 654 615 731 quasi
638 652 695 712 lroc
719 652 851 714 mirabile
876 672 935 713 troo
958 652 1051 734 loco],

369 777 518 838 namque
542 757 607 818 sub
631 758 798 820 Oebaliae
823 761 968 821 memini
991 777 1042 820 me
1066 760 1231 821 turribus
1255 761 1338 822 altis

370 865 557 944 Corycium
583 866 587 941 Ι
613 866 745 927 vidisse
769 885 905 948 senem,

211 971 289 1051 quod
313 980 417 1052 poetae
440 989 495 1051 pro
519 975 696 1034 necessitate
719 976 807 1034 metri
829 973 913 1035 licuit
935 993 1089 1054 usurpare.
1540 996 1553 1034 5

298 1077 395 1138 instar
417 1077 497 1138 illius
521 1079 564 1138 rei
587 1078 686 1139 dicere
710 1078 867 1162 debemus,
890 1098 949 1141 noo
972 1081 1007 1142 ad
1031 1083 1133 1144 instar.

299 1185 459 1257 Quaeritur
481 1184 518 1244 ab
541 1184 707 1268 aliquantis,
730 1206 821 1266 quare
845 1206 860 1247 s
883 1187 981 1248 littera
1004 1191 1082 1249 inter
1104 1189 1231 1269 liquidas
1253 1192 1350 1269 posita
1373 1192 1420 1271 sit,
1444 1208 1512 1250 cum

211 1293 255 1354 rel
285 1292 347 1352 sola
377 1294 473 1353 lacere
504 1293 643 1373 syllabam
674 1293 807 1355 rideatur
841 1313 874 1354 ac
904 1312 958 1374 per
987 1293 1044 1355 boe
1073 1294 1152 1355 dieta
1185 1299 1223 1357 sit
1255 1315 1325 1357 suae
1359 1295 1512 1357 cuiusdam

210 1401 364 1479 potestatis
393 1417 473 1478 esse,
501 1399 572 1460 allae
601 1409 700 1462 aulem
728 1401 854 1481 liquidae
883 1404 913 1462 iu
941 1404 1006 1481 ipso
1034 1421 1182 1464 concursu
1207 1403 1372 1465 litterarum
1397 1412 1427 1465 et
1451 1422 1511 1463 ser·

210 1525 330 1567 monum
358 1509 399 1567 ita
426 1508 681 1590 conglutinentur,
709 1519 743 1572 ut
770 1529 863 1590 paene
891 1512 1015 1570 interire
1043 1509 1205 1570 videantur.
1246 1509 1320 1570 baec
1348 1512 1422 1570 ratio
1454 1519 1513 1570 est:
1528 1531 1554 1570 10

210 1614 287 1693 apud
317 1613 447 1696 Latium,
477 1614 556 1675 unde
587 1615 715 1676 latinitas
748 1624 811 1677 orta
841 1626 901 1694 est,
931 1618 1024 1676 maior
1051 1615 1178 1695 populus
1206 1626 1235 1677 et
1262 1619 1356 1695 magis
1388 1620 1514 1697 egregiis

210 1720 324 1782 artibus
346 1722 461 1801 pollens
484 1722 574 1783 Tusci
599 1722 733 1801 luerunt,
761 1724 811 1801 qui
840 1721 959 1801 quidem
984 1730 1089 1782 natura
1112 1722 1228 1802 liuguae
1253 1741 1323 1784 suae
1348 1744 1362 1784 s
1386 1725 1513 1786 litteram

210 1847 277 1889 raro
301 1831 479 1916 exprimunt.
517 1829 590 1889 haec
614 1847 662 1888 res
686 1846 749 1888 eam
774 1829 844 1888 iecit
868 1826 969 1888 haberi
992 1828 1141 1908 liquidam.

299 1934 395 1996 Arbor
418 1954 505 1996 omne
529 1936 641 2015 lignum
664 1935 787 2015 dicitur,
811 1933 931 1995 arbusta
955 1953 1015 1995 non
1038 1936 1096 1995 uisi
1119 1936 1283 1997 fructifera.

298 2043 378 2103 llora
400 2042 517 2103 dierum
540 2052 599 2125 est,
623 2062 674 2104 ora
698 2044 808 2103 linium.
1529 2063 1554 2101 15

298 2149 424 2228 Pignera
448 2166 550 2210 rerum
573 2158 656 2231 sunt,
678 2151 802 2229 pignora
825 2149 953 2210 filiorum
977 2160 1008 2210 et
1030 2149 1239 2210 adfectionum.

298 2255 457 2317 Columbae
481 2275 555 2336 quae
580 2258 768 2318 mansuefieri
792 2264 919 2335 possunt
941 2265 972 2318 et
997 2256 1134 2317 domibus
1157 2256 1344 2340 adsuescere,
1362 2259 1514 2339 palumbes

210 2364 290 2423 ierac
314 2364 392 2423 saxis
416 2363 556 2442 silvisque
580 2362 786 2424 inhabitantes

298 2468 402 2531 llubor
426 2470 534 2530 coloris
557 2480 616 2553 est,
640 2468 732 2532 robur
754 2466 883 2551 virtutis,
907 2469 997 2530 robor
1021 2469 1144 2530 arboris.

298 2577 427 2640 Veniunt
450 2580 501 2657 qui
525 2577 665 2659 rendunt,
689 2585 818 2639 veneunt
840 2595 916 2657 quae
940 2575 1118 2657 venduntur.

298 2684 529 2745 Consuescimus
552 2684 642 2765 bona,
666 2686 863 2745 insuescimus
888 2682 975 2762 mala,
998 2681 1203 2745 adsuescimus
1227 2693 1361 2764 utraque.

299 2790 482 2871 Contingunt
506 2790 594 2871 bona,
617 2791 755 2852 accidunt
778 2790 865 2872 mala,
890 2792 1030 2851 eveniunt
1053 2798 1188 2870 utraque.

297 2897 320 2957 F
323 2900 392 2978 uugi
415 2916 502 2978 agere
526 2906 585 2978 est,
608 2897 729 2977 deiuugi
754 2897 894 2974 [delicere
920 2883 977 2974 vel]
1001 2916 1153 2978 peragere.

297 3003 474 3066 adolescere
489 3006 639 3086 augmenti
654 3013 708 3085 cst,
727 2987 890 3063 inolescere
906 3006 1102 3086 coaugmenti,
1126 3005 1294 3066 exolescere
1310 3010 1513 3070 evanescendi.

296 3112 412 3172 dvenae
427 3113 528 3174 sterile
542 3131 674 3194 germen,
693 3111 823 3173 habenae
838 3111 1001 3171 retinacula
1021 3113 1231 3173 iumentorum.
1264 3112 1320 3172 hoc
1335 3112 1371 3172 de
1386 3113 1514 3175 habendi
1528 3130 1554 3170 as

209 3227 371 3302 potestate,
393 3219 465 3280 illud
489 3220 525 3281 de
549 3219 713 3300 occupandi
739 3218 875 3279 aviditate
899 3217 1019 3278 dictum.

297 3326 448 3387 Deuncem
472 3327 575 3389 dceem
598 3329 700 3388 uncias
723 3326 862 3399 dicimus,
886 3324 1024 3385 dicacem
1047 3325 1193 3387 urrdecim.

298 3433 491 3494 Pulchritudo
521 3436 632 3496 formae
659 3437 691 3494 in
714 3434 785 3492 viris
814 3431 955 3514 dignitas,
985 3432 1063 3493 uude
1088 3433 1192 3495 Cicero
1215 3452 1270 3514 pro
1294 3433 1391 3495 Caelio
1416 3431 1513 3515 ‘quis

210 3558 278 3599 non
307 3543 424 3620 possit
451 3538 534 3600 huic
563 3542 673 3601 aetati
701 3548 809 3617 atque
842 3538 928 3598 huic
960 3537 1145 3620 dignitati,
1178 3543 1252 3600 etsi
1286 3544 1362 3620 sine
1395 3547 1513 3623 suspi-

299 3719 312 3765 1
334 3711 436 3779 aliquis
449 3710 516 3766 talis
532 3712 569 3766 M
582 3710 742 3782 aliquantus
756 3709 784 3762 Β
798 3708 901 3778 aliquis
919 3725 934 3763 e
1006 3715 1022 3763 2
1041 3708 1096 3763 nisi
1114 3727 1170 3765 uno
1188 3710 1251 3767 loeo
1266 3716 1294 3767 et
1312 3720 1346 3785 q‘e
1365 3715 1418 3769 hoe
1431 3715 1513 3769 mira-

208 3791 265 3845 bile
288 3808 344 3844 uno
367 3792 429 3845 loco
453 3807 572 3859 namque
598 3791 634 3843 M
656 3788 710 3843 nisi
733 3807 788 3843 uno
813 3788 874 3843 loco
894 3805 1015 3858 namque
1033 3793 1060 3845 Β
1079 3792 1133 3847 nisi
1151 3793 1181 3846 in
1198 3809 1254 3847 uno
1273 3794 1335 3849 loco
1352 3812 1474 3863 namque
1494 3795 1518 3850 0

208 3870 261 3926 nisi
280 3887 335 3925 uno
354 3871 415 3925 loco
435 3872 465 3924 et
482 3871 563 3940 quasi
581 3870 635 3925 boc
652 3868 782 3924 mirabile
795 3886 916 3937 namque
935 3885 964 3926 s:
985 3871 1062 3941 Verg.
1077 3888 1163 3941 georg.
1181 3874 1333 3928 1111125
1388 3881 1404 3926 3
1425 3874 1513 3929 Oeba-

184 3949 264 4004 'liae
282 3964 300 4007 ς
319 3950 426 4005 eboliae
445 3951 472 4003 B
491 3951 581 4005 eabae
602 3950 636 4016 0,
655 3951 806 4003 lalaetano
824 3966 874 4005 ona.
895 3951 933 4002 M
1017 3951 1179 4020 bnsmpari
1198 3953 1225 4004 B
1311 3954 1409 4025 8vel]
1436 3956 1516 4011 uelut

209 4029 308 4084 MBG
376 4031 468 4086 facere
487 4032 627 4101 syllabam
645 4030 704 4084 BC
720 4030 831 4099 syllaba
848 4029 946 4084 baberi
967 4033 1004 4084 M
1073 4039 1168 4087 besse
1189 4031 1213 4085 0
1233 4035 1277 4086 est
1294 4033 1335 4099 Β,
1354 4050 1404 4088 oen.
1426 4037 1463 4088 M

210 4118 241 4164 10
260 4109 489 4180 conglutinantur
508 4112 532 4166 G
548 4111 758 4182 conglutinatur
776 4110 803 4162 Β
873 4116 904 4163 11
925 4110 1049 4182 Latium]
1073 4110 1191 4166 latinum
1209 4112 1237 4165 Β
1256 4112 1401 4168 latinos&
1453 4118 1514 4169 orta

208 4195 252 4246 est
267 4194 297 4247 el
314 4191 404 4246 maior
424 4192 459 4244 M
548 4190 667 4247 maiores
686 4191 784 4261 populi
804 4189 828 4244 0
916 4198 948 4244 13
972 4192 1048 4262 raro]
1073 4209 1135 4247 roro
1154 4209 1223 4246 corr.
1243 4194 1279 4246 ol.
1297 4209 1332 4247 m.
1351 4210 1414 4248 raro
1432 4194 1460 4246 B

207 4273 276 4327 iacit
294 4272 397 4327 habere
415 4271 443 4324 Β
517 4278 550 4326 14
569 4270 672 4325 dieitur
689 4287 739 4326 om.
760 4271 797 4324 M
862 4271 977 4324 arbusta
996 4271 1104 4328 nonnisi
1122 4272 1265 4327 fructifera
1282 4272 1363 4327 Beda
1379 4290 1407 4340 p.
1426 4280 1513 4341 2778,

207 4354 289 4407 arbos
307 4351 418 4406 nonnisi
437 4351 580 4407 fructifera
599 4352 667 4405 ΜΒ
687 4350 734 4404 sed
754 4349 864 4404 nonnisi
882 4349 1027 4406 fmcbilera
1046 4351 1070 4405 (J
1127 4357 1159 4404 17
1179 4353 1340 4405 mansuetae
1354 4350 1413 4404 lieri
1434 4353 1470 4404 M

210 4440 242 4487 18
261 4433 337 4487 ferae
356 4435 385 4487 eb
404 4432 477 4487 saxis
495 4432 554 4486 ΒΟ
569 4438 594 4485 et
611 4433 690 4486 Beda
706 4450 735 4502 p.
755 4436 833 4486 2782
942 4437 976 4485 19
1000 4433 1086 4486 rubor
1105 4435 1183 4500 (corr.
1203 4432 1297 4499 robur)
1316 4430 1404 4483 uirtus
1430 4431 1513 4484 robor

208 4511 333 4565 arbori}
403 4518 438 4565 20
458 4513 540 4582 quae]
560 4512 608 4580 qui
629 4514 707 4566 Met
725 4512 940 4579 Bedap.2804
1012 4516 1046 4564 22
1066 4511 1215 4579 conligunt
1234 4512 1270 4563 M
1340 4516 1374 4562 23
1394 4509 1512 4563 deficere

206 4593 252 4646 rel
276 4609 327 4647 orn.
346 4592 406 4646 BG
421 4598 446 4646 et
464 4592 551 4646 Beda.
571 4609 601 4659 p.
620 4598 707 4657 2785,
726 4593 790 4647 add.
810 4592 847 4645 M
935 4595 969 4643 24
988 4589 1145 4660 augmenti]
1170 4589 1272 4643 mentis
1294 4590 1321 4642 Β
1412 4607 1512 4644 euane-

206 4671 302 4726 scendi
322 4675 337 4737 ᾗ
357 4673 395 4725 M
411 4670 629 4726 enaniscendiB
693 4676 727 4724 27
748 4671 843 4726 decem
858 4671 952 4725 untias
971 4667 1096 4724 decimus
1114 4667 1142 4720 Β
1205 4673 1239 4722 28
1258 4684 1308 4736 pro
1323 4667 1417 4723 Caelio
1437 4669 1510 4740 quis]

206 4765 257 4819 pro
281 4748 383 4818 aliquis
408 4750 441 4804 0:
467 4750 521 4806 Cic.
542 4768 572 4818 p.
593 4750 664 4804 Cael.
684 4756 748 4814 3,‹9
838 4757 872 4804 29
896 4749 961 4804 huie
980 4749 1130 4818 posteriore
1147 4749 1204 4802 loeo
1222 4763 1310 4816 emp
1402 4752 1431 4804 el
1454 4751 1512 4804 sine

207 4827 394 4898 suspicatione
412 4830 439 4882 Β
459 4829 570 4885 etiamsi
589 4830 648 4884 sine
667 4828 858 4899 suspicionep
