3316 5474
166 409 232 475 518
604 408 790 485 [conuncu
815 405 1038 483 rnonrours]

166 597 364 659 basileensem
388 608 418 660 et
441 598 599 660 Putschius
623 609 654 660 et
677 600 823 680 Georgius
845 594 1000 661 Fabricius
1029 594 1326 661 ‘Grammaticorum
1358 607 1492 660 veterum

166 703 256 765 libelli
291 705 328 766 de
364 709 546 786 proprietate
579 715 609 767 et
640 706 816 768 dillerentiis
850 707 996 767 sermonis
1028 699 1136 766 Latini’
1174 704 1305 786 Lipsiae
1341 725 1371 767 a.
1409 702 1490 768 1569

166 815 260 874 secuti
293 821 375 895 sunt,
408 832 424 873 o
457 813 565 892 quibus
597 813 759 875 Putschius
792 812 912 893 quidem
944 831 1051 894 pauca,
1087 810 1246 873 Fabricius
1284 831 1365 874 vero
1399 811 1488 874 multa

166 937 218 979 sua
260 922 431 980 coniectura
473 922 603 981 mutavit.
671 919 798 981 Fabricii
843 921 1003 982 editionem
1047 918 1154 980 deinde
1196 918 1419 983 Gotbotredus
1458 922 1486 980 iu

165 1025 337 1087 auctoribus
368 1026 474 1087 latinae
507 1025 622 1105 linguae
656 1029 794 1107 repetivit
824 1075 830 1087 .
861 1035 964 1107 postea
1000 1029 1128 1087 inventis
1164 1027 1311 1106 epistulis
1353 1034 1387 1088 et
1423 1044 1485 1087 ora·

165 1131 297 1194 tionibus
319 1133 478 1194 Frontonis
502 1133 613 1194 lactum
636 1143 682 1194 est
705 1143 738 1195 ut
761 1133 810 1194 hic
833 1152 952 1214 quoque
976 1132 1064 1214 liber,
1092 1135 1235 1213 quoniam
1261 1132 1337 1194 iude
1362 1152 1381 1193 a
1403 1135 1483 1213 prin·

165 1242 230 1320 cipe
255 1239 385 1300 editione
409 1241 528 1300 nomine
547 1239 707 1301 Frontonis
726 1242 888 1320 inscriptus
907 1238 1073 1321 terebatur,
1095 1240 1194 1300 denuo
1214 1240 1378 1301 ederetur.
1415 1258 1482 1301 nam

166 1349 295 1427 primum
318 1346 412 1407 Maius
435 1365 503 1407 eum
527 1345 650 1407 editioni
674 1347 833 1408 Frontonis
853 1346 1065 1408 Mediolanensi
1088 1345 1210 1426 adiecit3
1234 1345 1289 1407 sed
1311 1349 1341 1407 is
1360 1355 1481 1428 praeter

165 1472 276 1534 paucos
298 1453 393 1535 locos,
416 1456 446 1515 iu
470 1452 579 1532 quibus
603 1456 785 1533 antiquiores
809 1453 955 1515 editiones
977 1452 1124 1533 adhibuit,
1149 1451 1287 1514 Putschii
1313 1455 1480 1516 editionem

166 1562 342 1642 expressit.
370 1560 476 1622 deiude
505 1561 583 1622 idem
611 1560 686 1622 liber
714 1569 854 1641 receptus
881 1569 928 1622 cst
954 1562 986 1622 in
1013 1560 1172 1621 editionem
1201 1558 1436 1623 berolinensem
1463 1580 1479 1621 a

166 1667 329 1729 Niebuhrio
364 1675 394 1728 et
426 1670 490 1728 cius
522 1670 625 1728 amicis
659 1670 778 1750 iactam,
811 1671 842 1729 iu
874 1686 932 1747 qua
960 1667 1171 1748 Buttmannus,
1203 1669 1256 1746 qui
1289 1667 1366 1729 huic
1399 1671 1479 1749 parti

164 1779 264 1855 operis
282 1775 424 1856 praefuit,
443 1784 473 1835 ct
490 1774 634 1836 lectiones
653 1779 787 1855 priorum
806 1776 971 1836 editionum
990 1784 1019 1835 et
1038 1793 1107 1835 suas
1121 1774 1345 1856 adnotationes,
1365 1794 1478 1855 paucas

167 1884 254 1942 etiam
273 1881 437 1943 lleiudorhi
456 1881 593 1961 adposuit
608 1932 614 1942 .
629 1882 735 1943 horum
755 1885 855 1962 copiis·
867 1883 996 1963 denique
1011 1882 1103 1943 hlaius
1118 1884 1148 1942 iu
1163 1880 1295 1942 Romana
1311 1882 1477 1945 Frontonis

166 1988 295 2050 editione
319 2008 393 2050 usus
417 1999 470 2050 est.

254 2096 347 2177 llaec,
371 2115 446 2175 quae
470 2095 541 2156 mihi
566 2096 680 2157 collatis
703 2099 782 2157 inter
805 2116 837 2157 se
862 2095 1079 2177 exemplaribus
1101 2096 1170 2157 olim
1198 2099 1358 2178 impressis
1387 2099 1476 2161 facilc

167 2212 382 2283 apparuerunt,
406 2206 554 2284 enarravi,
579 2212 611 2264 ut
634 2222 693 2263 uuo
713 2202 904 2284 Neapolitano
924 2202 1025 2264 codice
1049 2202 1128 2264 hunc
1152 2202 1284 2266 libellum
1309 2209 1475 2268 memoriae

165 2309 315 2389 proditum
339 2328 406 2370 esse
434 2309 664 2388 intellegeretur.
712 2328 747 2370 ex
775 2329 834 2389 quo
863 2309 951 2370 simul
980 2308 1050 2370 illud
1080 2319 1216 2391 apparet,
1244 2330 1356 2374 nomen
1380 2313 1474 2374 Fron·

168 2419 247 2477 tonis
270 2419 299 2477 in
323 2419 458 2497 principe
482 2416 612 2476 editione
636 2416 766 2478 additum
791 2417 901 2478 nullam
925 2421 1131 2478 auctoritatem
1154 2417 1279 2499 habere,
1307 2421 1363 2481 sed
1387 2420 1475 2482 vela

165 2524 322 2585 Parrhasio
346 2524 391 2584 vel
415 2523 451 2584 ab
475 2542 510 2583 eo
534 2525 584 2601 qui
608 2523 822 2605 apographum,
848 2543 907 2602 quo
930 2524 980 2584 illc
1004 2523 1156 2603 utebatur,
1180 2526 1292 2585 iecerat
1315 2528 1474 2588 inventum

165 2650 239 2692 esse.
286 2631 383 2692 eidem
407 2633 521 2692 auctori
541 2629 577 2690 ab
596 2629 676 2690 ltalis
696 2631 833 2691 drusiani
852 2630 952 2693 blessii
975 2631 1108 2711 exempla
1132 2630 1333 2692 elocutionum
1359 2631 1475 2694 tributa

165 2757 231 2799 esse
255 2758 343 2819 supra
368 2759 395 2818 p.
418 2736 486 2799 444
509 2737 577 2797 dixi.
623 2738 659 2797 de
683 2740 872 2817 grammatica
895 2745 995 2799 autem
1018 2737 1177 2798 Frontonis
1205 2737 1341 2799 doctrina
1370 2742 1392 2799 ii
1421 2741 1473 2819 qui

164 2847 221 2908 hoc
244 2849 440 2908 instituerunt
459 2845 599 2926 Gellium,
623 2864 639 2903 a
663 2864 722 2924 quo
746 2864 834 2924 saepe
857 2838 936 2905 illius
959 2846 1139 2905 mentionem
1164 2847 1270 2907 iactam
1294 2864 1362 2906 esse
1386 2865 1473 2926 repe-

165 2954 294 3036 riebant,
317 2962 469 3015 auctorem
494 2951 632 3012 videntur
656 2953 751 3012 secuti
775 2969 849 3011 esse.
896 2970 954 3011 nou
979 2954 1120 3011 maiorem
1150 2953 1237 3013 lidem
1270 2951 1360 3013 habet
1383 2952 1473 3013 Plinii

166 3080 287 3141 nomeu,
315 3061 393 3140 quod
419 3058 637 3119 Lindemanuus
666 3061 695 3118 iu
725 3060 782 3118 hue
807 3058 945 3119 editionis
969 3059 1093 3120 Charisii
1118 3078 1144 3138 p.
1172 3055 1233 3119 1t6
1257 3061 1371 3140 posuit,
1401 3078 1472 3121 cum

165 3170 430 3248 praescriptionem
462 3166 529 3226 libri
562 3165 618 3225 hoc
655 3165 742 3225 modo
778 3169 918 3246 scriptam
955 3166 1121 3247 exhiberet,
1160 3169 1273 3243 Incipit
1309 3186 1392 3228 nnnc
1426 3169 1472 3227 Pl.

166 3277 302 3336 Secundi
328 3277 505 3349 differnrtin
533 3276 694 3334 oerlrorurn
722 3282 751 3333 et
779 3278 938 3334 nominum.
985 3284 1120 3334 ceterum
1147 3291 1203 3351 qua
1227 3283 1323 3334 aetate
1351 3272 1472 3334 libellus

166 3384 296 3462 scriptus
328 3390 421 3463 esset,
454 3400 542 3460 quem
575 3379 662 3460 paulo
695 3382 892 3459 antiquiorem
923 3399 988 3441 esse
1012 3388 1098 3461 puto,
1129 3397 1215 3458 quam
1244 3379 1390 3459 plurimos
1418 3383 1473 3460 qui

167 3506 245 3548 nunc
265 3496 427 3568 supersunt
446 3488 674 3548 commentarios
693 3486 729 3546 de
753 3485 941 3562 differentiis,
965 3489 1078 3547 certius
1096 3487 1212 3547 deliniri
1230 3496 1345 3568 posset,
1370 3488 1473 3567 siquid

167 3594 202 3654 de
226 3597 374 3655 Antonino
398 3597 587 3673 grammatico
612 3613 639 3672 p.
664 3590 782 3674 banaa
806 3593 951 3673 appellato
974 3601 1160 3673 compertum
1183 3593 1370 3655 haberemus.

256 3702 288 3763 lu
313 3721 386 3762 nova
410 3701 540 3763 editione
564 3701 722 3761 lectionem
745 3701 780 3760 ad
805 3702 893 3762 fidem
922 3700 1033 3761 codicis
1057 3699 1255 3782 Neapolitani,
1285 3719 1376 3780 quem
1399 3701 1472 3763 olim

167 3827 235 3869 cum
263 3809 397 3869 Putschii
426 3808 554 3869 editione
583 3808 782 3889 contuleram,
809 3810 973 3869 revocari.
1002 3810 1033 3868 in
1061 3808 1248 3869 adnotatione
1276 3806 1413 3870 subiecta
1442 3819 1474 3872 et
1526 3878 1533 3891 ,

167 3916 279 3976 codicis
302 3925 332 3976 et
354 3918 497 3995 principis
525 3915 663 3975 editionis
691 3915 918 3996 discrepantiam
946 3918 1090 3994 integram
1119 3913 1252 3994 exlrihui3
1280 3933 1316 3975 ex
1344 3916 1473 3995 reliquis

167 4021 346 4084 editionibus
375 4042 408 4083 ea
437 4041 511 4102 quae
541 4023 739 4083 memorabilia
768 4043 833 4083 esse
861 4022 1036 4083 videbantur
1064 4021 1161 4083 addidi
1186 4071 1192 4081 .
1215 4030 1370 4102 practerea
1399 4042 1470 4084 cum

167 4130 247 4191 Beda
270 4132 300 4191 in
325 4129 564 4210 orthographiam
588 4150 670 4191 suam
695 4131 837 4210 quaedam
862 4149 896 4190 ex
926 4130 981 4189 hoc
1009 4128 1085 4190 libro
1114 4131 1289 4209 recepisset,
1316 4131 1348 4190 in
1377 4130 1472 4191 altera

167 4238 364 4299 adnotationis
396 4244 479 4317 parte
517 4237 597 4297 loros
634 4237 713 4297 illius
751 4241 802 4317 qui
838 4237 897 4299 huc
929 4238 1080 4316 pertinent
1112 4255 1214 4296 omnes
1247 4233 1376 4296 indicari
1405 4286 1411 4298 .
1440 4241 1472 4299 iu

168 4347 271 4407 eodem
299 4345 364 4405 loco
396 4364 489 4424 paura
521 4364 556 4404 ex
586 4344 686 4404 codiee
715 4344 972 4425 hloutepessulauo
1000 4341 1065 4404 306
1095 4362 1172 4403 nouo
1205 4341 1322 4403 saeculo
1356 4346 1473 4425 scripto

169 4461 320 4533 excerpta,
344 4470 420 4530 (quae
443 4453 506 4530 ipsa
531 4470 648 4530 quoque
673 4471 708 4512 cx
731 4451 788 4511 hoc
808 4451 883 4512 libro
902 4453 993 4530 petita
1013 4457 1096 4531 suut,
1119 4451 1231 4529 posui.
1252 4450 1282 4508 iu
1305 4468 1342 4509 eo
1366 4451 1473 4514 codiee

168 4562 247 4619 euim
280 4568 398 4639 praeter
425 4558 497 4618 alios
525 4558 561 4618 de
590 4560 764 4619 differentiis
792 4557 1001 4619 vocabulorum
1030 4558 1257 4618 commentarios
1288 4556 1306 4615 l.
1336 4554 1473 4623 36-58

168 4666 276 4745 legitur
299 4666 497 4746 amplissimus
517 4666 553 4725 de
573 4665 628 4725 hoc
647 4684 755 4743 genere
775 4665 850 4726 liher
869 4665 972 4726 ordine
991 4666 1157 4726 litterarum
1179 4662 1356 4741 dispositus,
1380 4681 1474 4742 quem

170 4771 318 4833 [luebneri
341 4792 430 4852 opera
454 4773 635 4852 descriptum
659 4771 815 4853 habebam,
838 4776 927 4849 incip.
948 4774 1143 4847 differentiae
1160 4773 1302 4832 similium
1320 4775 1476 4835 orationis

166 4883 301 4957 perrarum
325 4898 345 4939 o
373 4882 518 4942 Cicerone
541 4888 570 4941 et
593 4882 631 4941 ab
655 4883 724 4940 aliis
746 4882 932 4956 sapientibus
961 4883 1035 4940 otro
1063 4883 1093 4940 in
1120 4898 1210 4940 sensu
1234 4884 1264 4938 et
1291 4881 1475 4945 litteratura
