3316 5474
250 368 316 439 402
583 412 586 419 ‚
811 374 984 430 oosrrum

250 488 271 525 p.
286 477 318 518 at.
333 478 358 517 32
374 477 402 516 Η.

250 570 375 640 egomet.
421 564 537 623 numeri
567 570 637 623 sunt
665 562 704 642 tl,
732 561 888 641 singularis
922 570 955 621 ut
986 561 1050 642 hic,
1081 560 1204 640 pluralis
1237 572 1269 623 ut
1300 561 1339 622 hi.
1386 563 1563 622 eommunis

251 687 368 749 quoque
392 688 535 730 numerus
554 671 716 730 invonitur:
740 668 867 730 dicimus
886 671 965 729 enirn
983 671 1037 748 qui
1055 671 1099 729 vir
1118 677 1147 728 et
1167 671 1217 748 qui
1237 671 1299 729 viri.
1337 687 1424 729 casus
1445 667 1561 747 quilius

250 775 436 837 declinantur
465 776 586 838 totidem
616 785 688 855 quot
712 785 743 836 et
765 778 925 837 nominum.
971 795 1116 857 personae
1141 785 1214 855 tres,
1243 794 1298 854 ogo
1322 784 1355 835 tu
1377 774 1436 835 ille.
1484 783 1560 837 sunt

249 890 279 943 et
308 885 482 963 pronomina
510 883 545 944 ad
574 882 700 965 aliquid,
727 893 761 944 ιιι
788 902 872 944 meus
899 892 983 945 tuus:
1016 902 1082 943 nam
1115 892 1145 943 et
1175 882 1248 943 haec
1277 885 1340 943 sinc
1368 882 1464 943 altero
1495 901 1557 943 uon

248 998 374 1069 possunt
397 989 535 1070 intellegi.
1083 970 1092 981 ⁵
1369 973 1372 978 ’
1483 978 1488 989 ’
1568 1004 1582 1045 ι

336 1096 399 1177 Ego
422 1091 502 1175 ἐγώ,
527 1101 584 1158 mei
607 1097 652 1158 vel
677 1100 732 1157 mis
756 1093 853 1178 ἐμοῦ,
878 1096 947 1156 milri
972 1093 1060 1178 ἐμοί,
1083 1117 1130 1157 me
1150 1092 1221 1177 ἐμέ,
1244 1116 1261 1156 o
1282 1116 1336 1176 ego
1356 1083 1382 1157 ὦ
1402 1091 1468 1176 ἐγώ
1485 1091 1556 1178 (sed

250 1207 414 1266 vocativum
437 1205 546 1265 habere
570 1223 629 1265 non
658 1214 769 1286 potest,
797 1208 865 1285 quia
893 1222 980 1265 nemo
1007 1205 1080 1265 dicit
1107 1223 1124 1264 o
1153 1224 1221 1285 ego,
1248 1207 1304 1264 nisi
1332 1221 1349 1262 o
1377 1204 1554 1266 exclamatio

248 1314 300 1387 sit,
329 1321 361 1373 ut
389 1312 467 1392 apud
495 1311 649 1372 Horatium
678 1306 707 1371 ‘o
736 1331 800 1391 ogo
828 1310 970 1392 infelix,
1004 1330 1107 1391 quern
1136 1321 1170 1372 tu
1200 1305 1340 1394 fugis')‚
1372 1329 1388 1371 a
1417 1329 1465 1371 me
1493 1295 1551 1372 ἀπ’

248 1412 345 1498 ἕμοῦε
368 1418 491 1498 pluralis
515 1437 569 1478 nos
592 1409 700 1498 ἡμεῖς,
725 1427 859 1480 nostrum
881 1409 994 1500 ἡμῶν,
1017 1419 1104 1479 noltis
1127 1409 1223 1498 ἡμῖν,
1247 1438 1301 1486 ιιοιι
1324 1408 1425 1499 ἡμᾶς,
1453 1438 1471 1478 o
1497 1438 1554 1479 nos

248 1510 274 1587 ὦ
298 1516 392 1606 ἡμεῖς
413 1518 486 1608 (uec
508 1525 631 1606 pluralis
654 1526 742 1587 habet
767 1527 945 1605 vocativum,
969 1527 1025 1586 nisi
1044 1543 1138 1604 aeque
1157 1525 1328 1586 exclamatio
1347 1528 1398 1605 sit,
1426 1534 1459 1586 αι
1481 1545 1552 1588 cum
1568 1545 1595 1585 ro

247 1633 374 1693 dicimus
397 1627 426 1692 ‘o
448 1652 500 1693 nos
520 1627 659 1716 felices')‚
678 1653 693 1693 a
714 1633 798 1693 nobis
818 1622 876 1712 ἀφ’
898 1622 1001 1712 ἡμῶν.
1039 1650 1201 1711 pronomen
1222 1632 1277 1692 linc
1298 1634 1386 1693 trium
1405 1651 1553 1711 generum

250 1748 297 1799 est
319 1758 475 1800 commune
500 1739 583 1818 [ego]
609 1787 615 1799 .
641 1749 671 1800 tu
696 1732 754 1817 σύ,
784 1742 826 1799 tui
850 1738 895 1798 vel
919 1740 957 1799 tis
981 1735 1068 1815 σοῦ,
1097 1742 1154 1799 tibi
1179 1737 1249 1817 σοί,
1278 1748 1305 1799 te
1335 1734 1388 1815 σε’,
1415 1758 1432 1798 o
1463 1749 1495 1800 tu
1525 1725 1552 1800 oi

247 1837 304 1926 od,
327 1865 343 1905 a
368 1857 395 1906 tc
419 1836 484 1907 dard
509 1845 586 1909 ocri:
609 1845 732 1926 pluralis
756 1864 807 1905 vos
830 1835 939 1926 ὑμεῖς,
966 1854 1099 1907 vestrum
1123 1836 1233 1926 ὑμῶν,
1262 1846 1344 1905 volvis
1372 1837 1468 1926 ὑμῖν,
1499 1867 1553 1908 vos

246 1943 347 2032 ὑμᾶς,
384 1973 401 2013 o
435 1972 486 2014 vos
519 1939 545 2016 ci
578 1945 671 2032 ὑμεῖς
708 1946 779 2035 (troc
812 1972 931 2032 quoque
968 1972 1131 2033 pronomen
1165 1955 1297 2014 omnium
1329 1971 1471 2032 generum
1506 1962 1554 2016 ost

246 2077 411 2120 commune.
457 2066 516 2121 non
540 2069 587 2121 est
609 2060 763 2121 refutanda
787 2078 891 2121 eorum
909 2065 1057 2123 sententio
1076 2108 1084 2134 ‚
1103 2061 1155 2139 qui
1173 2059 1312 2120 dixerunt
1326 2063 1356 2119 in
1372 2059 1551 2138 rpribusdam
1567 2080 1593 2120 rs

246 2167 473 2247 pronominibus
497 2169 660 2229 vocativum
685 2185 743 2227 non
767 2185 854 2247 posse
879 2165 1000 2248 cadere,
1028 2185 1095 2227 cum
1120 2169 1207 2227 etiarn
1231 2186 1323 2245 paone
1352 2168 1380 2226 in
1411 2168 1552 2230 omnihus

243 2277 473 2350 pronominibus
496 2293 555 2336 nori
579 2273 685 2334 debeat
707 2292 773 2334 esse
798 2276 955 2336 vocativus,
1003 2275 1053 2334 sed
1080 2292 1148 2353 noo,
1176 2292 1234 2333 non
1259 2274 1337 2352 quod
1356 2275 1552 2360 'refragamur

246 2386 373 2456 rationi,
398 2384 561 2442 vocativum
585 2381 760 2461 adiecimus,
783 2380 835 2440 sed
860 2383 998 2460 quioniam
1022 2388 1192 2440 contextum
1212 2380 1415 2441 declinationis
1438 2382 1551 2443 habere

246 2488 405 2564 voluimus,
439 2491 634 2568 inseruimus,
667 2504 843 2565 quamquam
873 2505 932 2546 oon
960 2480 1056 2547 solum
1089 2490 1252 2548 vocativum
1285 2506 1343 2547 non
1372 2490 1552 2571 invenimus,

249 2597 462 2657 verumetiam
493 2597 522 2655 in
547 2592 722 2673 quibusdam
747 2611 833 2653 casus
856 2594 983 2654 deficere
1011 2587 1173 2676 videmus),
1201 2613 1217 2654 a
1246 2595 1327 2655 vvobis
1354 2585 1413 2675 ἀφ’
1442 2585 1594 2676 daciam

335 2701 461 2780 Trigena
481 2700 595 2761 alvlrine.
634 2685 732 2773 οὗτος
753 2692 876 2761 τούτου
898 2694 953 2761 καὶ
976 2690 1060 2779 αὕτη
1084 2693 1205 2780 ταύτης
1226 2695 1281 2761 καὶ
1303 2699 1402 2762 τοῦτο
1426 2694 1552 2765 τούτου

245 2811 293 2871 liic
317 2810 388 2869 lraoc
413 2809 482 2891 hoc,
507 2807 609 2881 liutius,
634 2808 717 2888 huic,
741 2808 820 2869 lirino
844 2808 919 2869 hanc
943 2808 1012 2889 lroc,
1036 2828 1053 2866 o
1074 2817 1119 2891 tu,
1143 2807 1178 2868 alt
1204 2808 1258 2868 hoc
1282 2808 1317 2868 ab
1342 2808 1395 2868 lrac
1419 2808 1454 2869 ab
1479 2810 1551 2873 hoc:

246 2917 283 2997 pt.
309 2900 401 2978 οὗτοι
425 2907 553 2977 τούτων
576 2909 631 2975 καὶ
655 2899 753 2976 αὗται
781 2907 910 2976 τούτων
931 2909 935 2996 Ι
955 2909 1010 2976 καὶ
1038 2912 1141 2976 ταῦτα
1169 2907 1298 2976 τούτων
1326 2916 1356 2975 lii
1384 2916 1438 2976 liae
1467 2916 1552 2999 haee,

245 3021 354 3084 horum
378 3023 482 3083 harum
506 3022 627 3102 trorum,
656 3019 719 3096 his,
748 3022 801 3082 lios
831 3022 991 3103 hesitare,
1019 3042 1036 3082 o
1063 3041 1127 3103 vos,
1155 3021 1191 3082 ab
1220 3023 1275 3084 his.
1321 3015 1420 3095 αὐτὸς
1443 3014 1552 3086 αὐτοῦ

244 3125 299 3192 καὶ
323 3121 406 3209 αὕτη
429 3121 532 3208 αὐτῆς
554 3124 609 3189 καὶ
633 3120 713 3190 αὐτὸ
739 3121 842 3191 αὐτοῦ
866 3132 949 3190 isca
974 3129 1017 3211 id,
1041 3107 1119 3204 eliis,
1148 3132 1190 3204 ei,
1219 3150 1287 3192 oum
1317 3151 1380 3191 earn
1409 3131 1451 3211 id,
1481 3151 1498 3191 o
1524 3136 1551 3193 is
1565 3154 1592 3192 aa

245 3257 262 3297 o
287 3247 318 3298 tu
342 3257 359 3296 o
384 3236 430 3318 td,
457 3235 492 3295 alr
516 3254 552 3296 eo
576 3254 609 3295 ea
633 3255 682 3298 eo:
710 3235 747 3314 pl.
772 3226 868 3296 αὐτοὶ
892 3227 1003 3297 αὐτῶν
1030 3231 1085 3298 καὶ
1114 3226 1211 3298 αὐταὶ
1239 3228 1350 3298 αὐτῶν
1379 3233 1433 3299 καὶ
1464 3231 1551 3301 αὐτὰ

245 3335 355 3405 αὐτῶν
378 3346 400 3404 ii
423 3363 474 3404 eae
498 3362 547 3424 ea,
575 3361 678 3403 eorum
703 3360 806 3403 earum
834 3360 952 3422 eorum,
981 3344 1017 3402 iis
1045 3345 1089 3403 eis
1118 3345 1173 3422 oio,
1201 3362 1253 3404 eos
1281 3363 1330 3403 cas
1358 3364 1407 3425 oa,
1435 3364 1452 3404 o
1481 3348 1500 3406 ii
1530 3368 1549 3407 o

244 3470 295 3511 eae
324 3469 342 3509 o
370 3469 417 3531 ea,
447 3448 481 3510 ab
512 3452 548 3510 iis
576 3449 612 3510 ab
641 3452 684 3509 eis
713 3448 748 3508 alv
777 3452 820 3508 eis
844 3497 850 3509 .
876 3433 972 3522 οὗτος
1000 3443 1122 3511 τούτου
1151 3445 1206 3511 καὶ
1234 3441 1317 3530 αὕτη
1345 3444 1464 3531 ταύτης
1491 3449 1550 3515 καὶ

243 3555 341 3619 τοῦτο
365 3549 487 3618 τούτου
510 3559 566 3617 iste
590 3559 645 3617 ista
670 3566 699 3617 et
722 3559 813 3617 istaec
837 3558 917 3618 istud
941 3565 971 3617 et
994 3560 1086 3639 istuc,
1117 3561 1216 3640 istius,
1245 3561 1307 3640 isti,
1335 3561 1424 3620 istum
1447 3561 1549 3622 istunc

334 3729 424 3782 (lodex
442 3728 638 3797 Saopolfcaeie.
678 3731 743 3782 lut
761 3728 819 3798 hic]
840 3731 872 3781 ut
890 3728 919 3783 hi
992 3729 1139 3801 iquibus]
1160 3730 1226 3799 quia
1298 3731 1389 3786 timei
1411 3731 1456 3785 viel
1477 3734 1549 3788 meis

244 3830 298 3881 μου
317 3809 386 3863 mihi
406 3828 459 3878 μου
479 3811 557 3874 (corr.
578 3812 658 3876 εμου)
678 3826 722 3862 me
810 3815 841 3862 10
860 3809 922 3878 nea]
942 3825 976 3862 no
1063 3814 1094 3863 ut
1121 3816 1184 3863 orrte
1212 3827 1274 3863 eum
1301 3828 1349 3864 οαι.
1439 3819 1468 3864 11
1490 3807 1547 3879 ἀφ’

244 3887 336 3960 ἡμῶν]
364 3909 483 3957 αφωμον
571 3895 602 3943 12
631 3889 685 3959 tui]
713 3893 744 3943 tu
830 3888 880 3943 τοῦ
904 3888 957 3943 tibi
980 3906 1030 3943 om
1119 3897 1151 3942 15
1171 3890 1311 3944 sententia
1328 3908 1376 3945 οαι.
1466 3900 1498 3946 lo
1518 3895 1548 3948 in

245 3971 373 4027 omnibus
396 3969 498 4023 debeat
516 3985 576 4022 esse
657 3975 688 4023 17
707 3971 880 4039 refragamur
898 3969 1027 4024 avocatiuo
1045 3968 1197 4023 adiecimus
1279 3977 1313 4023 20
1331 3971 1359 4024 in
1379 3972 1547 4041 quibusdam

245 4050 343 4106 cadere
363 4048 489 4103 uidemus
571 4055 604 4102 24
623 4051 659 4105 ab
678 4051 733 4122 his]
752 4069 770 4104 a
788 4050 867 4105 uobis
949 4056 983 4104 25
1002 4050 1026 4103 is
1045 4050 1089 4120 aa]
1110 4051 1179 4104 haee
1198 4069 1230 4105 ea
1314 4052 1389 4122 eum]
1411 4071 1473 4106 cum

244 4138 278 4186 27
298 4128 326 4183 hi
346 4131 666 4186 haeeaeorumearum
686 4132 729 4186 his
748 4131 788 4185 eis
808 4131 848 4186 eis
867 4149 914 4186 eos
934 4147 980 4185 eas
999 4148 1033 4185 ea
1051 4148 1068 4185 o
1087 4130 1116 4184 hi
1135 4148 1152 4185 o
1171 4131 1222 4184 hae
1243 4147 1312 4185 oea
1331 4131 1366 4185 ab
1385 4132 1429 4186 his
1447 4134 1483 4186 ab
1503 4135 1548 4190 his

244 4212 280 4267 ab
299 4211 341 4266 eis
413 4215 447 4263 28
467 4203 539 4278 αὕτη
559 4206 673 4281 ταύτης]
694 4231 780 4280 αατης
850 4217 884 4265 29
904 4210 1003 4281 istaec]
1022 4209 1076 4266 iste

334 4381 349 4429 8
369 4372 443 4442 apud
464 4371 621 4442 Horatium]
642 4374 716 4441 epod.
736 4378 822 4437 12‚25
896 4378 928 4424 15
947 4388 1002 4426 non
1022 4376 1064 4426 est
1077 4373 1546 4431 refutandaeorumsentcntiaarc¹

245 4453 326 4509 Olvor.
344 4471 372 4522 p,
392 4457 496 4516 557&
571 4459 603 4505 16
622 4452 651 4504 in
670 4451 798 4506 omnibus
816 4451 1026 4521 pronominibus
1045 4469 1099 4507 non
1119 4454 1221 4509 debeat
1239 4472 1296 4509 esse
1320 4455 1466 4510 vocativus
1489 4476 1547 4514 ere.

245 4534 326 4588 tuor.
402 4539 432 4585 17
453 4549 508 4586 non
527 4532 593 4585 dum
613 4532 785 4603 refragamur
803 4531 905 4585 rationi
920 4532 1078 4587 vocativum
1093 4533 1244 4589 adiecimus
1259 4536 1403 4590 Ilimuedes
1415 4553 1443 4603 p.
1454 4542 1548 4604 330‚1,

245 4614 365 4668 nondum
385 4612 557 4681 refragamur
575 4613 676 4667 rationi
695 4611 851 4666 vocativum
871 4610 1024 4667 adicientes
1044 4614 1187 4669 Charisius
1201 4634 1231 4684 p.
1251 4621 1366 4682 raaia,
1387 4634 1440 4669 ιιοιι
1460 4617 1547 4670 refra-

245 4710 344 4762 gamur
362 4691 463 4745 rationi
482 4693 639 4746 vocativum
661 4692 813 4747 adiecimus
832 4693 915 4747 codem
929 4699 1113 4762 excerptorum
1129 4695 1208 4749 Olor.
1283 4705 1316 4751 ‘20
1334 4699 1363 4751 in
1378 4699 1547 4767 quibusdum

245 4790 322 4828 cesus
349 4771 465 4825 deficere
487 4771 614 4826 videmus
637 4790 692 4827 exe.
714 4771 793 4827 tvtar.
813 4777 837 4828 et
855 4773 1011 4840 Diomedes,
1038 4775 1067 4827 in
1095 4775 1262 4844 quibusdam
1291 4780 1399 4833 casibus
1427 4780 1546 4836 deficere

245 4851 371 4907 videmos
389 4867 423 4905 ea
442 4851 584 4906 Olmriaius
