3316 5474
238 383 304 447 310
333 401 337 413 ·
822 384 948 438 ALBINI

234 495 255 532 p.
269 485 376 524 ssu-u
390 485 414 524 a.

235 568 348 629 Sensus
362 588 468 630 nomen
485 580 530 643 est
548 580 670 650 quartae
684 570 890 631 declinationis
909 579 939 632 et
957 572 1145 650 participium
1162 579 1208 631 est
1221 549 1375 651 praeteriti
1394 571 1540 650 tempom's

234 684 250 725 a
274 666 365 726 verbo
388 673 519 749 passivo,
542 669 620 748 quod
644 678 690 730 est
713 671 835 749 sentior,
858 672 944 731 cuius
963 670 1050 728 etiam
1074 669 1240 747 perlectum
1263 677 1309 729 est
1332 686 1438 729 sensus
1462 685 1540 748 sum,

233 780 339 824 sensus
369 783 415 847 es,
443 785 549 828 sensus
575 775 634 848 est,
662 786 721 828 non
752 771 888 829 sentitus.
935 765 1093 846 Secturus‚
1121 779 1184 826 non·
1209 775 1379 846 secaturus,
1406 786 1423 827 a
1446 766 1539 827 verbo

233 878 310 920 seco.
358 862 542 925 sterceratos
566 884 665 946 agros,
693 885 751 926 non
776 875 955 927 stercoratos
983 864 1077 944 dicas,
1104 862 1213 941 quibus
1236 872 1353 924 stercus
1376 862 1410 923 ad
1435 864 1539 924 lecun·

232 957 360 1019 dandum
382 962 517 1023 inlertur.
555 962 666 1023 Saevus
685 965 781 1023 saevio
801 965 880 1022 saevi
898 964 1017 1024 saevisti
1035 979 1089 1041 per
1108 980 1141 1021 ae
1160 961 1371 1040 diphthongon.
1404 952 1536 1040 Sagenal
1568 984 1582 1024 5

232 1074 286 1134 per
313 1076 344 1138 e,
372 1076 440 1119 cum
468 1063 542 1121 retia
570 1061 728 1140 signiticat3
756 1063 856 1140 sagina
883 1079 937 1141 per
964 1063 989 1140 i,
1016 1077 1084 1120 eum
1111 1068 1230 1139 pastum
1258 1068 1289 1120 et
1316 1059 1537 1139 pinguedinem

233 1154 380 1235 Segnities
406 1159 467 1217 vitii
495 1168 556 1232 est,
583 1161 708 1237 segnitia
737 1159 864 1238 trigoris.
911 1157 1052 1237 Supplico
1075 1158 1191 1218 divinae
1218 1159 1322 1236 pietati
1350 1175 1404 1236 per
1428 1156 1488 1217 duo
1508 1177 1537 1236 p.

232 1251 344 1312 Solium
373 1257 493 1334 proprie
517 1255 603 1315 sedes
626 1257 732 1335 regalis
762 1267 821 1338 cst,
848 1256 927 1317 unde
954 1274 1059 1335 graece
1087 1255 1224 1316 basilicos
1252 1255 1375 1316 thronos
1405 1263 1537 1316 vocatur.
1621 1289 1628 1298 -

232 1348 329 1429 Super
348 1351 490 1431 estquod
510 1354 634 1426 eminet,
658 1372 748 1433 supra
767 1355 846 1434 quod
870 1352 1053 1437 substratum
1072 1352 1181 1432 aliquid
1205 1352 1306 1431 babet,
1330 1360 1435 1432 supter
1455 1352 1537 1431 quod

232 1464 264 1506 re
288 1447 385 1527 aliqua
408 1452 563 1528 superiore
586 1452 741 1532 premitur,
768 1460 874 1531 suptus
897 1450 975 1530 quod
1005 1450 1166 1511 demissum
1190 1449 1277 1511 altius
1307 1469 1367 1510 non
1395 1453 1536 1530 tangitur.
1552 1475 1579 1512 ιι

233 1544 390 1606 Servitium
411 1546 568 1608 multitudo
588 1555 633 1609 est
656 1566 823 1623 servornm,
847 1552 974 1610 servitus
997 1549 1138 1617 condicio,
1159 1547 1315 1608 serviendi.
1348 1546 1400 1607 sed
1419 1556 1539 1609 veteres

232 1644 437 1706 indifferenter
460 1648 613 1706 servitium
636 1665 691 1726 pro
714 1648 870 1707 serviendo
893 1656 1067 1726 posuerunt
1114 1647 1163 1707 Sal
1186 1654 1217 1706 et
1240 1645 1401 1705 masculino
1425 1664 1537 1724 genere

232 1753 261 1802 et
289 1752 395 1803 neutro
421 1744 480 1805 dici
508 1753 614 1824 potest
662 1745 807 1805 Saturitas
834 1747 865 1804 in
888 1745 969 1826 cibo,
996 1749 1027 1806 in
1056 1747 1165 1807 ceteris
1189 1762 1259 1803 vero
1288 1744 1417 1803 satietas.
1460 1742 1537 1803 Sero

230 1860 380 1924 rumores,
405 1845 432 1904 id
458 1852 504 1904 est
526 1842 651 1921 divulgo.
690 1842 816 1921 Sanguis
839 1843 957 1923 dicitur,
980 1843 1051 1904 dum
1070 1851 1186 1919 manat3
1206 1842 1318 1902 allinus
1342 1859 1412 1900 vero
1436 1859 1537 1903 cruor.

233 1941 384 2002 Sumimus
403 1944 475 2022 ipsi,
498 1944 660 2021 accipimus
679 1939 715 2000 ab
734 1940 799 1999 alio.
836 1942 879 2000 sic
899 1960 967 2001 cum
986 1941 1103 2020 damus,
1122 1938 1280 1999 dicendum
1300 1933 1442 2018 ‘accipe'3
1465 1957 1536 1999 cum
1551 1964 1578 2002 ιι

234 2041 433 2118 permittimus
457 2042 512 2119 ipsi
537 2039 654 2119 tollere,
677 2038 834 2099 dicendum
859 2033 984 2099 ‘sume'.
1027 2037 1159 2118 Saepeb
1183 2040 1213 2096 in
1236 2037 1455 2117 praepositione
1479 2037 1537 2098 sub

231 2134 395 2214 euphoniae
419 2154 505 2196 causa
529 2139 559 2197 iu
584 2146 758 2214 sequentem
781 2135 945 2196 mutabitur
968 2144 1194 2214 consonantem,
1217 2142 1251 2195 ut
1273 2135 1383 2195 suliero
1407 2152 1538 2213 suggero

231 2235 383 2293 summitto
408 2252 543 2313 suppono
567 2244 597 2294 ct
620 2242 718 2293 cetera
743 2232 823 2313 talia3
852 2252 939 2313 saepe
963 2242 993 2294 et
1018 2237 1132 2312 integra
1161 2239 1327 2311 permanet,
1356 2233 1381 2292 si
1405 2249 1537 2311 sequens

231 2330 339 2410 syllaba
359 2351 374 2391 a
394 2331 487 2391 vocali
509 2334 626 2412 incipit,
649 2342 682 2393 ut
701 2331 845 2392 subaudio
864 2331 987 2392 subesse
1007 2331 1116 2391 subire.
1156 2330 1241 2389 Sicut
1263 2331 1378 2407 primus
1397 2349 1413 2389 e
1433 2329 1537 2391 multis

231 2438 261 2488 et
283 2431 419 2508 priores
440 2429 570 2511 duobus,
594 2433 633 2489 ita
652 2439 821 2509 postremus
845 2429 880 2489 de
900 2427 1015 2510 multis,
1037 2429 1185 2508 posterior
1206 2427 1242 2486 de
1262 2425 1386 2488 duobus.
1424 2428 1536 2508 Super·
1552 2451 1580 2489 ao

230 2523 287 2584 bus
311 2529 363 2604 qui
386 2545 477 2606 super
501 2527 562 2587 vult
586 2527 652 2606 plus
677 2527 767 2588 videri
792 2546 880 2606 quam
904 2536 958 2587 est.
1000 2527 1073 2586 Sero
1097 2544 1179 2586 seras
1203 2527 1298 2586 seravi
1321 2544 1338 2585 a
1361 2525 1537 2607 claudendo,

231 2631 261 2681 ιι
280 2622 348 2682 iude
369 2642 462 2705 serae,
483 2624 510 2684 id
530 2633 576 2685 est
595 2634 703 2707 vostea,
721 2624 830 2705 quibus
850 2625 969 2686 urbium
989 2624 1167 2685 clauduntur
1186 2633 1299 2705 portae,
1317 2642 1392 2703 quae
1411 2626 1538 2687 veniunt

229 2738 245 2778 a
269 2738 347 2800 sera,
370 2721 400 2781 id
426 2729 472 2781 est
495 2741 630 2803 vespera,
652 2732 686 2783 ut
712 2720 741 2782 in
762 2722 881 2801 psalmis
909 2718 1065 2802 ‘quando
1085 2723 1307 2783 confortarit
1329 2740 1429 2782 seras
1452 2741 1537 2803 por·

230 2827 348 2878 tarum
373 2816 538 2901 tuarum'3
563 2830 593 2882 et
615 2821 671 2881 boc
690 2823 758 2900 quia
777 2838 859 2900 sero,
882 2823 911 2882 id
930 2831 976 2882 est
995 2837 1127 2900 vespere,
1145 2821 1296 2880 civitatum
1315 2819 1538 2882 obclauduntur

229 2926 340 2996 portae.
383 2935 451 2977 sero
479 2920 554 2978 seris
578 2921 639 2978 sevi
669 2938 683 2978 a
708 2917 888 2979 seminando.
935 2919 1049 2998 Syriam
1074 2919 1234 2997 Syracusas
1258 2917 1422 2997 symbolum
1446 2929 1480 2978 ut
1503 2922 1537 2980 in
1552 2936 1581 2977 ss

230 3023 363 3075 veterum
391 3014 475 3075 libris
507 3019 550 3075 sic
578 3019 608 3075 in
637 3019 747 3077 nostris
774 3035 828 3096 per
852 3036 869 3096 y
897 3015 987 3077 scribi
1015 3023 1140 3095 oportet.
1188 3015 1307 3095 Sumpsi
1337 3034 1433 3096 perp
1461 3021 1537 3079 scri-

229 3110 359 3172 bendum
387 3122 445 3192 est,
473 3114 608 3174 similiter
635 3124 664 3175 et
693 3122 875 3194 sumpturus.
929 3113 986 3174 Sed
1015 3115 1127 3193 antiqui
1157 3113 1261 3173 sedum
1289 3113 1440 3195 dicebant,
1467 3115 1537 3177 ideo

230 3207 282 3268 sed
305 3227 359 3287 per
382 3208 400 3268 d
425 3209 514 3270 debet
537 3211 643 3293 scribi3
668 3221 713 3272 sat
735 3231 789 3291 per
813 3221 837 3294 t,
860 3214 928 3292 quia
949 3221 1006 3290 per
1029 3230 1188 3291 apocopam
1212 3230 1227 3270 a
1254 3214 1326 3271 satis
1349 3212 1389 3272 lit
1427 3211 1537 3274 Scribo

229 3324 283 3384 per
306 3305 339 3386 b,
366 3311 473 3387 scripsi
500 3328 596 3390 perp
625 3309 816 3371 scribendum
844 3319 905 3390 est,
932 3308 1042 3388 quiab
1071 3310 1178 3368 transit
1204 3310 1235 3368 in
1266 3327 1285 3387 p
1313 3311 1343 3369 in
1372 3313 1538 3389 praeterito

230 3411 371 3482 tempore.
409 3405 521 3486 Supter
544 3427 648 3489 perp,
672 3426 731 3467 non
754 3426 809 3488 per
830 3407 849 3466 b
867 3405 1017 3467 scribitur.
1055 3405 1166 3466 Saevus
1185 3415 1216 3467 et
1234 3424 1410 3486 servusper
1429 3407 1490 3468 duo
1510 3428 1536 3489 v,
1551 3424 1581 3464 eo

230 3503 269 3560 ita
290 3509 322 3560 ut
345 3505 428 3581 prior
446 3505 628 3586 digammon,
653 3525 781 3584 sequens
801 3504 908 3565 vocalis
927 3507 979 3583 sit3
1002 3503 1138 3564 similiter
1160 3521 1269 3583 parvus
1292 3521 1400 3582 pravus
1419 3514 1450 3564 et
1469 3523 1536 3566 cor·

230 3616 292 3658 vus.
327 3599 438 3660 Servile
460 3598 464 3679 l
485 3602 569 3662 civile
589 3611 618 3662 et
637 3603 712 3663 ovile
731 3621 815 3681 perv
834 3601 990 3662 scribenda
1009 3611 1092 3682 sunt,
1110 3604 1120 3661 i
1139 3601 1224 3680 longa
1243 3610 1311 3661 aute
1330 3600 1348 3661 l.
1386 3601 1537 3679 Solemne,

230 3716 265 3756 eo
290 3697 369 3776 quod
397 3698 473 3759 solet
500 3701 531 3759 in
556 3719 646 3781 anno,
674 3719 728 3780 per
751 3701 876 3759 unum-l
904 3700 1095 3760 scribendum
1119 3708 1178 3780 est3
1206 3699 1257 3760 sed
1287 3707 1317 3759 et
1339 3717 1368 3758 m
1396 3688 1536 3778 sequenti

231 3793 358 3874 syllabae
378 3796 542 3856 secundum
561 3796 745 3858 Priscianum
769 3799 851 3875 iungi
874 3797 970 3858 debet.
1008 3796 1104 3857 Sedeo
1123 3796 1200 3877 sedi,
1223 3796 1291 3856 inde
1317 3814 1456 3857 sessurus
1480 3818 1537 3878 per

229 3894 288 3953 duo
318 3912 332 3953 s
362 3893 511 3954 scribitur.
559 3895 695 3975 Spondeo
724 3895 883 3975 spopondi,
911 3894 989 3973 quod
1018 3913 1033 3954 s
1059 3897 1091 3954 in
1119 3893 1249 3954 secunda
1277 3897 1385 3955 amittit
1412 3895 1533 3978 syllaba,
1549 3913 1577 3952 ιι

229 3990 309 4052 velut
331 3990 484 4052 Prisciano
512 3992 616 4072 placet.
663 3993 730 4052 Scio
759 3995 832 4053 scivi
860 3994 966 4052 scitum
995 3995 1125 4053 sciturus
1154 3992 1224 4051 lacit
1250 4000 1281 4052 et
1303 4010 1340 4051 ex
1364 4010 1399 4051 eo
1428 3994 1537 4056 scisco.

318 4088 452 4149 Totidem
476 4109 530 4170 per
555 4098 566 4150 t
589 4089 746 4169 scribitur,
772 4093 839 4169 quia
864 4110 880 4150 a
903 4099 947 4150 tot
970 4107 1094 4150 numero
1118 4088 1275 4149 adverbiali
1304 4092 1391 4150 venit
1439 4090 1537 4154 Trans

299 4294 315 4340 4
336 4290 502 4343 sterceratos
520 4306 603 4358 egros
623 4307 678 4343 non
696 4291 863 4343 stercoratos
881 4289 918 4342 Μ
938 4291 1105 4343 stercoratos
1125 4305 1206 4358 agros
1224 4304 1280 4342 non
1299 4288 1465 4342 sterceratos
1486 4290 1538 4358 ps

264 4368 533 4437 opingnidinemS
604 4370 720 4423 8sedes
734 4369 784 4438 pS
802 4369 875 4423 sedis
890 4370 927 4422 M
994 4371 1111 4423 uocatur
1126 4368 1190 4437 pM
1206 4368 1351 4423 noeentS
1422 4370 1537 4438 tiquod

228 4449 398 4502 substratum
414 4450 480 4516 put
499 4450 573 4518 qnod
597 4449 758 4503 stratnmS
829 4453 924 4519 supter
942 4450 964 4503 S
985 4450 1080 4503 subter
1099 4451 1142 4503 est
1161 4448 1199 4500 M
1268 4457 1300 4503 12
1324 4465 1374 4518 pro
1398 4448 1537 4506 servitute

229 4532 381 4595 posueruut
403 4530 482 4583 Beda
501 4547 531 4598 p.
551 4535 655 4594 291,2
743 4534 776 4581 14
800 4528 966 4599 deuulgoS
1053 4534 1086 4582 15
1114 4528 1247 4583 sumimus
1271 4529 1327 4599 ipsi
1351 4528 1373 4582 S
1398 4527 1537 4586 sumimus

229 4625 292 4661 cum
310 4608 364 4677 ipsi
380 4609 445 4680 pM
513 4615 544 4661 21
565 4608 629 4678 plus
648 4607 903 4676 om.pM,add.S
969 4608 1376 4677 quemestom.bl,ndd.pS
1438 4611 1534 4680 23ut]

229 4689 259 4740 et
278 4689 327 4756 pS
332 4689 368 4741 M
420 4695 453 4742 25
474 4689 579 4758 Sym'sm
595 4688 745 4757 Syracusas
763 4689 921 4757 symbulum
941 4691 1014 4745 sicut
1032 4690 1060 4744 in
1075 4689 1177 4744 ueteris
1195 4689 1274 4744 libris
1289 4689 1329 4745 sic
1343 4688 1416 4743 etin
1429 4690 1537 4745 nostris

229 4784 278 4835 per
296 4785 314 4835 y
333 4771 476 4835 (superarer.
495 4771 523 4832 u)
544 4768 627 4822 scribi
646 4769 757 4836 oportet
781 4766 818 4819 M
887 4776 920 4822 30
944 4773 1039 4838 supter
1061 4788 1112 4840 per
1134 4789 1153 4839 p
1177 4788 1231 4825 non
1250 4770 1305 4840 ‘per
1328 4770 1347 4824 b
1365 4767 1416 4837 pS
1438 4770 1537 4826 subter

229 4864 278 4918 per
297 4849 315 4900 b
334 4866 389 4903 non
408 4865 458 4916 per
476 4865 494 4916 p
514 4846 551 4899 Μ
618 4855 652 4902 36
671 4849 813 4903 Prisciano
832 4849 938 4919 placet]
957 4851 974 4906 l.
994 4852 1165 4920 Ip.423,2
