3316 5474
651 360 699 415 DE
718 360 817 415 ARTE
837 360 1003 416 METRICA
1089 354 1095 364 “
1313 380 1318 389 ·
1412 361 1476 424 247

174 477 196 513 p.
211 463 270 502 seca.
285 462 311 501 ro
324 462 348 501 a.

331 555 408 607 arta
432 548 486 605 via
510 554 565 605 cst
588 563 691 605 verae
716 564 806 624 qrrae
829 545 931 606 ducit
953 545 994 605 ad
1018 547 1110 607 atria
1133 548 1241 607 vitae:

169 655 321 715 scanditur
350 655 428 713 enim
449 649 453 733 Ι
473 654 529 732 ita,
555 654 647 713 artari
669 651 817 734 dactylus,
846 661 927 713 estre
959 652 1109 732 spondeus
1140 655 1342 732 interceptae
1369 654 1477 734 syllaba

169 780 223 841 per
247 760 437 840 synalipbam.
475 757 641 821 absumitur
665 769 695 820 et
722 759 866 840 particula
889 758 1030 840 syllabae,
1059 778 1127 820 cum
1151 759 1223 820 dicit
1245 759 1324 821 idem
1348 760 1477 842 Prosper

329 870 458 928 sumite
483 884 571 945 qrrae
596 884 716 944 magna
738 867 908 946 adposuit
931 869 1109 947 sapientia
1129 886 1261 928 mensa:

130 990 142 1028 ⁵
171 975 323 1035 scanditur
346 977 424 1035 cuim
448 976 502 1053 ita,
526 974 633 1034 sumite
657 972 803 1055 dactylus,
832 992 956 1053 quaema
980 974 1143 1054 spondeus,
1166 975 1318 1055 gnadposu
1343 976 1476 1055 dactylus

169 1081 324 1161 absumpta
352 1090 436 1160 parte
465 1078 591 1159 syllabae
619 1099 674 1159 per
701 1081 892 1161 synalipbam.
935 1081 1007 1142 item
1035 1099 1103 1161 pars
1127 1081 1253 1160 syllabae
1286 1101 1361 1162 quae
1390 1085 1421 1144 in
1447 1102 1475 1143 m

169 1187 298 1247 desierat
322 1186 472 1266 synalipba
495 1188 693 1268 intercipitur,
717 1206 786 1248 cum
808 1187 880 1248 dicit

329 1292 451 1355 nullus
475 1296 568 1354 enim
591 1302 646 1354 est
667 1296 793 1355 insons
817 1294 890 1354 sola
914 1294 1109 1355 tormidine
1132 1311 1283 1377 poenae,

384 1403 445 1481 qui
469 1408 633 1462 sanctum
655 1409 691 1462 et
712 1403 848 1463 iustum
872 1421 941 1462 non
965 1411 1057 1462 amat
1080 1404 1283 1481 imperium:

129 1525 155 1563 ro
169 1508 320 1570 scanditur
344 1526 470 1587 namque
494 1509 548 1589 ita,
572 1509 689 1570 nulluse
712 1508 858 1589 dactylus,
882 1511 981 1570 nestin
1007 1509 1158 1589 spondeus
1188 1510 1327 1590 absorpta
1355 1513 1395 1571 im
1419 1529 1474 1589 per

169 1615 364 1696 synalipbam,
399 1622 429 1675 et
462 1617 534 1675 item
562 1619 684 1695 quisanc
711 1614 876 1696 spondeus,
910 1617 985 1677 tetiu
1018 1616 1169 1695 spondeus
1202 1616 1375 1678 absumente
1406 1636 1472 1697 syn·

168 1723 263 1804 alipha
286 1721 461 1802 particulam
484 1721 610 1802 syllabae
631 1741 689 1783 um.
727 1724 799 1783 item
822 1730 897 1784 tota·
909 1721 1017 1802 syllaba
1040 1740 1116 1800 quae
1140 1724 1170 1782 in
1194 1741 1223 1783 m
1248 1725 1404 1784 terminata
1429 1732 1474 1784 est

168 1849 222 1911 per
245 1830 426 1910 synalipbam
449 1832 565 1911 interit,
588 1848 657 1890 cum
679 1830 752 1890 dicit

327 1955 488 2016 magnum
511 1937 735 2016 praesidium
757 1943 813 1997 est
836 1954 939 1996 sacro
962 1934 1132 1997 libamine
1156 1938 1271 2016 pasci,

128 2057 154 2096 ¹⁵
379 2047 410 2104 si
433 2062 494 2104 cor
516 2046 710 2124 participis
733 2032 1005 2104 erimina'nulla
1029 2051 1208 2121 premunt:

167 2150 318 2212 scanditur
345 2169 472 2231 namque
501 2153 557 2226 sic,
585 2168 723 2229 magnum
752 2149 916 2230 spondeus,
942 2148 1071 2228 praesidi
1103 2147 1250 2231 dactylus,
1278 2159 1357 2211 estsa
1386 2170 1472 2231 spon·

166 2257 240 2317 deus
263 2259 426 2339 intercepta
446 2276 497 2319 um
521 2256 630 2337 syllaba
653 2276 707 2336 per
726 2256 916 2337 synalipbam.
953 2272 1158 2335 quaecumque
1182 2273 1252 2335 ergo
1277 2257 1365 2317 verba
1389 2259 1419 2318 in
1443 2278 1471 2319 m

167 2361 372 2451 terminantur,
406 2367 462 2426 nisi
495 2364 679 2443 adpositione
707 2366 898 2425 consonantis
926 2352 1052 2424 alicuius
1080 2361 1288 2444 defendantur,
1319 2364 1471 2444 synalipba

166 2475 356 2551 inrumpente
379 2471 518 2551 syllabam
544 2471 676 2532 ultimam
704 2480 755 2532 aut
782 2471 912 2552 perdunt
940 2489 1059 2550 semper
1088 2479 1139 2531 aut
1167 2473 1319 2551 minuunt,
1346 2481 1470 2551 excepto

125 2593 152 2631 ²⁰
165 2598 234 2640 cum
260 2579 296 2639 ab
319 2579 339 2638 b
362 2578 460 2639 littera
482 2596 611 2656 sequens
634 2595 732 2638 sermo
755 2577 945 2637 inchoaverit.
982 2584 1054 2638 tuno
1074 2580 1183 2638 etenim
1209 2580 1240 2639 in
1258 2577 1381 2639 arbitrio
1400 2597 1469 2658 poc·

166 2695 262 2748 tarum
289 2695 352 2766 est,
380 2694 482 2746 utrum
510 2684 583 2745 baec
612 2686 704 2746 instar
727 2685 885 2744 tortiorum
908 2687 1134 2746 consonantium
1157 2686 1339 2767 synalipbam
1362 2696 1471 2768 arceat,

165 2814 202 2855 an
229 2813 284 2873 pro
313 2793 399 2853 modo
428 2810 498 2854 suae
527 2791 692 2871 tragilitatis
720 2789 793 2851 nihil
820 2791 920 2853 valeat
963 2792 1052 2852 valuit
1079 2811 1205 2871 namque
1234 2794 1264 2854 in
1296 2792 1365 2868 hoc,
1399 2796 1468 2873 quia

166 2901 256 2962 voluit
278 2910 380 2982 poeta,

324 3009 461 3067 nomine
485 3005 677 3067 lobannem
700 3005 794 3068 bunc
818 3015 854 3067 tu
878 3008 1038 3068 vocitare
1062 3015 1238 3067 memento

125 3108 151 3148 aa

165 3107 195 3158 gt
322 3170 555 3247 progenitum
580 3166 729 3227 fulsisse
753 3165 878 3228 ducem
901 3167 966 3228 hoc
990 3166 1144 3228 caelitus
1168 3176 1271 3228 astra.

165 3276 235 3334 item
259 3272 331 3334 nihil
354 3275 428 3333 iuvit
451 3272 486 3332 ad
509 3271 732 3351 propellendam
754 3273 949 3354 synalipbam,
973 3277 1041 3352 quia
1064 3282 1150 3353 poeta
1174 3274 1316 3355 neglexit,

324 3382 382 3458 qui
406 3387 618 3459 pereuntem
642 3379 818 3439 bominem
840 3382 945 3440 vetiti
969 3379 1161 3441 dulcedine
1184 3383 1277 3460 poni.

185 3508 192 3513 ·
254 3487 414 3548 Sciendum
437 3495 536 3548 autem
559 3485 638 3565 quod
662 3504 823 3566 numquam
835 3488 873 3567 ,iu
892 3486 994 3547 eadem
1012 3495 1097 3566 parte
1116 3490 1259 3548 orationis
1283 3489 1378 3549 media
1402 3491 1467 3552 fieri

125 3602 263 3673 soporem
286 3593 444 3674 synalipba.
481 3611 585 3653 verum
608 3594 634 3653 si
657 3594 688 3652 ln
711 3591 808 3652 medio
828 3591 917 3653 verbo
941 3593 1017 3654 duae
1041 3593 1155 3653 vocales
1179 3597 1372 3677 conveniunt,
1396 3615 1465 3676 qua·

165 3719 231 3761 rum
254 3703 337 3780 prior
360 3703 399 3761 sit
426 3700 525 3782 longa,
552 3707 652 3780 potest
674 3699 721 3760 illa
746 3718 820 3779 quae
844 3702 980 3780 sequitur
1009 3703 1141 3781 priorem
1165 3702 1263 3763 lacere
1286 3701 1406 3764 brevem
1429 3703 1466 3764 de

164 3808 263 3889 longa,
282 3810 308 3868 si
327 3810 370 3868 sie
387 3816 474 3886 poeta
494 3807 633 3887 volucrit;
655 3806 809 3867 arrierendi
828 3816 926 3868 autem
946 3807 1079 3869 funditus
1098 3816 1275 3889 potestatem
1290 3829 1349 3871 nou
1368 3810 1464 3871 babet

164 3923 210 3975 est
235 3917 313 3975 enim
336 3913 422 3992 longa
445 3912 619 3974 naturaliter
642 3916 672 3973 iu
695 3912 746 3973 illo
769 3911 899 3995 Paulini,

323 4029 360 4081 ut
383 4021 535 4081 citharis
558 4020 743 4081 modulans
767 4022 874 4081 unius
899 4021 1049 4083 verbere
1072 4023 1217 4103 plectri:

254 4200 266 4247 1
287 4193 324 4247 ad
343 4192 427 4264 atria]
447 4192 484 4246 ad
501 4191 558 4245 trin
577 4190 608 4244 F
659 4197 675 4245 3
695 4190 782 4261 idem]
801 4190 869 4245 ilem
889 4192 917 4245 P
967 4199 984 4246 4
1002 4209 1100 4248 mensa
1119 4192 1181 4246 FP
1199 4210 1325 4248 mensam
1343 4193 1370 4247 L
1388 4210 1465 4249 men-

163 4290 209 4327 sae
228 4287 244 4330 ς
308 4278 323 4326 'l
344 4272 465 4326 desierat
483 4271 545 4324 LP
561 4271 670 4325 desinet
689 4269 720 4323 F
780 4286 843 4324 cum
862 4270 964 4326 dicitur
981 4271 1008 4324 L
1083 4274 1268 4344 lunamque]
1288 4271 1362 4327 enim
1381 4273 1432 4329 s‘P

163 4352 256 4407 nullus
279 4355 323 4407 est
346 4350 475 4419 dactylus
499 4353 579 4406 neesl
601 4350 630 4405 in
653 4350 792 4420 spondeus
816 4350 842 4404 L
919 4351 1053 4420 absorpta
1076 4370 1103 4405 m
1126 4353 1189 4407 LP
1209 4354 1308 4408 aborta
1330 4351 1369 4405 im
1393 4351 1424 4404 F

164 4439 196 4486 11
215 4433 288 4488 teliu
309 4432 370 4485 FP
387 4433 446 4485 tum
465 4431 537 4485 etius
556 4431 583 4485 L
625 4470 631 4481 .
665 4436 697 4485 12
716 4430 746 4484 in
765 4446 809 4484 em
829 4429 860 4483 F
939 4436 972 4485 16
991 4432 1124 4503 namque]
1144 4432 1217 4486 enim
1233 4432 1280 4491 ςΡ
1359 4438 1393 4488 18
1411 4434 1466 4489 nisi

162 4511 367 4583 adpositionem
386 4510 563 4564 consonantis
582 4509 700 4567 alieuius
719 4510 782 4565 FP
796 4510 851 4564 nisi
869 4510 1025 4586 aposilione
1044 4514 1124 4581 (corr.
1139 4513 1316 4583 appositione
1335 4513 1355 4581 i)
1375 4511 1464 4568 cuiue-

163 4610 282 4661 cumque
301 4589 478 4646 consonantis
497 4591 524 4645 L
610 4597 643 4645 13
665 4608 775 4662 semper
792 4607 842 4645 om.
862 4590 903 4655 L,
926 4591 990 4646 odd.
1010 4590 1072 4645 FP
1152 4598 1184 4646 21
1210 4593 1325 4648 fortium
1344 4593 1396 4651 ςΡ

162 4679 197 4728 33
216 4673 307 4727 lucem
325 4689 394 4727 corr.
414 4670 514 4725 ducem
534 4671 563 4724 P
621 4678 654 4726 27
673 4671 886 4742 propellandam
906 4670 937 4724 F
996 4670 1194 4727 nesciendum
1213 4675 1368 4729 ementem
1385 4675 1414 4729 P

163 4759 197 4807 32
211 4751 328 4808 habebit
341 4769 410 4806 corr.
425 4751 512 4807 habet
525 4751 554 4805 P
603 4758 637 4806 33
655 4752 742 4823 longa
754 4751 919 4808 naturaliter
933 4750 964 4805 F
977 4758 1002 4808 et
1015 4754 1198 4824 superscripto
1211 4755 1296 4826 longa
1310 4755 1338 4808 P
1352 4757 1464 4812 notura·

162 4831 228 4887 liter
246 4832 331 4902 longa
349 4832 376 4885 L
