3316 5474
633 396 682 449 33
701 394 988 450 3333333333
1192 350 1197 358 ’
1399 389 1463 452 333

159 512 181 548 a
195 497 255 537 aaa.
271 498 297 537 33
311 497 337 536 r.

248 581 364 642 Fornax
383 599 492 659 genere
512 580 653 642 feminino
668 579 726 641 dici
744 580 847 662 debet,
866 583 933 660 quia
953 598 1006 660 per
1021 577 1344 655 deminutionemlacit
1367 576 1462 635 13333-

162 688 242 771 cula,
265 706 325 749 333
348 686 529 749 1333333133.

250 796 358 856 Falaux
383 795 510 855 militum
534 796 658 876 dicitur,
683 795 796 874 lalanga
820 795 907 856 lustis
931 797 980 856 cui
1003 794 1074 874 quid
1097 794 1252 873 deligatur.

250 903 361 984 Fedus,
385 903 464 982 quod
488 912 534 964 est
554 903 709 984 delcrmis,
733 923 821 984 3333
841 901 1156 984 solamscribendum,
1179 900 1298 981 laedus,
1321 898 1400 979 qtrod
1420 908 1466 958 est

135 1019 295 1092 apactum,
318 1029 372 1090 per
394 1030 430 1072 33
454 1010 666 1091 diphthongon.

251 1118 411 1179 Formosus
434 1120 499 1178 3133
523 1136 558 1197 3,
581 1119 659 1178 31331
682 1119 845 1198 speciosus.

251 1226 394 1286 Fructum
417 1242 485 1285 cum
509 1222 583 1284 dicis
607 1226 667 1284 3133
700 1223 821 1306 scribis,
848 1243 865 1285 c
888 1223 1034 1285 secundae
1063 1223 1189 1305 syllabae
1217 1226 1329 1303 iungis3
1358 1223 1466 1283 lactum

163 1340 194 1392 et
216 1332 318 1392 lictum
341 1331 478 1391 simibter
501 1339 660 1410 ceteraque
684 1331 773 1392 huius
794 1331 882 1392 modi.

252 1438 337 1500 Falso
352 1447 382 1500 31
396 1456 503 1499 nomeu
518 1447 549 1499 et
561 1437 686 1499 verbum
698 1446 728 1499 31
741 1437 913 1499 adverbium
929 1447 983 1518 331,
998 1456 1105 1499 nomen
1120 1436 1236 1498 ablativi
1250 1455 1347 1518 casus,
1360 1435 1396 1497 ab
1411 1436 1467 1496 hcc

122 1561 150 1600 33
165 1544 251 1626 13133;
269 1545 392 1607 verbum
411 1548 523 1625 primae
538 1548 763 1626 coniugationis,
778 1546 850 1606 laiso
870 1546 971 1627 lalsas3
989 1543 1170 1624 adverbium,
1184 1553 1218 1605 ut
1237 1544 1309 1605 13133
1328 1542 1468 1623 loqueris.

252 1650 375 1731 Flagitia
398 1671 473 1731 quae
496 1655 528 1713 in
551 1652 640 1714 deum
663 1671 834 1735 peccamus,
858 1655 987 1714 13313333
1011 1670 1086 1732 quae
1109 1654 1139 1712 in
1164 1651 1322 1712 hominem.

252 1758 357 1838 Flagra
381 1778 480 1821 amore
505 1769 535 1820 31
559 1759 771 1820 3313333333
795 1778 830 1820 33
855 1777 914 1820 333
935 1775 1045 1837 333333
1068 1760 1149 1819 33311
1172 1757 1313 1838 καίομαι.

252 1865 361 1927 Fidens
380 1885 446 1926 sum
464 1869 554 1928 animi
574 1876 604 1928 31
622 1870 728 1929 animo.
762 1867 838 1928 lidus
857 1869 969 1928 amicus
984 1869 1054 1941 3311,
1073 1866 1189 1926 fidelem
1208 1865 1350 1925 lamnlum
1368 1864 1467 1924 dicito.

165 1975 236 2032 item
256 1973 349 2034 lldelis
368 1974 414 2055 fit,
436 1983 470 2035 ut
488 1974 608 2036 dominc
627 1994 746 2056 servus,
770 1974 847 2035 lidus
871 1982 989 2034 natura:
1011 1975 1052 2033 113
1071 1972 1145 2033 31133
1163 1981 1298 2052 tempore
1317 1971 1468 2049 cognosci·

124 2093 151 2132 1⁵
166 2089 224 2160 tur,
247 2079 321 2140 31133
344 2099 462 2160 semper
484 2083 642 2143 invenitur.

254 2186 355 2248 Fimus
379 2196 409 2248 et
432 2189 532 2249 lumus
559 2187 704 2268 pluralem
728 2206 885 2250 numerum
909 2206 968 2248 333
989 2182 994 2266 l
1014 2185 1136 2266 habent,
1165 2187 1257 2246 lames
1281 2184 1417 2245 similiter
1440 2192 1470 2244 et

166 2293 284 2354 laeuum
307 2302 338 2354 31
365 2292 412 2353 131.
449 2294 581 2355 13313333
604 2303 635 2355 31
662 2295 739 2355 13331
763 2294 924 2356 masculina
947 2313 1066 2374 semper
1092 2292 1227 2373 pluralia,
1257 2290 1309 2352 scd
1332 2299 1363 2351 31
1386 2291 1468 2351 13333

165 2407 196 2459 31
224 2399 342 2460 lrenum
369 2401 544 2461 invenimus.
587 2401 632 2461 133
660 2401 842 2462 lrumeutum
871 2408 902 2460 31
928 2409 1026 2461 331333
1057 2399 1176 2478 lrngum
1204 2402 1322 2459 nomina
1353 2415 1471 2476 semper

166 2506 340 2587 singularia,
368 2508 501 2585 quamvis
529 2507 676 2569 13333313
699 2517 730 2569 31
758 2508 869 2569 1333133
897 2506 1037 2586 legamus.
1075 2506 1175 2566 lauces
1203 2505 1382 2584 singularem
1411 2523 1470 2565 333

126 2612 292 2695 wbabent,
315 2616 448 2693 quamvis
471 2594 502 2675 et
525 2615 593 2675 1333
615 2617 808 2676 inveniamus.

255 2720 346 2781 Fidus
369 2720 530 2781 fidissimus
548 2724 781 2800 comparativum
800 2740 859 2782 333
880 2721 982 2803 habet,
998 2719 1049 2781 sed
1073 2737 1182 2800 33333
1201 2717 1360 2780 dicendum
1379 2719 1471 2796 magis

168 2824 245 2886 lidus
267 2828 398 2905 itemque
422 2845 438 2886 e
462 2829 612 2887 contrario
634 2830 734 2903 miuus
756 2827 842 2889 lidus.

256 2932 362 2994 Facilis
386 2933 555 3014 facillimus,
578 2953 638 2994 333
662 2935 865 3015 lacilissimus,
888 2937 982 2995 31331
1004 2932 1195 2994 difficillimus
1218 2943 1249 2994 31
1271 2935 1302 2993 13
1325 2929 1472 2991 adverbiis

168 3039 253 3100 133113
272 3021 422 3120 lacillime,
445 3038 564 3100 dillicile
583 3039 733 3101 difficilius
751 3040 931 3102 difficillime.
964 3058 1019 3101 333
1039 3039 1165 3101 dicimus
1183 3040 1310 3101 faciliter
1328 3047 1379 3099 aut
1397 3037 1472 3099 diffi-

128 3159 156 3198 33
171 3145 276 3228 3111133,
299 3148 417 3208 tametsi
440 3154 555 3207 veteres
579 3144 726 3207 dixerunt
1086 3122 1094 3134 ⁸

256 3251 367 3332 Fulgeo
391 3261 421 3312 et
446 3251 535 3312 luicio
559 3237 686 3341 eundem
710 3251 820 3314 habent
846 3254 1013 3334 perlectum
1042 3253 1118 3314 lulsi.
1156 3254 1231 3314 13133
1258 3254 1348 3313 131333
1376 3252 1473 3331 131331,

171 3358 246 3437 13133
270 3359 353 3439 131313
376 3361 453 3420 13131.

256 3463 384 3527 Facinus
411 3474 442 3526 31
469 3467 599 3528 13313333
628 3485 687 3527 333
715 3461 818 3528 solum¹
839 3477 973 3550 peccata,
1006 3467 1057 3529 sed
1089 3466 1246 3548 aliquanda
1274 3468 1363 3528 etiam
1396 3465 1472 3526 bona

170 3590 259 3651 opera
282 3571 450 3652 designant:
474 3593 582 3636 nomen
605 3593 622 3634 a
645 3573 779 3635 laciendo
803 3576 970 3654 figuratum.

128 3691 156 3731 ω
258 3678 378 3741 Fratres
391 3681 533 3743 dicuntur
548 3699 607 3741 333
626 3678 723 3741 salum
741 3699 839 3741 mares
858 3700 893 3741 33
913 3681 1007 3743 isdem
1025 3680 1199 3762 parentibus
1218 3683 1293 3756 nati,
1313 3678 1364 3740 sed
1384 3679 1472 3738 etiam

169 3785 318 3847 masculus
345 3795 375 3847 et
402 3789 511 3848 1333133
538 3789 598 3847 3133
626 3785 729 3867 313333
757 3788 913 3867 utriusque
942 3808 1032 3851 33333
1059 3787 1163 3850 eodem
1193 3798 1277 3868 patre
1297 3787 1350 3862 ,vel
1379 3794 1472 3846 matre

168 3893 270 3953 eadem
294 3897 425 3973 generati
448 3895 557 3955 1331333
579 3895 747 3972 promiscue
772 3902 922 3955 vocantur.

257 3999 329 4060 Gula
353 3999 524 4081 dicendum,
547 4019 606 4060 333
630 3999 707 4080 gyla,
730 3985 840 4080 quia'y
863 4000 991 4062 litteram
1020 4003 1174 4063 33113333
1199 4011 1300 4063 nostra
1323 3998 1470 4060 adsciscit.

258 4149 272 4197 1
293 4144 372 4216 quia]
393 4161 449 4213 qua
469 4144 506 4198 Μ
522 4144 571 4213 qui
589 4146 617 4198 P
684 4143 826 4200 31311333
845 4160 916 4199 corr.
934 4145 1028 4201 falanx
1048 4149 1085 4201 M
1101 4148 1177 4204 13133
1195 4147 1224 4200 Ρ
1282 4144 1429 4214 delegatur
1448 4141 1473 4194 L

223 4224 667 4294 equod]quintropuelccoP
754 4222 1404 4298 peresolamMpersolameLpereP

170 4307 186 4354 1
201 4319 264 4357 cum
279 4319 312 4357 oe
325 4303 501 4374 diphthongo
516 4305 703 4371 (scribendum
718 4305 783 4361 add.
799 4306 849 4374 Μ)
869 4305 934 4359 ML
989 4313 1021 4361 11
1040 4307 1126 4377 flagro
1141 4307 1167 4360 L
1180 4308 1282 4376 flagror
1298 4305 1334 4358 Μ
1346 4303 1435 4370 1113333
1448 4300 1476 4354 P

205 4377 339 4440 KdOlldY
359 4383 395 4436 Μ
413 4378 511 4442 Kbutbt
532 4384 560 4438 P
575 4381 702 4445 KdOYldl
721 4385 747 4439 L
821 4391 854 4439 16
873 4386 1182 4441 3133131333313333
1204 4386 1240 4438 Μ
1245 4383 1300 4438 PL
1364 4387 1397 4434 17
1417 4381 1472 4433 lur-

170 4459 257 4531 tures]
276 4461 352 4516 13333
373 4462 410 4515 Μ
481 4463 652 4534 1913313133
671 4465 700 4518 P
770 4471 805 4521 10
824 4466 982 4522 1333313333
1000 4465 1055 4518 PL
1126 4472 1158 4520 11
1179 4480 1235 4518 333
1254 4462 1361 4516 habent
1381 4461 1417 4513 Μ

169 4542 349 4594 1133331)
409 4544 726 4600 1333313311113313333
746 4545 813 4599 ML
868 4553 901 4600 25
921 4546 1050 4602 dixerunt
1064 4546 1093 4600 Ρ
1109 4551 1133 4600 et
1148 4544 1291 4600 Oltarisiua
1307 4560 1337 4610 p.
1351 4544 1412 4606 114,
1427 4544 1473 4604 18,

169 4619 290 4674 (11333131
313 4620 383 4673 ML
471 4629 505 4677 11
530 4623 603 4695 frigo
625 4624 704 4695 frigia
727 4624 792 4680 13131
815 4625 864 4684 13
887 4625 959 4696 13133
981 4627 1069 4697 frigas
1091 4623 1177 4695 131331
1203 4622 1280 4676 MP:
1305 4621 1340 4688 31.
1365 4621 1471 4676 Olearia.

166 4716 196 4769 P·
210 4703 278 4764 247,
291 4703 330 4755 23
349 4699 437 4770 frigeo
456 4700 541 4773 friges
559 4704 624 4759 frixi
642 4707 673 4760 31
690 4704 762 4774 13133
780 4705 860 4777 frigia
877 4705 942 4761 frixi
1006 4711 1040 4760 80
1059 4722 1093 4760 ex
1107 4703 1217 4759 hisdem
1236 4702 1398 4772 parentibus
1412 4701 1473 4756 33311

169 4798 204 4836 33
221 4781 331 4836 hisdem
351 4781 379 4835 P
444 4789 475 4836 31
496 4784 613 4839 masenii
632 4787 661 4839 31
679 4783 801 4840 lemicae
819 4786 879 4841 3133
896 4787 992 4857 plnres
1010 4787 1154 4855 utrimque
1169 4800 1251 4839 sexus
1270 4783 1318 4840 Ls
1390 4779 1473 4835 utri·-

169 4877 224 4928 333
241 4877 323 4916 sexus
342 4860 371 4914 P
386 4863 536 4930 uirumque
554 4879 623 4918 3333
643 4862 678 4916 Μ
748 4866 779 4919 31
796 4865 894 4922 eadem
913 4870 1003 4921 maire
1021 4865 1070 4922 Le

223 4967 379 5000 murier
393 4968 479 4999 urm
498 4969 542 5000 vn.
1152 4944 1154 4949 ’
1226 4953 1259 5002 18
