3316 5474
619 356 688 411 ΔΕΒ
707 355 954 411 Gsshuuaulcu

133 474 158 511 p.
173 457 206 498 aa.
220 458 246 498 aa
261 456 292 497 Η.

347 542 433 603 felix
457 544 516 621 qui
539 543 660 621 potuit
683 560 802 602 rerum
826 558 1048 620 cognoscere
1071 558 1215 622 causas,

348 651 558 711 fortunatus
581 658 617 710 et
639 648 703 709 ille
727 649 813 709 deos
835 649 896 728 qui
920 649 1019 709 novit
1041 655 1215 726 agrestes.

225 760 282 819 hiat
315 758 485 854 coniunctio
520 755 725 836 dubitativam,
761 758 787 815 si
818 757 999 835 geminetur,
1031 753 1119 814 habet
1151 763 1335 834 potestatem.
1386 757 1436 835 qni

136 867 213 925 enim
242 865 314 926 dicit
342 859 408 924 ‘aut
435 861 544 924 librum
572 862 638 923 volo
661 874 712 924 aut
739 857 891 943 pretium',
923 870 1083 941 utrumque
1113 880 1144 922 se
1173 881 1207 922 ex
1238 880 1333 941 aequo
1360 862 1436 923 desi·

96 987 109 1026 a
136 970 241 1032 derare
265 972 423 1050 significat,
447 973 533 1031 utin
557 970 628 1051 illis,

317 1086 378 1137 aut
400 1076 525 1156 pelago
549 1076 702 1138 Danaum
726 1074 877 1136 insidias
901 1084 1142 1155 suspectaque
1166 1076 1256 1136 dona

317 1186 561 1264 praecipitare
585 1183 686 1245 iubet
708 1182 960 1261 subiectisque
984 1200 1090 1242 urere
1114 1181 1269 1243 flammis

318 1301 377 1352 aut
401 1290 588 1351 terebrare
612 1310 714 1353 cavas
737 1291 832 1351 uteri
856 1298 892 1350 et
915 1297 1090 1369 temptare
1113 1288 1287 1368 latebras;

138 1406 201 1478 aut,
233 1399 259 1458 si
291 1399 383 1460 semel
415 1397 575 1472 subicitur,
607 1397 780 1458 diminutiva
812 1406 859 1458 est
891 1406 921 1458 et
951 1395 1041 1457 habet
1072 1397 1196 1476 gradum
1229 1395 1264 1455 ad
1297 1395 1438 1457 inferiora

99 1504 322 1587 intendentem,
346 1514 379 1566 ut

297 1614 418 1673 incute
442 1614 509 1674 vim
533 1615 650 1674 ventis
674 1613 955 1692 submersasque
979 1609 1092 1672 obrue
1116 1630 1267 1693 puppes,

297 1728 356 1780 aut
379 1738 442 1799 age
466 1719 628 1780 diversas
651 1729 688 1782 et
710 1720 825 1782 disice
850 1738 1002 1800 corpora
1025 1713 1172 1799 ponto:l

139 1844 205 1887 narn
230 1827 332 1887 furens
356 1825 429 1887 launo
453 1835 483 1886 et
502 1827 574 1886 irata
594 1824 673 1905 quod
690 1829 903 1900 pronissimum
922 1825 1069 1886 credebat
1087 1828 1213 1903 optavit,
1237 1826 1347 1886 deinde
1360 1828 1442 1900 quod

139 1933 302 1994 secundum
326 1933 433 1994 intulit
480 1932 711 2011 [coniunctionis
735 1930 863 2009 tantum]
888 1931 975 1993 modo
999 1933 1202 1992 comminativa
1226 1939 1286 2012 est,
1315 1926 1381 1992 ‘out
1403 1931 1440 1992 da

100 2053 125 2093 aa
139 2038 224 2120 mihi,
248 2050 298 2101 aut
322 2035 425 2121 rapio',
448 2050 481 2100 ut

249 2146 440 2229 Nymphae,
464 2156 588 2209 noster
611 2167 722 2229 amor,
744 2146 990 2228 Libethrides,
1013 2154 1074 2207 aut
1097 2145 1185 2206 mihi
1209 2163 1352 2206 carmen

251 2255 353 2333 quale
378 2273 451 2315 men
475 2255 592 2316 Codro
615 2254 806 2317 concedite
829 2247 1008 2338 (proxima
1031 2251 1171 2314 Phoebi

251 2359 416 2421 versibus
440 2361 500 2421 ille
525 2353 645 2444 facit),
668 2368 742 2442 aut,
764 2362 795 2421 si
819 2378 886 2420 uon
910 2377 1102 2440 possumus
1125 2378 1259 2441 omnes,

250 2467 306 2527 hic
330 2475 455 2546 arguta
479 2487 580 2530 sacra
603 2466 777 2548 pendebit
800 2466 925 2529 fistula
949 2468 1048 2549 pinu;

100 2573 227 2633 mmodo
251 2574 408 2656 hortativa,
435 2583 469 2635 ut
497 2570 573 2638 ‘aut
601 2587 637 2637 tu
667 2593 787 2655 magne
811 2583 922 2652 poter
950 2573 1067 2634 divum
1091 2567 1283 2634 miserere'
1307 2581 1337 2633 et
1360 2571 1442 2654 illud,

322 2689 382 2742 ant
404 2689 455 2763 tu,
478 2681 571 2761 quod
595 2690 779 2762 superest,
801 2681 936 2741 infesto
959 2679 1107 2740 fulmine
1132 2675 1253 2760 morti,

322 2791 352 2850 si
375 2808 528 2871 mereor,
550 2789 708 2870 dimitte3

142 2895 229 2956 modo
253 2898 439 2957 coniunctiva
462 2915 517 2975 pro
540 2905 585 2978 et,

301 3003 420 3063 moliri
443 3011 504 3063 aut
527 3021 659 3064 moram
683 3010 743 3063 aut
766 3001 933 3062 veniendi
959 2984 1110 3080 posceie
1133 3019 1274 3081 causas3

101 3124 128 3164 aa
143 3118 172 3170 et
186 3128 241 3189 pro
260 3128 331 3190 que,
351 3119 384 3171 nt
402 3104 577 3189 ‘liquidas
595 3126 721 3189 presso
741 3117 795 3168 ter
813 3114 961 3186 gutture
980 3126 1085 3168 voces
1108 3109 1207 3168 corvi
1231 3116 1291 3167 aut
1314 3116 1443 3186 quater

142 3211 381 3295 ingeminant'
405 3234 458 3295 pro
482 3186 660 3296 quaternum
682 3212 770 3274 modo
793 3231 848 3293 pro
872 3215 1049 3296 separativa,

298 3331 357 3383 aut
379 3341 486 3382 onera
510 3323 696 3401 accipiunt
718 3319 925 3380 venientum
948 3328 1007 3382 aut
1029 3323 1169 3401 agmine
1193 3321 1292 3381 facto

233 3601 322 3657 Ocalea
340 3601 536 3671 Sangallnsafa.
556 3607 572 3655 9
592 3597 750 3653 dnbiiaiiuo
768 3597 848 3668 signo
867 3601 979 3654 henaim
997 3599 1082 3654 babel
1152 3599 1201 3668 qui
1219 3600 1306 3671 enim]
1324 3600 1392 3670 quia

146 3689 178 3737 12
197 3685 246 3737 aui
264 3699 336 3753 auge
408 3681 507 3736 dnmce
580 3686 612 3734 19
632 3680 704 3734 irata
722 3678 798 3748 quod
820 3680 878 3734 scd'
896 3679 993 3734 intulit
1065 3685 1098 3733 14
1118 3680 1320 3735 comminatius
1342 3685 1387 3736 aet
1408 3680 1445 3736 do

144 3761 213 3815 mihi
296 3767 329 3815 16
348 3760 472 3830 nympha
551 3759 696 3816 libeiridea
778 3767 811 3815 19
830 3760 888 3831 hic]
909 3759 953 3813 hir
1037 3759 1105 3829 pina
1188 3765 1223 3814 99
1241 3777 1343 3831 magne
1361 3760 1444 3814 deum

144 3841 275 3895 miserere
356 3840 459 3896 inferto
477 3840 593 3895 fulmine
612 3841 708 3895 mortis
783 3846 819 3895 96
838 3857 932 3909 presso
950 3842 1005 3912 ier]
1023 3840 1139 3908 plaudet
1219 3847 1253 3895 26
1272 3840 1444 3912 separatius]

145 3938 227 3991 seper
297 3926 331 3975 27
351 3919 539 3990 accipinnium
558 3921 609 3975 ani
626 3919 738 3990 agmirm

236 4194 249 4240 1
270 4187 349 4258 felix]
375 4187 452 4256 Verp.
470 4201 559 4256 georg.
580 4186 622 4239 ΙΙ
637 4191 701 4242 490.
719 4191 774 4240 493
845 4193 861 4241 9
881 4189 937 4242 hui
955 4188 1128 4258 coniunctio]
1147 4188 1239 4243 Dion.
1255 4204 1285 4256 p.
1304 4191 1404 4254 41730

147 4267 345 4335 dubitativam,
365 4267 388 4320 si
407 4267 577 4337 geminetur,
595 4266 682 4321 habat
699 4268 881 4336 potestatem:
899 4268 947 4336 qni
966 4268 1040 4322 enim
1059 4267 1129 4323 dicii
1147 4268 1291 4321 Dionaedce
1361 4275 1377 4322 6
1396 4269 1447 4321 aut

145 4348 259 4418 pelago]
280 4346 357 4417 Verp.
372 4348 441 4402 Aen.
458 4347 479 4400 I
480 4347 500 4400 I
512 4351 548 4401 36
622 4353 653 4400 11
672 4345 779 4417 incula]
805 4345 883 4417 Verg.
902 4347 1058 4402 Aen.169
1132 4353 1163 4401 19
1184 4365 1249 4402 nam
1266 4347 1359 4401 furens
1379 4348 1446 4401 Iuno

147 4434 177 4484 et
194 4430 267 4483 irata
284 4429 360 4498 quod
378 4427 571 4498 gravissimum
590 4427 723 4482 credebat
736 4426 857 4496 optavit,
875 4425 974 4480 deinde
989 4426 1065 4495 quod
1079 4427 1230 4481 secundum
1244 4427 1349 4482 intulit.
1364 4426 1447 4480 huius

147 4508 349 4564 coniunctionis
368 4508 520 4579 qualitates
539 4511 604 4562 euni
622 4507 734 4564 multae.
772 4507 854 4562 modo
873 4506 1073 4563 comminativa
1091 4510 1148 4575 est,
1167 4523 1229 4560 oum
1249 4505 1366 4560 dicimus
1386 4506 1448 4560 ‘aut

147 4591 185 4644 da
202 4589 272 4644 mihi
289 4593 339 4644 aui
356 4589 446 4658 rapio’
467 4587 610 4642 Diomedes
696 4593 727 4641 16
746 4587 905 4660 Nymphas]
936 4587 1013 4667 Vgrg.
1033 4587 1118 4643 bucol.
1138 4591 1202 4653 221
1288 4586 1392 4639 994111
1415 4588 1447 4640 in

147 4669 262 4740 magne]
293 4668 369 4738 Verp.
394 4669 462 4724 Aeas.
489 4667 598 4722 Vim
613 4672 668 4723 495
751 4675 785 4723 at
809 4670 860 4723 aut
880 4669 912 4722 in
934 4667 1021 4739 qnod]
1052 4666 1129 4736 Verg.
1150 4668 1219 4722 Acar.
1245 4666 1271 4720 V
1286 4672 1339 4722 691
1412 4672 1447 4723 94

146 4749 252 4820 moliri]
278 4748 354 4818 Verq.
374 4750 444 4808 Aen.
463 4749 485 4803 Ι
501 4752 554 4802 414
639 4753 673 4802 96
691 4747 825 4821 liquidas]
851 4747 927 4819 Verg.
945 4763 1034 4818 georg.
1054 4746 1076 4800 Ι
1091 4751 1146 4802 410
1230 4745 1447 4818 finnionem]

153 4830 230 4899 Verg.
249 4845 337 4899 peorg.
358 4831 440 4885 IIII
457 4836 513 4886 167
530 4832 599 4886 Aeta.
620 4829 640 4882 I
656 4833 710 4884 434
