3316 5474
225 347 291 412 332
795 346 955 402 AVDACIS

224 460 246 498 p.
262 451 293 489 ιι,
309 450 333 488 aa
348 450 376 488 rr.

224 533 362 613 rhythmo
385 551 450 594 esse
474 551 533 593 non
557 539 668 613 potest,
696 529 774 611 quod
798 530 940 610 liquidius
962 531 1004 590 ita
1026 529 1167 591 delinitur
1190 550 1197 591 :
1220 540 1349 591 metrum
1377 538 1423 591 est
1451 533 1527 591 ratio

225 658 292 700 carm
321 639 533 720 modulatione,
565 638 722 718 rhythmus
752 637 913 699 modulatio
943 639 1007 699 sine
1038 639 1151 698 ratione
1183 684 1189 698 .
1215 640 1396 714 plerunque
1426 644 1527 699 tamen

224 764 299 808 casn
318 748 449 823 quodam
468 748 602 806 inuenies
620 749 710 807 etiam
728 749 878 805 rationem
896 746 927 804 in
942 744 1093 824 rhythmo,
1115 763 1176 805 non
1190 745 1307 805 artificii
1321 742 1527 805 observatione

224 862 352 935 serrata,
375 853 427 914 sed
451 870 524 913 sono
548 860 578 913 et
600 854 663 932 ipsa
687 849 885 912 modulatione
909 849 1047 911 ducente.
1068 845 1072 929 Ι

312 960 371 1032 Qui
392 961 523 1041 primum
547 958 593 1019 his
612 957 868 1020 observationibus
887 959 917 1018 in
937 957 1149 1038 componendis
1169 956 1350 1018 carminibus
1368 958 1416 1017 usi
1435 952 1527 1018 sunt?
1555 972 1570 1012 a

224 1066 393 1128 Phemonoe
417 1066 540 1147 dicitur,
568 1063 711 1146 Apollinis
739 1075 833 1147 vates,
861 1066 957 1146 prima
983 1083 1038 1144 per
1066 1066 1210 1126 insaniam
1237 1067 1277 1125 ita
1301 1064 1412 1146 locuta,
1439 1066 1527 1125 cuius

225 1172 371 1235 Hesiodus
394 1175 529 1234 meminit
551 1220 559 1235 .
584 1170 675 1232 Varro
700 1173 817 1232 veroin
837 1172 1015 1251 Argonautis
1034 1172 1178 1252 nymphas
1196 1169 1400 1232 hexametrum
1419 1172 1526 1231 iecisse

221 1281 266 1339 sic
289 1280 433 1361 scripsit,·

382 1393 416 1446 te
440 1403 535 1447 nnuc
558 1383 729 1464 Ortygiae
754 1382 963 1445 tendentem
987 1383 1126 1464 spicula
1150 1384 1321 1465 nymphae

381 1492 587 1571 hortantes,
610 1508 628 1549 o
651 1489 811 1570 Phoebe,
835 1498 870 1551 et
893 1483 997 1551 ‘ieie'
1021 1490 1299 1553 conclamarunt
1542 1510 1568 1549 ro

223 1599 307 1660 multi
335 1608 434 1661 autem
462 1617 581 1659 versum
605 1617 621 1657 a
643 1596 731 1677 Lino,
758 1596 901 1676 Apollinis
929 1598 1074 1679 antistite,
1101 1601 1299 1678 excogitatum
1327 1605 1444 1678 putant,
1473 1601 1525 1678 qni

222 1725 258 1768 ex
275 1707 475 1787 Hyperboreis
491 1708 546 1768 luit
561 1753 568 1765 .
582 1705 671 1766 huius
690 1706 833 1785 originem
853 1723 958 1765 versus
976 1703 1078 1766 volunt
1097 1705 1214 1784 quidam
1234 1707 1265 1765 in
1285 1703 1355 1764 Delo
1375 1707 1525 1766 inventam

221 1823 252 1876 et
275 1814 353 1875 bunc
376 1834 496 1876 versum
515 1813 658 1875 deliacum
678 1820 798 1893 vocant,
820 1812 868 1872 alii
888 1811 923 1872 ab
943 1811 1085 1893 llomero,
1109 1812 1187 1873 unde
1206 1830 1366 1892 possumus
1385 1812 1524 1892 colligere

222 1939 341 1981 versum
364 1921 443 1982 hunc
462 1923 554 2000 magis
577 1938 643 1980 esse
668 1919 840 1980 naturalem.

310 2027 405 2089 lletro
433 2035 506 2107 quot
533 2021 692 2087 accidunt?
728 2023 817 2105 Octo,
844 2025 874 2085 id
903 2033 948 2086 est
975 2043 1082 2106 genus,
1111 2027 1241 2106 species,
1269 2026 1437 2106 diversitas,
1465 2027 1523 2086 dis·
1540 2043 1567 2082 rs

221 2135 342 2214 positio,
365 2135 559 2215 pertinentia,
583 2150 736 2213 mensura,
759 2149 895 2212 caesura,
918 2132 1064 2213 depositio
1088 2181 1095 2194 .
1119 2133 1220 2193 Genus
1243 2132 1314 2212 quid
1338 2128 1406 2193 est?
1448 2132 1523 2193 Cum

221 2241 331 2302 dicitur
363 2251 491 2302 metrum
523 2239 712 2320 dactylicum,
749 2239 908 2301 iambicum
940 2240 986 2301 rel
1018 2241 1202 2302 trochaicum
1235 2288 1241 2300 .
1276 2240 1352 2311 Quid
1387 2237 1524 2321 species?

221 2346 295 2409 Cum
319 2347 485 2428 heroicum,
508 2348 654 2406 comicum
679 2355 730 2406 aut
753 2347 896 2425 tragicum
920 2344 1031 2407 dicitur
1045 2395 1052 2406 .
1068 2346 1145 2418 Quid
1165 2343 1341 2407 diversitas?
1378 2347 1524 2418 Quotiens

221 2454 251 2514 in
274 2455 369 2533 prima
391 2461 475 2534 parte
499 2471 604 2513 versus
631 2451 709 2512 aliud
739 2470 833 2531 genas
862 2460 921 2533 est,
947 2453 1026 2514 alind
1056 2456 1086 2515 in
1115 2453 1258 2528 secunda,
1286 2461 1320 2514 ut
1350 2447 1523 2514 ‘solvitur

220 2562 314 2622 acris
333 2560 447 2621 biems
466 2568 565 2639 grata
585 2553 676 2619 vice’
691 2579 699 2618 :
713 2562 808 2638 usque
827 2558 886 2619 huc
905 2566 1111 2620 tetrametrum
1130 2560 1284 2621 heroicum
1308 2558 1521 2621 archilochium
1538 2577 1565 2617 eo

219 2675 279 2746 est,
302 2675 332 2728 et
354 2668 497 2727 inseritur
520 2665 561 2726 illi
586 2682 653 2746 pars
677 2664 826 2725 trochaica
849 2667 910 2725 sive
934 2665 1122 2746 ithyphallica
1145 2662 1259 2727 ‘veris
1287 2675 1322 2727 et
1353 2661 1490 2727 laroui’
1515 2687 1522 2727 :

221 2791 287 2833 nam
306 2781 369 2834 tres
391 2771 439 2832 hic
463 2771 595 2833 trochaei
618 2781 696 2832 sunt.
735 2770 894 2850 [lispositio
919 2771 989 2851 quid
1014 2769 1081 2833 est?
1117 2771 1154 2834 Vt
1176 2776 1219 2834 sic
1243 2773 1297 2834 bac
1321 2775 1519 2854 geminatione

220 2878 250 2940 in
279 2878 417 2940 omnibus
445 2882 538 2940 utaris
568 2878 715 2952 versibus,
747 2880 815 2957 quia
846 2880 889 2938 sic
913 2886 959 2939 est
986 2878 1175 2959 dispositum,
1209 2879 1254 2941 vel
1281 2890 1315 2941 ut
1342 2883 1372 2941 in
1400 2880 1521 2941 heroico

219 2988 322 3065 quinto
345 2984 410 3045 loco
433 2985 548 3065 dactylo
572 2988 674 3046 utaris.
721 2984 798 3056 Quid
821 2982 1024 3065 pertinentia?
1060 2985 1135 3047 Cum
1163 2987 1199 3048 ad
1225 3005 1344 3049 versum
1366 2987 1520 3049 heroicum

219 3092 344 3153 dicimus
375 3091 430 3152 hos
462 3091 554 3173 pedes
585 3094 750 3172 pertinere,
787 3091 948 3173 dactylum,
982 3093 1147 3174 spondeum
1179 3093 1225 3154 vel
1255 3096 1286 3154 in
1319 3095 1423 3156 ultimo
1456 3094 1563 3155 locon

290 3287 305 3337 1
325 3281 400 3351 quod
418 3280 552 3350 liquidius
575 3281 617 3336 ita
634 3280 759 3336 dilinitur
777 3282 896 3336 metrum
916 3285 958 3338 est
975 3282 1047 3338 ratio
1069 3283 1260 3339 modolatione
1283 3285 1402 3340 rithmus
1425 3283 1521 3339 modo·

220 3362 323 3418 latione
341 3362 369 3416 in
389 3361 492 3417 rithmo
511 3380 566 3417 non
585 3361 696 3417 artificii
714 3360 910 3417 obseruatione
930 3364 1041 3416 seruata
1059 3363 1107 3417 sed
1127 3380 1194 3419 sono
1214 3367 1244 3420 et
1256 3365 1318 3436 ipsa
1331 3364 1521 3420 modolatioue

217 3441 336 3496 ducente
364 3441 400 3494 M
425 3442 494 3511 quid
525 3441 665 3511 loquidius
696 3441 738 3495 ita
769 3440 900 3495 delinitur
926 3443 1046 3496 metrum
1072 3444 1115 3496 est
1141 3444 1213 3499 ratio
1242 3463 1305 3500 eum
1330 3443 1521 3500 modulatione

219 3522 336 3577 rithmus
354 3521 426 3577 ratio
445 3522 504 3577 sine
523 3520 714 3576 modulatione
733 3518 853 3575 ducenta
871 3520 899 3574 Β
917 3522 1129 3589 :supplementa
1145 3525 1333 3591 praebuerant
1357 3525 1382 3576 V
1398 3531 1423 3578 et
1441 3524 1522 3577 Beda

253 3610 333 3659 tuan
346 3603 447 3658 artifici
461 3601 652 3657 moderatione
662 3603 773 3656 servata
779 3602 859 3656 Beda
913 3606 928 3654 5
940 3600 993 3666 Qui
1006 3600 1113 3670 primus
1126 3603 1170 3658 his
1180 3604 1208 3658 Β
1223 3605 1296 3672 Quid
1310 3605 1416 3676 primus
1430 3603 1474 3657 his
1486 3604 1523 3656 M

266 3683 311 3737 usi
330 3685 395 3737 suut
412 3682 440 3736 Β
459 3680 513 3736 uisi
532 3684 597 3736 sunt
616 3682 653 3735 M
723 3682 916 3737 6Pbemonoe
936 3682 975 3734 M
990 3681 1178 3739 Pohenomins
1196 3686 1224 3740 B
1296 3683 1432 3756 apollonis
1450 3682 1523 3736 ΒΜ

235 3767 250 3816 t
266 3762 375 3817 esiodus
393 3762 421 3816 Β
440 3761 545 3817 esiod'o
565 3763 622 3816 M:
638 3761 754 3816 Hesiodi
771 3763 871 3816 mentio
888 3777 945 3815 non
962 3761 1039 3827 saeta
1057 3765 1095 3813 est
1113 3763 1148 3816 ab
1167 3765 1245 3833 aliis,
1263 3767 1312 3834 gai
1331 3782 1349 3818 a
1369 3763 1521 3817 Phernoraoe

218 3843 357 3897 inventam
384 3858 438 3897 esse
466 3844 649 3897 becamstrnm
675 3842 851 3896 tradiderant
922 3840 952 3894 iu
974 3842 1134 3910 argonautis
1157 3845 1196 3898 M
1214 3845 1244 3900 in
1270 3842 1446 3915 agronaustis
1464 3842 1492 3896 Β
1513 3885 1519 3896 .

223 3922 358 3976 Varronis
375 3938 469 3976 versas
487 3941 505 3976 a
519 3921 639 3977 Sionem
652 3923 733 3976 catal.
748 3924 805 3979 cod.
820 3938 881 3977 mss.
896 3921 960 3976 bibl.
975 3921 1061 3976 Bern.
1070 3938 1096 3977 v.
1107 3924 1128 3976 I
1135 3941 1166 3994 p.
1182 3930 1239 3982 624
1253 3943 1268 3980 e
1281 3926 1370 3980 codiee
1383 3924 1521 3978 Bernenai

215 4004 304 4058 editos
326 4005 358 4057 in
386 4003 520 4058 Varronis
544 4003 772 4071 Argonautarum
798 4002 962 4072 sraprnentia
986 4009 1138 4069 pannon
1161 4005 1198 4062 F.
1228 4006 1400 4061 Wnellnerns
1427 4005 1460 4058 de
1485 4005 1518 4057 P.

219 4081 324 4137 Terent.
349 4083 429 4137 Varr.
451 4084 531 4138 Atac.
551 4083 597 4136 oit.
613 4099 643 4151 p.
662 4087 701 4137 20
720 4089 744 4136 et
762 4082 797 4137 A.
817 4082 928 4136 Riesias
942 4086 1006 4150 pest
1025 4082 1069 4136 M.
1091 4083 1196 4140 Terent.
1223 4085 1303 4141 Varr.
1322 4091 1375 4141 sat.
1392 4086 1518 4153 Menipp.

219 4163 267 4217 rel.
281 4180 312 4233 p.
332 4169 392 4219 262
464 4170 480 4218 9
499 4166 528 4218 te
548 4178 619 4217 nunc
639 4160 758 4231 ortigiae
776 4164 918 4217 tenentem
937 4161 1051 4231 specula
1068 4162 1183 4234 nimphe
1202 4167 1312 4222 orantes
1331 4184 1347 4221 o
1366 4166 1475 4236 phoebe
1490 4171 1520 4220 et

218 4243 352 4299 lolisoona
370 4245 527 4299 clamarunt
539 4243 567 4297 B
580 4244 609 4296 te
629 4259 701 4295 nuno
720 4242 830 4297 elioona
848 4241 948 4313 ortigia
967 4244 1104 4298 urentem
1123 4245 1237 4315 specula
1255 4246 1388 4317 nimphae
1407 4248 1519 4300 orantes

216 4324 343 4394 ophebaa
362 4326 391 4379 et
409 4324 546 4381 looolicon
565 4322 740 4376 aalamarunt
760 4324 796 4376 M
813 4344 821 4375 :
840 4323 958 4377 conenit
981 4320 1167 4391 Maelianae,
1190 4329 1238 4395 qai
1257 4327 1390 4397 Coryciae
1408 4327 1520 4394 scripsit

215 4419 266 4472 pro
285 4403 418 4474 Ortygiae
441 4405 499 4458 coll.
523 4403 652 4472 Apellen.
677 4402 766 4457 Rana.
790 4404 894 4472 Argon.
920 4402 962 4454 ΙΙ
984 4406 1036 4456 711
1060 4401 1147 4459 nolld
1172 4405 1204 4461 δὲ
1228 4403 1375 4478 Κωρύκιαι
1398 4402 1519 4477 νύμφαι,

219 4483 363 4538 Πλείστοιο
376 4478 533 4554 θύγατρες,
553 4478 752 4550 &aparinesseo
772 4481 884 4538 ἔπεσσιν
903 4482 957 4553 ἰήιε
976 4487 1141 4552 κεκληγυῖαι
1214 4493 1245 4541 11
1261 4487 1344 4542 multi
1357 4489 1384 4541 B
1398 4488 1518 4542 multum

217 4562 255 4616 M
307 4563 445 4633 apollonis
459 4562 690 4619 antestitoBM·
727 4569 760 4616 12
780 4579 813 4617 ex
832 4564 1005 4632 biperboreis
1018 4563 1046 4617 Β
1060 4582 1094 4620 ex
1107 4565 1267 4635 iperboreus
1284 4569 1322 4622 M
1373 4569 1518 4624 inuentum

214 4641 288 4697 ΒΜ
358 4649 391 4697 15
410 4643 500 4697 Metro
520 4645 589 4712 quot
607 4645 785 4699 accidunt-
799 4649 905 4711 333,23
924 4660 988 4698 oum
1006 4642 1106 4712 pedem
1124 4647 1188 4716 plus
1207 4650 1256 4702 aut
1275 4647 1412 4718 syllabam
1432 4648 1520 4703 habet

214 4737 265 4776 om.
280 4722 325 4791 M,
344 4723 408 4778 add.
422 4723 471 4776 B.
526 4723 610 4779 histri
628 4729 698 4794 quot
716 4725 743 4779 Β
817 4728 849 4777 19
868 4727 901 4777 ut
919 4724 983 4779 solli
1002 4723 1105 4779 dicitur
1122 4727 1195 4782 aeris
1212 4728 1273 4782 iens
1291 4729 1373 4799 mata
1390 4729 1451 4783 uice
1470 4729 1519 4783 B:

216 4801 284 4855 Hor.
304 4818 386 4857 earm.
407 4803 429 4855 I
444 4808 487 4872 s,1
560 4810 595 4860 20
613 4804 680 4876 bue]
700 4804 745 4857 hic
763 4802 791 4854 B
