3316 5474
264 369 330 433 534
681 370 937 427 FRAGMENTVM
956 370 1158 426 PARlSlNVbl

264 470 441 516 amma

263 570 307 618 -3-
326 554 429 616 obelus
452 555 626 635 adpunctus.
665 562 748 625 -<
766 555 870 616 obelus
894 574 962 616 cum
986 574 1095 616 aversa.
1128 536 1261 636 {diple
1285 575 1441 637 superne
1474 558 1593 620 obelata

266 643 454 732 §Zrecta
479 670 509 723 et
531 681 633 723 aversa
657 682 786 743 superne
809 662 950 723 obelatae.
977 651 1014 724 >⁹<
1034 662 1081 722 chi
1105 672 1136 722 et
1159 681 1201 724 ru.
1223 664 1245 747 ᾧ
1269 665 1289 724 li
1317 675 1353 726 et
1379 684 1430 726 ro.
1454 643 1593 749 [ancora

265 771 410 850 superior.
436 764 439 851 l
462 788 568 830 ancora
592 772 724 831 inferior.
748 770 858 849 alogus.

351 875 405 937 llis
426 857 499 937 solis
521 879 551 936 in
576 876 814 937 adnotationibus
837 875 924 937 Ennii
947 876 1053 938 Lucilii
1077 886 1107 938 et
1137 877 1356 939 historicorum
1389 883 1447 941 usi
1478 877 1593 957 sunt†

264 1001 370 1043 uarrus
399 983 526 1044 hennius
554 983 667 1044 haelius
695 1002 805 1062 aequae
834 993 864 1044 et
891 994 1042 1064 postremo
1066 984 1195 1065 Probus,
1222 986 1274 1062 qui
1303 985 1376 1047 illas
1404 991 1441 1050 in
1469 987 1622 1070 Virgilio⁵

264 1100 294 1151 et
316 1090 437 1151 Horatio
461 1099 491 1151 et
514 1089 653 1151 Lucretio
678 1094 828 1172 apposuit,
852 1101 886 1152 ut
909 1095 940 1152 in
963 1090 1092 1153 Homero
1116 1090 1317 1152 Aristarchus.

351 1232 394 1241 —
418 1197 522 1259 ohelus
544 1197 680 1259 versibus
703 1200 862 1278 apponitur
884 1198 939 1259 hac
964 1217 1061 1260 causa.
1107 1198 1281 1259 Pisistratus
1304 1200 1475 1277 quondam
1500 1202 1588 1263 Athe

265 1307 413 1365 niensium
446 1315 589 1384 tyrannus
620 1304 786 1366 inordinata
818 1313 849 1365 et
880 1307 1004 1366 confusa
1035 1305 1132 1367 adhuc
1164 1307 1247 1386 poesi
1278 1304 1414 1368 Homeri
1437 1379 1442 1389 ³
1449 1311 1587 1389 praemio

263 1410 422 1473 sollicitare
454 1413 610 1492 proposuit
638 1430 689 1472 eos
718 1413 769 1491 qui
797 1429 864 1472 eom
892 1410 1065 1472 ordinarent
1096 1413 1192 1491 iisque
1225 1416 1353 1493 praemii
1389 1419 1525 1478 nomine
1555 1419 1585 1478 iu

263 1517 395 1596 singulos
418 1536 523 1579 versus
542 1517 675 1597 singulos
693 1517 796 1579 obolos
815 1521 978 1580 constituit.
1015 1518 1152 1580 mercede
1170 1518 1256 1581 multi
1274 1520 1398 1583 inducti
1417 1542 1584 1604 pauperes,
1595 1536 1617 1576 1⁰

266 1624 375 1703 qrrihus
397 1627 548 1705 ingenium
573 1623 726 1706 alliciebat,
749 1628 888 1705 quoniam
912 1634 963 1686 aut
985 1627 1119 1687 invenire
1143 1634 1193 1687 aut
1215 1626 1378 1707 disponere
1400 1626 1428 1708 †
1452 1630 1583 1694 debehat

231 1727 236 1737 ’
263 1750 322 1792 uon
350 1741 501 1815 poteraut,
533 1731 669 1812 fingendo
702 1733 846 1811 plurimos
875 1752 978 1794 versus
1006 1737 1105 1814 operis
1139 1733 1322 1811 nobilitatem
1357 1748 1581 1818 corruperunt

265 1839 342 1899 unde
366 1843 534 1917 eveniant
556 1849 658 1920 postea
681 1839 890 1919 prudentiores
914 1843 982 1921 riri,
1010 1859 1138 1919 quorum
1162 1859 1296 1902 summus
1320 1844 1351 1902 in
1376 1842 1438 1904 hac
1463 1865 1499 1906 re
1525 1848 1580 1908 luit

263 1946 465 2028 Aristarchus,
488 1949 626 2026 quotiens
650 1945 843 2025 inprobarent
865 1964 970 2006 versus
993 1949 1078 2024 quasi
1102 1957 1153 2007 aut
1172 1948 1263 2009 malos
1281 1957 1334 2010 aut
1352 1968 1417 2012 non
1439 1952 1578 2014 llomeri·

262 2071 326 2133 cos,
349 2053 434 2113 ohelo
457 2056 644 2132 potissimum
669 2054 813 2115 notandos
837 2055 1048 2116 existimarent.
1094 2074 1161 2116 nam
1185 2065 1215 2117 et
1236 2059 1332 2136 ipsius
1351 2057 1481 2121 Homeri
1506 2081 1574 2141 pro·
1589 2070 1611 2110 ¹⁵

262 2162 344 2238 prius
367 2160 418 2219 sed
443 2179 502 2220 non
526 2179 561 2219 eo
585 2160 690 2239 dignos
714 2160 816 2220 eadem
839 2160 893 2220 hac
918 2170 986 2220 nota
1009 2161 1278 2236 condemnarunt!

352 2265 389 2340 -,)’<-
405 2269 580 2328 asteriscum
600 2267 812 2346 Aristophanes
831 2266 996 2345 apponebat
1015 2266 1072 2327 illis
1093 2267 1165 2329 locis
1184 2269 1294 2348 quihus
1316 2289 1428 2332 sensns
1443 2273 1575 2355 deesset,

261 2373 451 2433 Aristarchus
473 2384 572 2435 autem
596 2373 630 2432 ad
655 2392 720 2455 eos,
748 2376 799 2452 qni
827 2375 858 2433 in
886 2372 942 2432 hoc
971 2382 1041 2452 puta
1070 2374 1134 2436 loco
1162 2379 1250 2456 positi
1274 2387 1375 2459 erant,
1404 2398 1477 2440 cum
1508 2382 1574 2444 eliis

262 2478 375 2540 scilicet
398 2499 457 2541 non
482 2490 563 2542 recte
587 2490 778 2560 ponerentur.
825 2483 895 2542 item
919 2479 1036 2541 Probus
1059 2490 1089 2543 et
1112 2485 1225 2563 antiqui
1249 2488 1353 2547 nostri.

294 2586 593 2682 *chae-{aretam
631 2633 642 2679 1
664 2625 740 2695 diple
755 2641 837 2695 super
851 2625 963 2682 obelata
976 2615 1052 2692 5—
1067 2631 1145 2683 recta
1160 2629 1189 2681 et
1202 2645 1300 2683 auersa
1314 2645 1436 2698 superne
1455 2632 1575 2689 obelata

314 2758 329 2805 2
349 2699 421 2824 11]Φῆ
440 2754 531 2808 littera
548 2768 648 2822 praeca
666 2751 725 2806 otia
742 2766 842 2816 mona,
860 2755 892 2805 ut
909 2752 1029 2818 eidetm,
1047 2754 1233 2822 superscripta
1309 2753 1435 2809 anchora
1452 2762 1574 2828 utroque

263 2877 319 2930 loco
382 2877 544 2948 aelongns,
558 2883 590 2931 nt
603 2878 724 2946 uidetur,
739 2893 807 2932 corr.
823 2877 920 2946 alogus
983 2876 1109 2931 thennii
1123 2877 1190 2933 lucii
1245 2842 1371 2933 buarrhs
1415 2854 1496 2935 ’6111
1506 2889 1573 2953 post

259 2959 353 3010 uteru.
399 2953 755 3028 Seomfusaadhnepoeesi
805 2955 898 3026 aquia
907 2954 1081 3010 ordinassent
1131 2964 1165 3011 10
1174 2959 1270 3013 obelos
1325 2964 1359 3012 14
1368 2959 1537 3028 inprobaret

262 3043 294 3092 16
315 3038 425 3092 obelum
445 3039 588 3106 potissime
607 3040 759 3094 notandum
779 3036 973 3092 exhistimaret
1045 3043 1078 3091 16
1096 3037 1158 3108 sed]
1178 3039 1207 3092 et
1279 3044 1311 3093 l't
1331 3039 1502 3096 aristofanes

355 3170 368 3217 1
388 3163 464 3232 diple
483 3179 602 3232 superne
621 3163 734 3218 obelata
752 3161 992 3230 lleitt'erseheidius
1068 3167 1084 3213 2
1103 3166 1181 3216 recta
1199 3164 1228 3217 et
1247 3179 1343 3217 averse
1361 3179 1484 3233 superne
1503 3168 1571 3222 obe·

259 3243 334 3298 latae
353 3243 591 3311 Reifferscheidt'as
676 3250 691 3296 3
714 3242 826 3314 alogus]
852 3243 953 3296 lenior.
978 3242 1045 3310 erip.
1071 3241 1092 3292 I
1113 3245 1201 3306 20„27
1225 3242 1323 3311 alogus
1349 3246 1417 3298 note
1437 3261 1514 3313 quae
1533 3248 1571 3303 ad

259 3323 374 3378 mendas
394 3322 556 3387 adhibetur,
574 3322 649 3378 Seru.
668 3325 699 3377 in
724 3324 801 3392 Verp.
820 3324 889 3377 Aen.
906 3323 937 3375 X
955 3327 1007 3376 144
1026 3321 1097 3376 adeo
1116 3324 1148 3375 ut
1166 3321 1272 3376 Probus
1290 3322 1404 3392 elegum
1424 3328 1570 3392 posuerit:

259 3405 293 3471 cs.
312 3404 432 3458 Ribbeck
446 3405 548 3472 prolep.
567 3405 598 3457 in
621 3403 698 3473 Verp.
717 3421 744 3472 p.
764 3408 815 3458 151
907 3409 923 3456 1
947 3401 990 3455 his
1018 3404 1047 3455 et
1074 3400 1140 3455 olim
1168 3401 1199 3455 in
1227 3402 1456 3457 adnotationibus
1482 3405 1572 3461 Ennii

259 3483 361 3537 Lucilii
389 3485 419 3538 et
446 3485 634 3537 scaenicorum
662 3484 705 3538 usi
733 3487 798 3538 sunt
824 3482 1011 3552 Vargunteius
1040 3480 1208 3549 Laeliusque
1234 3485 1264 3536 et
1290 3485 1433 3551 postremo
1458 3483 1571 3540 Probus

259 3563 423 3617 Ribbechiue
432 3564 534 3631 prolep.
550 3563 581 3615 in
602 3563 678 3632 Verp.
689 3565 780 3631 praes.
791 3581 821 3633 p.
832 3564 885 3616 IX
948 3561 1032 3616 Ennii
1042 3559 1142 3614 Lucilii
1152 3560 1289 3631 Berpkisas
1350 3560 1569 3638 historicorum]

259 3643 446 3698 scaenicorum
466 3643 501 3696 L.
523 3643 674 3696 Muellerus
692 3644 787 3697 annm.
804 3643 897 3710 portet.
917 3660 943 3696 o.
963 3644 1037 3696 1663
1053 3657 1082 3708 p.
1102 3645 1156 3694 176
1242 3648 1258 3695 6
1277 3647 1407 3710 corrupto
1425 3660 1569 3712 manama-

260 3725 375 3777 ticorum
394 3725 520 3785 nomino,
545 3739 659 3791 natorum
676 3722 829 3790 probabilis
847 3721 1128 3775 mauriennense
1149 3738 1206 3776 non
1219 3727 1279 3794 Uest,
1302 3722 1342 3775 sic
1363 3726 1395 3775 stt
1417 3723 1451 3776 io
1473 3726 1571 3781 codiee

258 3804 362 3871 scripto
375 3808 440 3856 sard
454 3803 566 3855 celtiberi
582 3844 588 3855 .
603 3801 792 3871 Vargunteius
807 3801 917 3855 Laelius
931 3802 1085 3856 Archelaus
1101 3804 1130 3855 et
1148 3805 1289 3871 postremo
1303 3801 1410 3856 Probus
1424 3802 1570 3873 Baetem

258 3884 316 3937 coll.
336 3882 411 3936 Suet.
429 3884 462 3936 de
479 3899 591 3952 prontvs.
611 3888 647 3946 2,
670 3881 858 3951 Vargunteius
881 3880 987 3934 Ennius
1010 3882 1105 3936 Aelius
1128 3898 1218 3950 aeque
1242 3884 1271 3935 et
1293 3883 1434 3950 postremo
1455 3883 1569 3940 Probus

259 3962 389 4016 Hortatore
408 3962 536 4016 Zeitscbr.
556 3963 577 4028 s.
597 3963 795 4016 Alterthumaro.
815 3965 888 4015 1845
902 3977 932 4029 p.
953 3965 1020 4027 395,
1039 3963 1089 4029 nui
1106 3961 1232 4015 Ennium
1249 3963 1459 4031 proormoticum
1477 3965 1568 4034 119ηὲ-

260 4045 341 4111 ficori
358 4043 444 4097 voluit
462 4043 521 4097 coll.
541 4042 614 4096 Suet.
634 4041 1000 4112 reparamentum.
1020 4042 1087 4109 erip.
1107 4041 1129 4093 I
1145 4048 1224 4107 21,1‚
1247 4041 1435 4113 Vargunteius
1455 4042 1569 4101 Ennius

257 4123 408 4191 Aeliusque
436 4124 465 4177 et
492 4124 632 4192 postremo
661 4122 767 4176 Probus
794 4119 1045 4189 Reifferscheidiue‚
1077 4122 1186 4176 Marcus
1218 4121 1324 4176 Ennius
1351 4121 1508 4192 Aeliusque
1538 4130 1570 4182 et

258 4207 398 4272 postremo
421 4204 527 4258 Probus
551 4203 661 4258 Riesius
680 4203 774 4257 orinal.
790 4202 885 4270 plectet.
906 4220 931 4256 o.
950 4204 1026 4254 1866
1041 4218 1070 4268 p.
1090 4205 1158 4270 466,
1182 4201 1271 4256 Varro
1289 4201 1385 4255 Aelius
1403 4203 1514 4271 Aquila
1538 4212 1570 4263 et

257 4288 397 4353 postremo
417 4284 523 4338 Probus
545 4283 687 4348 Osannus,
712 4282 800 4336 Varro
820 4280 931 4336 Sinnius
949 4279 1044 4334 Aelius
1070 4296 1157 4350 aeque
1176 4299 1210 4336 ae
1229 4285 1326 4350 (aeque
1345 4282 1378 4333 ut
1397 4281 1569 4354 diaeticum)

257 4367 397 4434 postremo
424 4364 531 4417 Probus
555 4364 588 4416 L.
615 4363 766 4416 blaedla-ras
796 4362 813 4415 l.
836 4378 858 4415 c.
883 4366 908 4414 et
930 4360 1076 4414 Nouchius
1099 4404 1104 4415 .
1129 4362 1188 4416 alio
1210 4361 1349 4431 tenrptooit
1373 4359 1511 4430 rS'teupiee
1534 4368 1570 4422 de

259 4445 360 4499 Probis
377 4445 563 4513 prammaticie
578 4461 607 4512 p.
623 4448 659 4497 37
673 4459 726 4512 sqq.
808 4442 857 4511 qni
874 4442 939 4496 illas
957 4440 1026 4494 item
1045 4439 1169 4510 Vergilio
1184 4441 1315 4511 Steopius
1395 4443 1482 4510 aqui
1500 4461 1568 4501 earn

257 4525 417 4579 ordinarent
434 4523 685 4591 Reifferscheidius,
704 4523 750 4591 qui
770 4523 930 4577 ordinarent
950 4521 1078 4575 Osonnus
1152 4527 1184 4575 10
1204 4522 1300 4576 obolos
1318 4518 1569 4586 Reifferscheid&

308 4611 339 4658 11
368 4607 400 4657 nt
427 4604 547 4659 debebat
573 4603 824 4671 Reifferselreidins,
851 4603 883 4655 nt
907 4600 1047 4654 debebant
1073 4599 1202 4654 Osannus
1226 4646 1231 4656 .
1255 4602 1370 4668 somme
1392 4600 1532 4657 decenter

259 4689 292 4737 14
305 4683 486 4752 inprobarent
501 4685 630 4738 Osannus
699 4689 730 4736 16
746 4683 826 4737 obelo
841 4680 985 4750 potissime
999 4681 1137 4735 notandos
1152 4682 1296 4736 Nouatum
1367 4681 1570 4743 existimarent

259 4765 387 4818 Oceanus
461 4771 492 4817 16
512 4763 560 4818 sed
579 4782 634 4819 non
652 4764 890 4830 Reiffersclaeidias
971 4766 1004 4814 18
1023 4762 1059 4815 ed
1078 4778 1125 4816 eos
1144 4778 1252 4831 versus,
1272 4761 1319 4830 qui
1337 4761 1391 4815 hoc
1409 4766 1482 4831 puta
1501 4766 1568 4823 loco

257 4846 332 4897 recte
350 4842 436 4912 positi
454 4846 534 4897 erant
551 4843 789 4910 Reitlbreclteids'us
