3316 5474
247 1718 280 1789 Ο.
299 1717 432 1781 Terentii
451 1719 556 1780 Scauri
579 1719 615 1780 de
639 1719 847 1800 orthographia
871 1720 930 1781 duo
955 1715 1118 1799 supersunt
1140 1715 1211 1779 libri
1233 1735 1321 1778 manu
1346 1717 1459 1798 scripti,

153 1828 207 1904 qui
232 1826 350 1904 quidem
374 1829 471 1887 omnia
494 1845 569 1905 quiae
593 1826 649 1887 hoe
672 1829 790 1887 nomine
813 1829 954 1906 iuscripta
978 1827 1116 1887 teruntur
1139 1828 1305 1902 continent,
1329 1821 1459 1884 Beruen-

153 1934 197 1991 sis
221 1928 286 1992 330
310 1940 340 1993 et
362 1933 513 1994 Palatinus
539 1929 632 1993 1741.

244 2036 462 2101 Beruensem
492 2040 624 2101 codicem
653 2041 767 2102 decimo
791 2041 923 2121 saeculo,
949 2048 983 2101 nt
1005 2040 1075 2101 mihi
1100 2042 1195 2102 visum
1219 2046 1279 2120 est,
1306 2038 1460 2116 scriptum,

153 2146 207 2223 qni
231 2144 300 2205 olim
323 2144 476 2226 Bongarsii
500 2147 569 2229 tuit,
599 2155 736 2209 accurate
761 2147 918 2228 descripsit
941 2146 1092 2207 Usenerus
1115 2165 1189 2206 mus.
1213 2137 1305 2205 [theu.
1330 2163 1355 2204 v.
1378 2141 1459 2202 xxtt

153 2245 196 2332 (a.
224 2246 324 2334 1867)
352 2272 379 2332 p.
403 2249 482 2334 416,
512 2251 632 2314 brevius
659 2253 799 2334 llagenus
827 2255 910 2316 catal.
934 2253 998 2314 eod.
1022 2251 1164 2314 Beruens.
1188 2271 1215 2331 p.
1240 2248 1314 2312 330.
1343 2253 1374 2310 in
1403 2249 1459 2309 hoc

153 2357 260 2418 Scauri
283 2357 359 2419 liber
381 2359 490 2439 legitur
514 2361 532 2420 i.
555 2357 731 2444 39-43*‚
755 2366 863 2439 incipit
891 2365 969 2423 tiber
997 2361 1129 2422 Terentii
1151 2359 1268 2420 Securi
1296 2360 1334 2418 de
1357 2358 1458 2418 orttio

149 2467 288 2540 yrnphin
311 2467 475 2526 Scribendi
496 2498 539 2508 —
560 2471 740 2542 percenseri
758 2476 887 2544 poterut.

245 2571 343 2632 Codex
371 2571 557 2633 Palatinus
588 2573 761 2634 chartaceus
792 2576 896 2653 quinto
926 2574 1041 2635 decimo
1071 2571 1190 2633 sacculo
1220 2572 1350 2649 scriptus
1380 2572 1460 2631 iuter

152 2688 295 2757 excerpta
313 2688 448 2741 veterum
467 2682 647 2760 scriptorum
667 2690 697 2743 et
715 2685 811 2742 varios
835 2682 1062 2742 commentarios
1085 2679 1200 2739 recenti
1223 2685 1317 2737 aetate
1341 2694 1458 2755 compo·

154 2788 230 2845 sitos
254 2785 333 2846 hunc
352 2786 458 2847 Scauri
481 2785 591 2848 librum
615 2806 673 2848 una
697 2807 764 2866 curm
788 2788 949 2868 appendice
974 2787 1010 2847 de
1034 2787 1219 2847 ordinatione
1243 2785 1372 2862 partium
1395 2801 1458 2843 ora·

152 2894 246 2952 tionis
265 2895 400 2954 eontinet
418 2894 437 2954 i.
453 2890 659 2975 245-2ts*,
683 2899 790 2970 incipit
812 2897 889 2956 tiber
911 2874 1063 2956 Terrentii
1080 2896 1196 2954 Securi
1217 2895 1256 2952 de
1278 2893 1460 2965 ortonrouin

153 2993 249 3081 (corr.
264 2996 499 3084 ortnopropnto)
519 3003 684 3062 Scribendi
702 3034 740 3043 —
757 3005 933 3078 percenseri
946 3009 1076 3078 poterut.
1092 3004 1163 3074 finit
1186 3001 1290 3072 Quinti
1311 2998 1463 3057 Terrentii

153 3108 272 3166 Securi
289 3111 326 3168 de
345 3111 553 3183 orthoprnniu.
579 3108 584 3183 Ι
613 3108 787 3168 Torrentius
805 3127 936 3169 securus
956 3111 994 3169 de
1017 3110 1211 3168 ordinatione
1229 3109 1367 3181 partium
1390 3122 1459 3164 orn·

152 3215 246 3272 tionis
269 3207 274 3294 l
302 3215 336 3274 ln
356 3222 500 3275 contentu
523 3215 669 3274 historiae
695 3246 732 3256 —
758 3232 859 3275 omnes
877 3223 984 3291 portes
1008 3217 1155 3274 orationis
1178 3205 1415 3292 examinabit.*)

245 3319 454 3400 Fragmentum
473 3319 540 3380 libri
559 3328 642 3380 sexto
662 3320 787 3402 decimo,
805 3333 839 3382 nt
856 3321 983 3402 videtur,
1005 3320 1123 3381 saeculo
1144 3321 1288 3399 seriptum
1308 3320 1338 3378 in
1357 3316 1459 3378 codice

153 3423 295 3485 Vaticano
320 3423 404 3488 1491
429 3427 597 3510 chartaceo,
621 3430 706 3488 cuius
730 3427 857 3489 indicem
881 3427 1001 3489 exhibui
1029 3445 1151 3507 gramm.
1174 3425 1222 3487 lat.
1246 3424 1314 3486 v.V
1337 3444 1365 3505 p.
1385 3421 1460 3505 526,

154 3529 293 3593 relictum
313 3542 367 3614 est,
396 3534 429 3605 ζ).
447 3534 580 3594 Terentii
593 3535 709 3594 Securi
730 3537 768 3595 ete
786 3537 1006 3612 orthopruplrio
1021 3539 1065 3595 net
1080 3536 1225 3595 Theseum
1240 3532 1404 3598 Scribendt'
1419 3561 1459 3573 -

155 3645 190 3695 ut
211 3642 321 3712 squillo
344 3659 440 3716 neque
458 3659 539 3716 prae
561 3633 605 3722 (p.
629 3634 740 3722 2254).
765 3640 878 3720 reliqua
901 3645 932 3703 in
956 3643 1012 3703 tine
1037 3642 1148 3703 codicis
1171 3642 1335 3721 perierunt.

157 3784 404 3797 ——.—.-.-.‚

245 3862 271 3930 ³)
295 3848 340 3919 lie
362 3865 478 3934 reliquis
501 3864 604 3921 codicis
628 3865 754 3934 partibus
774 3864 924 3934 'comperte
947 3866 1033 3921 hebui
1055 3866 1124 3920 hsce
1150 3862 1255 3934 partim
1282 3880 1300 3919 a
1321 3880 1366 3919 me
1393 3861 1461 3916 olim

153 3943 267 4010 notata,
292 3945 395 4012 partim
421 3960 439 3999 n
462 3944 611 4012 Stendero,
636 3945 684 4012 qui
710 3945 834 4000 codicem
859 3946 888 3999 in
911 3962 1003 4000 meum
1026 3964 1107 4000 usum
1130 3945 1300 4013 contulerat,
1328 3943 1460 3997 indicata.

153 4022 222 4074 nnte
241 4020 337 4076 Sosim
356 4024 457 4079 librum
476 4025 581 4094 scripte
599 4027 665 4078 sunt
682 4024 762 4094 haec,
784 4028 891 4096 Incipit
916 4027 1074 4095 sohutorins
1091 4041 1174 4092 super
1194 4023 1257 4075 XV
1277 4024 1362 4077 libros
1379 4027 1461 4075 metn-

152 4100 337 4167 morphoseon.
352 4102 507 4170 Diosantus
516 4104 749 4159 Lacedaemonem
763 4112 860 4160 auctor
873 4109 957 4161 libros
969 4107 1079 4175 scripsit
1094 4102 1461 4173 antiquitatum-quisquis

153 4196 189 4232 ee
212 4181 295 4234 exilio
315 4183 391 4252 zoyle
411 4200 510 4239 nomeu
531 4186 609 4239 habet
631 4185 676 4252 (ci.
696 4184 753 4238 Mai
776 4185 855 4242 clnss.
876 4188 946 4240 nuci.
974 4204 999 4241 v.
1018 4187 1059 4239 ΙΙΙ
1082 4205 1108 4256 p.
1127 4186 1217 4254 XVI),
1240 4185 1338 4239 breves
1362 4180 1461 4234 similis

153 4261 267 4329 generis
280 4265 481 4332 commentarii,
496 4265 635 4321 Ciceronis
649 4266 788 4336 epistulae
802 4266 920 4335 aliquot,
937 4265 1153 4320 commentarius
1167 4263 1325 4335 germanice
1340 4259 1460 4329 scriptus

152 4343 313 4406 reformatio
326 4344 373 4398 des
386 4345 502 4413 heilipen
512 4347 642 4414 perientes
650 4347 774 4400 sennenn
788 4346 1047 4400 dneeoreientiichen
1059 4343 1308 4409 tumorositate
1319 4338 1459 4409 epistulae

153 4421 234 4476 Petri
257 4423 380 4480 Antonii.
418 4425 543 4495 sequitur
564 4425 636 4480 liber
659 4424 784 4479 Terentii
803 4424 913 4492 Securi,
936 4426 1000 4493 post
1022 4440 1105 4492 quem
1129 4423 1253 4493 quinque
1279 4423 1350 4478 folin
1371 4438 1462 4477 uncus

151 4501 256 4556 relicte
274 4506 346 4558 sunt
375 4505 475 4560 deinde
495 4507 646 4576 sequnntur
665 4504 805 4559 Ciceronis
822 4504 912 4558 oratio
930 4519 980 4573 pro
1000 4504 1142 4572 Marcello,
1162 4503 1285 4558 eiusdem
1304 4503 1338 4557 de
1353 4501 1462 4572 optimo

152 4598 257 4653 genere
275 4581 387 4638 dicendi
403 4583 476 4639 liber
494 4602 557 4639 cum
575 4584 638 4639 eliis
657 4583 796 4653 excerptis
815 4581 967 4650 Ciceronis,
995 4581 1095 4651 quibus
1114 4583 1287 4652 subscriptus
1306 4584 1350 4636 est
1372 4597 1462 4636 annus

154 4667 226 4716 uss
250 4663 309 4733 vel,
339 4665 372 4719 nt
396 4663 548 4720 Stenderus
571 4663 720 4730 indicavit,
748 4669 830 4730 1464,
865 4660 997 4716 Martinni
1025 4661 1156 4731 Capellae
1183 4663 1315 4731 excerpta
1339 4660 1375 4715 de
1399 4662 1460 4714 erte

152 4740 307 4812 rhetorice,
326 4741 404 4800 Sexti
422 4744 484 4799 Rufi
503 4742 684 4812 breuiarium,
707 4742 857 4812 registrum
877 4759 960 4812 super
979 4742 1064 4797 libros
1082 4741 1230 4797 Laurentii
1248 4741 1401 4809 Veliensis,
1427 4740 1462 4794 de

153 4821 295 4877 monstris.

1212 4914 1248 4966 1*
