3316 5474
227 377 270 441 96
826 378 934 433 carm
1393 364 1461 400 *ι

227 490 248 525 p.
263 479 315 517 ιιιι
331 479 355 516 r.

227 562 330 623 dividit
357 565 387 622 in
416 562 489 622 duas
518 580 611 621 voces.
655 564 697 621 sic
726 580 894 640 quanquam
923 566 954 622 in
983 565 1082 642 priore
1112 561 1220 642 syllaba
1245 582 1263 623 n
1293 563 1402 624 babere
1431 565 1529 646 debet,

227 687 285 728 non
309 689 353 750 m,
376 689 413 730 ne
437 668 571 730 similiter
594 669 667 728 duas
691 686 757 728 esse
781 680 868 729 voces
892 669 1036 729 ostendat.

316 778 404 857 Atqui
428 785 509 837 caret
532 795 565 856 n,
588 774 723 835 similiter
747 774 864 854 alioqui.

318 883 382 945 Han
411 883 478 943 dolo
506 902 560 962 per
587 882 605 942 d
634 891 715 942 recte
744 882 893 944 scribitur.
936 886 1045 944 etenim
1073 883 1091 942 d
1120 886 1198 943 inter
1227 883 1300 944 duas
1327 883 1441 944 vocales
1465 904 1531 945 esse

226 989 323 1051 debet.
361 990 440 1068 quod
465 993 489 1049 si
513 1008 678 1049 consonans
703 992 852 1070 sequitur,
876 989 894 1049 d
918 989 984 1049 addi
1008 1008 1067 1049 non
1091 990 1193 1071 debet,
1217 999 1249 1051 ut
1273 990 1405 1050 bauscio,
1545 1009 1558 1047 s

313 1095 408 1155 Narro
432 1098 561 1156 narratio
584 1114 638 1173 per
661 1095 720 1155 duo
745 1114 774 1174 r,
798 1095 918 1175 querela
942 1094 1057 1173 loquela
1082 1116 1136 1175 per
1160 1116 1251 1158 unum
1276 1098 1293 1157 Ι.

314 1204 376 1263 blas
395 1205 453 1264 erit
471 1206 500 1264 in
520 1204 674 1282 positione,
693 1205 722 1262 in
742 1202 937 1263 diminutione
957 1203 1115 1285 masculus,
1134 1224 1202 1286 non,
1225 1217 1259 1266 ut
1277 1204 1397 1284 quidam
1416 1213 1530 1285 putant,

228 1309 391 1370 mascellus.
1113 1282 1123 1301 ι

314 1416 493 1478 Pronomina
526 1428 660 1478 nostrum
693 1436 726 1477 ac
757 1427 888 1479 vestrum
919 1421 944 1479 si
978 1423 1008 1479 e'n
1040 1421 1186 1498 scriptura
1217 1418 1373 1479 dividenda
1404 1429 1488 1498 sunt,
1515 1438 1530 1477 s

225 1522 323 1584 littera
347 1526 505 1604 posteriori
528 1523 652 1604 syllabae
677 1523 817 1602 applicari
841 1524 943 1605 debet,
971 1527 1110 1604 quoniam
1139 1544 1268 1605 sequens
1291 1525 1388 1587 littera
1413 1534 1425 1586 t
1448 1532 1529 1604 muta
1544 1541 1570 1580 ιο

228 1639 282 1691 est.
320 1633 371 1712 sic,
395 1634 420 1692 si
444 1633 581 1692 maiestas
606 1630 719 1705 scribis,
744 1639 805 1692 stas
828 1633 858 1691 in
881 1631 1052 1692 diductione
1077 1635 1157 1692 vocis
1180 1651 1245 1692 esse
1270 1632 1368 1712 debet,
1391 1649 1450 1690 non
1475 1637 1528 1690 tas.

155 1761 160 1769 ·
226 1739 269 1797 sic
293 1739 323 1797 in
347 1737 500 1799 similibus.

315 1845 400 1905 Tunc
424 1847 567 1925 temporis
591 1844 762 1905 adverbium
785 1854 840 1925 est,
863 1854 926 1906 tum
950 1845 1071 1907 ordinis.
1114 1843 1175 1908 sori
1199 1856 1270 1907 tunc
1294 1845 1459 1906 antitheton
1483 1854 1530 1904 est

226 1970 321 2032 nunc,
343 1949 404 2013 τοῦ
427 1970 498 2012 vero
523 1961 585 2013 tum
608 1951 772 2012 antitheton
796 1961 843 2013 cst
866 1971 942 2012 cum.

319 2057 405 2117 blodo
424 2059 578 2137 praeteriti
597 2066 643 2117 cst
662 2059 818 2138 temporis,
841 2066 871 2117 ct
890 2058 955 2118 ideo
975 2058 1132 2120 dicendum
1153 2055 1252 2120 ‘modo
1271 2052 1398 2139 scripsi',
1427 2052 1527 2118 ‘modo
1543 2074 1568 2112 rs

226 2158 310 2244 feci',
333 2182 393 2224 non
417 2159 521 2224 ‘modo
545 2160 669 2242 scribo',
693 2160 796 2225 ‘modo
822 2160 929 2244 lacio'3
953 2169 1085 2244 quamvis
1109 2166 1228 2244 quidam
1251 2173 1367 2226 veteres
1390 2175 1421 2225 et
1443 2182 1528 2244 prae-

227 2273 319 2331 sentis
343 2275 519 2350 putaverint.

314 2375 440 2437 Circiter
467 2377 503 2437 ad
533 2397 689 2440 neumarum
718 2380 862 2463 refertur,
890 2381 1003 2440 circum
1032 2379 1066 2439 ad
1095 2379 1207 2460 locum,
1237 2381 1316 2439 circa
1346 2377 1382 2438 ad
1397 2384 1529 2455 tempus

226 2480 319 2559 [quod
344 2491 390 2543 est
411 2476 546 2568 uderipi
584 2505 654 2566 ergo
678 2486 804 2547 dicimus
827 2488 1001 2546 circumisse
1024 2505 1079 2546 uos
1103 2485 1223 2567 urbem,
1246 2504 1306 2546 non
1329 2484 1476 2544 circaisse.

313 2588 458 2668 Superest
481 2599 573 2652 restat
597 2591 750 2671 significat,
774 2600 895 2670 superat
918 2593 1042 2672 eminet,
1073 2600 1106 2652 ut
1130 2586 1322 2671 ‘superant
1350 2591 1468 2669 capite
1492 2597 1527 2648 et
1542 2607 1569 2644 eo

225 2695 436 2757 cervicibus
463 2694 572 2758 altis’.
619 2701 691 2758 item
722 2692 880 2776 ‘egressi
908 2704 1081 2778 superant
1110 2694 1257 2779 lossns',
1285 2695 1455 2758 transiliunt
1483 2694 1530 2756 rel

225 2864 291 2918 dum
311 2867 444 2936 qnoniam
463 2867 482 2920 d
499 2871 572 2923 mber
591 2869 660 2922 duaa
679 2868 791 2927 uocales
810 2868 913 2922 diuidit
930 2868 970 2922 sio
986 2886 1147 2938 quanquam
1166 2869 1243 2939 prior
1261 2868 1371 2939 syllaba
1388 2885 1408 2921 ιι
1425 2867 1530 2922 babere

960 2959 974 2988 0

225 2998 310 3055 debet
333 3018 388 3055 non
406 3019 434 3055 m
454 3018 489 3055 no
509 3001 639 3056 similiter
657 3002 725 3056 duas
744 3019 805 3056 esse
823 3017 907 3056 uoces
925 3000 1015 3069 aliqui
1039 3002 1162 3057 ostendii
1179 3004 1208 3056 Β
1232 3002 1370 3072 Quicquid
1387 3000 1417 3054 iu
1435 2999 1528 3069 priore

223 3079 331 3149 syllaba
349 3098 364 3135 c
382 3081 478 3136 littera
496 3081 671 3136 scribendum
690 3084 770 3150 (eom.
790 3081 848 3148 da)
872 3080 917 3134 osb
938 3094 994 3132 non
1012 3082 1030 3135 d
1050 3083 1183 3151 quoniam
1201 3084 1220 3137 d
1239 3081 1342 3136 diuidit
1362 3081 1436 3134 inber
1459 3079 1530 3133 duos

224 3158 394 3216 uocales'sie
413 3168 555 3230 quaquam
573 3162 648 3231 prior
667 3165 748 3228 (corr.
763 3177 923 3230 quanquam
942 3161 1017 3230 prior
1031 3163 1151 3232 syllaba)
1170 3181 1189 3216 n
1206 3163 1310 3216 habere
1327 3158 1413 3214 debeb
1429 3174 1486 3212 non
1501 3176 1529 3212 m

223 3256 258 3294 no
277 3240 407 3296 similiter
425 3243 505 3309 (corr.
525 3239 634 3309 similis)
653 3240 722 3294 duas
741 3256 802 3294 esse
821 3255 904 3294 uoces
923 3240 1055 3297 ostendat
1073 3242 1097 3296 Ο

313 3327 327 3374 1
346 3320 450 3377 diuidit
467 3319 541 3374 inter
558 3320 628 3374 duas
647 3335 729 3374 noces
748 3317 788 3372 sio
808 3336 968 3388 quanquam
987 3321 1064 3389 prior
1083 3320 1192 3389 syllaba
1211 3320 1249 3373 Μ
1326 3327 1342 3375 3
1361 3324 1456 3375 careat
1472 3317 1532 3373 ΒΟ

276 3405 293 3453 4
311 3401 387 3455 haud
406 3402 452 3457 olo
469 3417 519 3469 per
537 3399 556 3452 d
574 3403 650 3455 recte
669 3397 801 3453 scribibur
820 3401 858 3453 M
875 3402 950 3455 haud
974 3401 1039 3455 dolo
1059 3400 1098 3454 sio
1116 3403 1192 3455 reete
1211 3400 1343 3455 scribitur
1362 3400 1385 3454 Ο
1390 3416 1430 3469 sp
1454 3401 1530 3454 haud

222 3477 287 3533 dolo
306 3479 346 3535 sic
364 3480 471 3550 alioqui
488 3482 564 3535 recte
578 3479 708 3535 scribitur
726 3476 762 3530 B.
790 3481 963 3535 restituerat
981 3481 1039 3535 hau
1052 3480 1117 3535 dolo
1135 3497 1187 3551 par
1199 3480 1318 3534 unumd
1336 3483 1411 3535 recia
1430 3481 1529 3536 scribi·

223 3560 281 3627 tur,
299 3561 356 3615 nisi
370 3561 465 3629 potius
483 3559 559 3613 haud
577 3559 660 3614 alitor
677 3557 810 3623 scriptam
828 3565 902 3626 erat,
921 3563 993 3630 quod
1011 3577 1044 3614 ex
1064 3559 1179 3628 Verpsla's'
1192 3576 1272 3614 oasa
1285 3560 1355 3616 Aea.
1370 3560 1479 3613 VIIII
1492 3566 1529 3615 65

224 3638 339 3694 Moriar
362 3640 520 3694 Victorinus
538 3655 569 3707 p.
589 3645 632 3706 15,
656 3642 694 3693 24
722 3637 878 3706 adscripsit.
915 3641 971 3694 hau
995 3641 1087 3694 dicam
1110 3640 1175 3695 dolo
1203 3641 1302 3710 lepitar
1326 3640 1420 3695 Plorat.
1448 3640 1528 3695 Trr'n.

223 3719 291 3785 12,
309 3725 346 3774 53
418 3718 523 3775 atenim
542 3749 575 3757 -
594 3716 708 3772 hanscio
727 3715 819 3773 Narro
837 3735 888 3781 om.
907 3722 972 3791 Bp,
991 3722 1054 3776 odd.
1075 3721 1113 3774 M
1116 3719 1160 3778 Ος
1249 3720 1334 3775 debet
1351 3719 1459 3790 jesseO

222 3803 238 3850 b
257 3797 371 3854 hausein
391 3799 415 3855 Ο
430 3801 501 3855 haub
519 3799 576 3853 scio
597 3798 634 3850 M
650 3793 763 3850 hambio
783 3813 800 3854 ς
885 3807 900 3854 1
919 3802 949 3855 in
963 3801 1059 3871 priore
1077 3801 1134 3855 loco
1152 3817 1201 3855 ora
1219 3801 1257 3854 Μ
1338 3801 1479 3856 masculus
1499 3804 1529 3857 in

222 3876 406 3935 diminuimus
423 3880 481 3935 ΒΟ
541 3877 643 3949 putant
661 3892 711 3930 om.
730 3874 789 3929 ΒΟ
850 3879 1041 3935 ttPronomen
1059 3884 1184 3935 nostrum
1203 3897 1235 3935 ac
1256 3883 1382 3935 uerbum
1400 3881 1425 3936 si
1443 3881 1529 3951 scrip

221 3959 285 4012 bura
307 3958 459 4015 diuidenda
481 3958 519 4013 sib
543 3957 611 4011 ΜΒ
619 3957 648 4011 Ο.
685 3974 724 4010 arr
747 3957 776 4010 in
799 3961 962 4028 pronomine
985 3962 1110 4014 nostrum
1134 3977 1167 4016 ac
1193 3962 1318 4016 vestrum
1340 3960 1365 4014 ai
1390 3960 1531 4029 scriptura

222 4037 373 4094 dividenda
390 4039 445 4094 sit?
501 4046 534 4093 10
552 4038 686 4109 quoniam
705 4056 718 4091 s
737 4037 863 4094 litteram
881 4041 1039 4111 sequitant
1057 4042 1136 4094 muta
1154 4040 1212 4095 ΒΟ
1264 4046 1297 4094 11
1315 4039 1348 4094 in
1365 4039 1529 4094 diductione

217 4117 288 4185 pin
306 4118 473 4173 deductione
493 4118 559 4172 MC
575 4118 604 4171 in
623 4115 810 4173 declinatione
827 4119 856 4172 B
932 4121 1018 4176 debat
1036 4137 1094 4175 esee
1112 4120 1170 4174 ΒΟ
1245 4127 1278 4175 13
1297 4119 1376 4174 Tunc
1394 4120 1529 4190 temporis

222 4199 387 4255 aduerbium
404 4199 465 4252 ium
484 4197 589 4252 ordinis
603 4197 681 4250 Sleto
701 4198 801 4264 (soetoi
819 4202 844 4267 c)
863 4203 907 4254 est
924 4203 991 4255 tunc
1010 4201 1126 4255 anbeion
1144 4206 1160 4255 ὀ
1178 4217 1252 4255 nunc
1267 4198 1362 4254 Soeboi
1380 4215 1447 4254 nero
1466 4202 1527 4253 tum

222 4282 337 4335 anbebon
360 4282 404 4335 ost
426 4295 490 4333 cum
513 4278 558 4332 uel
582 4294 669 4345 quum
691 4276 738 4330 Bc
760 4277 838 4332 Tunc
860 4281 995 4351 temporis
1018 4278 1183 4335 aduerbium
1208 4283 1270 4335 bum
1288 4277 1393 4335 ordinis
1411 4277 1529 4340 (antu.

222 4359 242 4413 (
259 4364 328 4414 tnnc
346 4360 513 4414 atiiotonem
531 4373 604 4411 nunc
623 4356 714 4419 Lali.
734 4357 806 4423 Quin
826 4359 849 4413 Ο
954 4358 1017 4430 τοῦ]
1037 4359 1186 4416 (murati
1204 4365 1319 4429 utroque
1336 4359 1393 4412 loco
1414 4359 1451 4411 M

225 4444 257 4493 lb
276 4439 410 4509 temporis
428 4440 472 4493 aab
489 4436 547 4491 ΒΟ
619 4444 651 4491 16
669 4436 754 4491 modo
773 4439 928 4494 antelamo
947 4456 998 4494 om,
1016 4439 1074 4494 ΒΟ
1144 4443 1174 4495 et
1190 4437 1350 4509 praesentis
1366 4437 1528 4508 putauerint

224 4519 261 4571 M
264 4518 323 4574 ΒΟ
344 4518 374 4571 in
397 4515 557 4587 praesentia
579 4519 751 4586 putauenmb
773 4534 790 4575 ς
881 4523 913 4572 18
937 4517 1048 4573 Circum
1070 4518 1107 4573 ad
1129 4518 1222 4573 locum
1241 4520 1315 4590 (loca
1332 4517 1381 4588 Μ)
1400 4517 1474 4572 aira
1492 4517 1528 4571 ad

222 4599 332 4666 tempus
352 4598 439 4651 MBc
456 4597 530 4652 eirca
548 4597 585 4649 ad
603 4597 695 4652 locum
714 4597 819 4652 cneum
837 4598 874 4652 ad
892 4601 1003 4667 tempus
1023 4598 1047 4653 Ο
1109 4605 1141 4653 19
1161 4597 1300 4660 arrunte
1315 4598 1353 4651 Μ
1370 4595 1486 4657 arada
1500 4597 1529 4650 Β

221 4676 362 4748 circaisse]
382 4677 493 4733 measa
511 4676 539 4729 B
557 4676 720 4731 canusso
789 4683 824 4732 20
843 4678 987 4748 superant]
1019 4677 1096 4747 Vero.
1115 4679 1185 4733 Aen.
1205 4679 1321 4734 [1219
1410 4683 1442 4730 al
1463 4677 1530 4731 allis

222 4757 335 4826 egressi.
372 4757 443 4811 Item
465 4759 599 4824 superant
620 4755 688 4810 Bo:
719 4756 795 4824 Verq.
819 4756 888 4810 Aea.
916 4756 1026 4809 VIIII
1046 4761 1102 4812 312
1194 4755 1358 4811 transiliunb
1382 4757 1418 4809 M
1439 4759 1530 4810 bans·

223 4837 290 4889 eunt
308 4835 366 4888 ΒΟ
