<?xml version="1.0" encoding="UTF-8"?>
<!DOCTYPE html PUBLIC "-//W3C//DTD XHTML 1.0 Transitional//EN"
    "http://www.w3.org/TR/xhtml1/DTD/xhtml1-transitional.dtd">
<html xmlns="http://www.w3.org/1999/xhtml" xml:lang="en" lang="en">
 <head>
  <title>
</title>
<meta http-equiv="Content-Type" content="text/html;charset=utf-8" />
  <meta name='ocr-system' content='tesseract 3.04.00' />
  <meta name='ocr-capabilities' content='ocr_page ocr_carea ocr_par ocr_line ocrx_word'/>
</head>
<body>
  <div class='ocr_page' id='page_1' title='image "./grammaticilatin00keilgoog_0556.png"; bbox 0 0 3316 5474; ppageno 0'>
   <div class='ocr_carea' id='block_1_1' title="bbox 110 1202 1432 3736">
    <p class='ocr_par' dir='ltr' id='par_1_1' title="bbox 110 1202 1432 3736">
     <span class='ocr_line' id='line_1_1' title="bbox 206 1202 1417 1268; baseline 0 -2"><span class='ocrx_word' id='word_1_1' title='bbox 206 1205 249 1266; x_wconf 85' lang='lat' dir='ltr'><strong>Ex</strong></span> <span class='ocrx_word' id='word_1_2' title='bbox 278 1206 379 1267; x_wconf 92' lang='lat' dir='ltr'><strong>codice</strong></span> <span class='ocrx_word' id='word_1_3' title='bbox 407 1202 628 1267; x_wconf 79' lang='lat' dir='ltr'><strong>vindobonensi</strong></span> <span class='ocrx_word' id='word_1_4' title='bbox 654 1203 695 1268; x_wconf 91' lang='grc'><strong>16</strong></span> <span class='ocrx_word' id='word_1_5' title='bbox 723 1205 793 1267; x_wconf 85' lang='lat' dir='ltr'><strong>oIIm</strong></span> <span class='ocrx_word' id='word_1_6' title='bbox 821 1205 961 1266; x_wconf 88' lang='lat' dir='ltr'><strong>Bobiensi</strong></span> <span class='ocrx_word' id='word_1_7' title='bbox 987 1213 1090 1267; x_wconf 83' lang='lat' dir='ltr'><strong>octavo</strong></span> <span class='ocrx_word' id='word_1_8' title='bbox 1118 1203 1163 1266; x_wconf 85' lang='lat' dir='ltr'><strong>vel</strong></span> <span class='ocrx_word' id='word_1_9' title='bbox 1193 1223 1271 1266; x_wconf 93' lang='grc'><strong>6363</strong></span> <span class='ocrx_word' id='word_1_10' title='bbox 1299 1204 1417 1266; x_wconf 86' lang='grc'><strong>3333613</strong></span> 
     </span>
     <span class='ocr_line' id='line_1_2' title="bbox 119 1310 1418 1394; baseline -0.002 -21"><span class='ocrx_word' id='word_1_11' title='bbox 119 1314 230 1394; x_wconf 90' lang='lat' dir='ltr'><strong>scripto</strong></span> <span class='ocrx_word' id='word_1_12' title='bbox 253 1315 284 1373; x_wconf 94' lang='lat' dir='ltr'><strong>in</strong></span> <span class='ocrx_word' id='word_1_13' title='bbox 308 1313 447 1373; x_wconf 74' lang='lat' dir='ltr'><strong>analectis</strong></span> <span class='ocrx_word' id='word_1_14' title='bbox 470 1313 668 1392; x_wconf 79' lang='lat' dir='ltr'><strong>grammaticis</strong></span> <span class='ocrx_word' id='word_1_15' title='bbox 691 1310 969 1373; x_wconf 81' lang='lat' dir='ltr'><strong>vindobonenstbus</strong></span> <span class='ocrx_word' id='word_1_16' title='bbox 992 1311 1070 1373; x_wconf 89' lang='lat' dir='ltr'><strong>edita</strong></span> <span class='ocrx_word' id='word_1_17' title='bbox 1087 1321 1168 1372; x_wconf 74' lang='lat' dir='ltr'><strong>eunt</strong></span> <span class='ocrx_word' id='word_1_18' title='bbox 1195 1313 1359 1390; x_wconf 82' lang='lat' dir='ltr'><strong>fragmenta</strong></span> <span class='ocrx_word' id='word_1_19' title='bbox 1381 1310 1418 1371; x_wconf 91' lang='lat' dir='ltr'><strong>de</strong></span> 
     </span>
     <span class='ocr_line' id='line_1_3' title="bbox 119 1418 1419 1500; baseline -0.002 -21"><span class='ocrx_word' id='word_1_20' title='bbox 119 1419 290 1480; x_wconf 80' lang='lat' dir='ltr'><strong>accentibus</strong></span> <span class='ocrx_word' id='word_1_21' title='bbox 313 1438 341 1499; x_wconf 88' lang='lat' dir='ltr'><strong>p.</strong></span> <span class='ocrx_word' id='word_1_22' title='bbox 367 1418 441 1500; x_wconf 87' lang='grc'><strong>142,</strong></span> <span class='ocrx_word' id='word_1_23' title='bbox 472 1420 508 1481; x_wconf 91' lang='lat' dir='ltr'><strong>de</strong></span> <span class='ocrx_word' id='word_1_24' title='bbox 531 1419 639 1481; x_wconf 90' lang='lat' dir='ltr'><strong>litteris</strong></span> <span class='ocrx_word' id='word_1_25' title='bbox 662 1439 729 1481; x_wconf 92' lang='lat' dir='ltr'><strong>cum</strong></span> <span class='ocrx_word' id='word_1_26' title='bbox 753 1419 923 1480; x_wconf 85' lang='lat' dir='ltr'><strong>delinitione</strong></span> <span class='ocrx_word' id='word_1_27' title='bbox 947 1419 1076 1499; x_wconf 91' lang='lat' dir='ltr'><strong>partium</strong></span> <span class='ocrx_word' id='word_1_28' title='bbox 1103 1420 1176 1479; x_wconf 91' lang='lat' dir='ltr'><strong>artis</strong></span> <span class='ocrx_word' id='word_1_29' title='bbox 1202 1420 1419 1500; x_wconf 87' lang='lat' dir='ltr'><strong>grammaticae,</strong></span> 
     </span>
     <span class='ocr_line' id='line_1_4' title="bbox 119 1522 1419 1606; baseline 0 -21"><span class='ocrx_word' id='word_1_30' title='bbox 119 1528 168 1587; x_wconf 88' lang='lat' dir='ltr'><strong>cui</strong></span> <span class='ocrx_word' id='word_1_31' title='bbox 192 1524 288 1604; x_wconf 88' lang='lat' dir='ltr'><strong>Sergii</strong></span> <span class='ocrx_word' id='word_1_32' title='bbox 311 1545 419 1587; x_wconf 90' lang='lat' dir='ltr'><strong>nomen</strong></span> <span class='ocrx_word' id='word_1_33' title='bbox 442 1529 660 1606; x_wconf 91' lang='lat' dir='ltr'><strong>praescriptum</strong></span> <span class='ocrx_word' id='word_1_34' title='bbox 684 1535 730 1587; x_wconf 91' lang='lat' dir='ltr'><strong>est</strong></span> <span class='ocrx_word' id='word_1_35' title='bbox 752 1545 780 1606; x_wconf 95' lang='lat' dir='ltr'><strong>p.</strong></span> <span class='ocrx_word' id='word_1_36' title='bbox 806 1522 882 1605; x_wconf 81' lang='lat'><strong>197,</strong></span> <span class='ocrx_word' id='word_1_37' title='bbox 912 1525 949 1586; x_wconf 89' lang='lat' dir='ltr'><strong>de</strong></span> <span class='ocrx_word' id='word_1_38' title='bbox 976 1524 1147 1585; x_wconf 88' lang='lat' dir='ltr'><strong>nominibus</strong></span> <span class='ocrx_word' id='word_1_39' title='bbox 1174 1543 1242 1585; x_wconf 89' lang='lat' dir='ltr'><strong>cum</strong></span> <span class='ocrx_word' id='word_1_40' title='bbox 1271 1526 1419 1605; x_wconf 80' lang='lat' dir='ltr'><strong>excerptis</strong></span> 
     </span>
     <span class='ocr_line' id='line_1_5' title="bbox 119 1629 1419 1715; baseline 0 -23"><span class='ocrx_word' id='word_1_41' title='bbox 119 1634 287 1711; x_wconf 90' lang='lat' dir='ltr'><strong>argumenti</strong></span> <span class='ocrx_word' id='word_1_42' title='bbox 309 1634 491 1712; x_wconf 81' lang='lat' dir='ltr'><strong>grammatici</strong></span> <span class='ocrx_word' id='word_1_43' title='bbox 519 1653 546 1713; x_wconf 90' lang='lat' dir='ltr'><strong>p.</strong></span> <span class='ocrx_word' id='word_1_44' title='bbox 570 1631 636 1695; x_wconf 86' lang='grc'><strong>206</strong></span> <span class='ocrx_word' id='word_1_45' title='bbox 659 1653 738 1715; x_wconf 76' lang='lat' dir='ltr'><strong>sqq,</strong></span> <span class='ocrx_word' id='word_1_46' title='bbox 766 1632 802 1694; x_wconf 89' lang='lat' dir='ltr'><strong>de</strong></span> <span class='ocrx_word' id='word_1_47' title='bbox 831 1634 961 1713; x_wconf 83' lang='lat' dir='ltr'><strong>propriIs</strong></span> <span class='ocrx_word' id='word_1_48' title='bbox 983 1630 1154 1692; x_wconf 86' lang='lat' dir='ltr'><strong>uomInibus</strong></span> <span class='ocrx_word' id='word_1_49' title='bbox 1176 1651 1204 1711; x_wconf 95' lang='lat' dir='ltr'><strong>p.</strong></span> <span class='ocrx_word' id='word_1_50' title='bbox 1228 1629 1302 1692; x_wconf 91' lang='grc'><strong>212.</strong></span> <span class='ocrx_word' id='word_1_51' title='bbox 1344 1650 1419 1711; x_wconf 90' lang='lat' dir='ltr'><strong>quae</strong></span> 
     </span>
     <span class='ocr_line' id='line_1_6' title="bbox 110 1736 1420 1818; baseline 0 -20"><span class='ocrx_word' id='word_1_52' title='bbox 110 1740 282 1818; x_wconf 59' lang='lat' dir='ltr'><strong>¹fragmenta</strong></span> <span class='ocrx_word' id='word_1_53' title='bbox 309 1742 340 1800; x_wconf 92' lang='lat' dir='ltr'><strong>iu</strong></span> <span class='ocrx_word' id='word_1_54' title='bbox 368 1739 471 1800; x_wconf 87' lang='lat' dir='ltr'><strong>codice</strong></span> <span class='ocrx_word' id='word_1_55' title='bbox 499 1741 587 1800; x_wconf 86' lang='lat' dir='ltr'><strong>variis</strong></span> <span class='ocrx_word' id='word_1_56' title='bbox 614 1738 688 1801; x_wconf 91' lang='lat' dir='ltr'><strong>locis</strong></span> <span class='ocrx_word' id='word_1_57' title='bbox 721 1739 878 1801; x_wconf 86' lang='lat' dir='ltr'><strong>distributa</strong></span> <span class='ocrx_word' id='word_1_58' title='bbox 911 1738 1064 1818; x_wconf 93' lang='lat' dir='ltr'><strong>leguntur,</strong></span> <span class='ocrx_word' id='word_1_59' title='bbox 1097 1739 1116 1799; x_wconf 85' lang='lat' dir='ltr'><strong>l.</strong></span> <span class='ocrx_word' id='word_1_60' title='bbox 1145 1736 1187 1798; x_wconf 76' lang='lat'><strong>47</strong></span> <span class='ocrx_word' id='word_1_61' title='bbox 1221 1737 1258 1798; x_wconf 92' lang='lat' dir='ltr'><strong>de</strong></span> <span class='ocrx_word' id='word_1_62' title='bbox 1289 1741 1420 1818; x_wconf 92' lang='lat' dir='ltr'><strong>propriis</strong></span> 
     </span>
     <span class='ocr_line' id='line_1_7' title="bbox 120 1835 1419 1927; baseline -0.001 -21"><span class='ocrx_word' id='word_1_63' title='bbox 120 1845 303 1907; x_wconf 90' lang='lat' dir='ltr'><strong>nominibus:</strong></span> <span class='ocrx_word' id='word_1_64' title='bbox 330 1848 349 1907; x_wconf 88' lang='lat' dir='ltr'><strong>l.</strong></span> <span class='ocrx_word' id='word_1_65' title='bbox 374 1843 416 1907; x_wconf 84' lang='lat'><strong>49</strong></span> <span class='ocrx_word' id='word_1_66' title='bbox 445 1845 481 1907; x_wconf 93' lang='lat' dir='ltr'><strong>de</strong></span> <span class='ocrx_word' id='word_1_67' title='bbox 509 1846 682 1908; x_wconf 86' lang='lat' dir='ltr'><strong>accentibus</strong></span> <span class='ocrx_word' id='word_1_68' title='bbox 709 1855 777 1908; x_wconf 88' lang='lat' dir='ltr'><strong>ante</strong></span> <span class='ocrx_word' id='word_1_69' title='bbox 805 1855 943 1927; x_wconf 86' lang='lat' dir='ltr'><strong>excerpta</strong></span> <span class='ocrx_word' id='word_1_70' title='bbox 972 1845 1008 1906; x_wconf 91' lang='lat' dir='ltr'><strong>de</strong></span> <span class='ocrx_word' id='word_1_71' title='bbox 1037 1847 1140 1906; x_wconf 90' lang='lat' dir='ltr'><strong>metris</strong></span> <span class='ocrx_word' id='word_1_72' title='bbox 1167 1863 1291 1924; x_wconf 88' lang='lat' dir='ltr'><strong>gramm.</strong></span> <span class='ocrx_word' id='word_1_73' title='bbox 1317 1835 1365 1906; x_wconf 82' lang='lat' dir='ltr'><strong>lat</strong></span> <span class='ocrx_word' id='word_1_74' title='bbox 1393 1864 1419 1905; x_wconf 82' lang='grc'><strong>3.</strong></span> 
     </span>
     <span class='ocr_line' id='line_1_8' title="bbox 120 1949 1419 2032; baseline 0.002 -22"><span class='ocrx_word' id='word_1_75' title='bbox 120 1951 156 2011; x_wconf 89' lang='lat' dir='ltr'><strong>Vl</strong></span> <span class='ocrx_word' id='word_1_76' title='bbox 180 1972 207 2032; x_wconf 91' lang='lat' dir='ltr'><strong>p.</strong></span> <span class='ocrx_word' id='word_1_77' title='bbox 232 1949 295 2013; x_wconf 82' lang='lat'><strong>617</strong></span> <span class='ocrx_word' id='word_1_78' title='bbox 320 1973 328 2013; x_wconf 74' lang='grc' dir='ltr'><strong><em>ε</em></strong></span> <span class='ocrx_word' id='word_1_79' title='bbox 351 1954 370 2013; x_wconf 88' lang='lat' dir='ltr'><strong>i.</strong></span> <span class='ocrx_word' id='word_1_80' title='bbox 395 1949 438 2014; x_wconf 81' lang='lat'><strong>55</strong></span> <span class='ocrx_word' id='word_1_81' title='bbox 462 1952 498 2013; x_wconf 91' lang='lat' dir='ltr'><strong>de</strong></span> <span class='ocrx_word' id='word_1_82' title='bbox 522 1952 656 2031; x_wconf 91' lang='lat' dir='ltr'><strong>partibus</strong></span> <span class='ocrx_word' id='word_1_83' title='bbox 679 1956 752 2014; x_wconf 89' lang='lat' dir='ltr'><strong>artis</strong></span> <span class='ocrx_word' id='word_1_84' title='bbox 780 1954 986 2032; x_wconf 82' lang='lat' dir='ltr'><strong>grammaticae</strong></span> <span class='ocrx_word' id='word_1_85' title='bbox 1015 1960 1047 2012; x_wconf 92' lang='lat' dir='ltr'><strong>et</strong></span> <span class='ocrx_word' id='word_1_86' title='bbox 1073 1951 1110 2012; x_wconf 92' lang='lat' dir='ltr'><strong>de</strong></span> <span class='ocrx_word' id='word_1_87' title='bbox 1139 1951 1246 2012; x_wconf 91' lang='lat' dir='ltr'><strong>litteris</strong></span> <span class='ocrx_word' id='word_1_88' title='bbox 1274 1958 1343 2013; x_wconf 93' lang='lat' dir='ltr'><strong>ante</strong></span> <span class='ocrx_word' id='word_1_89' title='bbox 1370 1970 1419 2012; x_wconf 86' lang='lat' dir='ltr'><strong>ex·</strong></span> 
     </span>
     <span class='ocr_line' id='line_1_9' title="bbox 120 2055 1432 2142; baseline 0.002 -24"><span class='ocrx_word' id='word_1_90' title='bbox 120 2068 222 2138; x_wconf 90' lang='lat' dir='ltr'><strong>cerpta</strong></span> <span class='ocrx_word' id='word_1_91' title='bbox 245 2058 389 2120; x_wconf 85' lang='lat' dir='ltr'><strong>Victorini</strong></span> <span class='ocrx_word' id='word_1_92' title='bbox 411 2078 532 2138; x_wconf 86' lang='lat' dir='ltr'><strong>gramm.</strong></span> <span class='ocrx_word' id='word_1_93' title='bbox 555 2059 604 2119; x_wconf 93' lang='lat' dir='ltr'><strong>lat.</strong></span> <span class='ocrx_word' id='word_1_94' title='bbox 624 2079 649 2120; x_wconf 83' lang='lat' dir='ltr'><strong>v.</strong></span> <span class='ocrx_word' id='word_1_95' title='bbox 669 2060 705 2120; x_wconf 90' lang='lat' dir='ltr'><strong>Vl</strong></span> <span class='ocrx_word' id='word_1_96' title='bbox 723 2080 751 2141; x_wconf 89' lang='lat' dir='ltr'><strong>p.</strong></span> <span class='ocrx_word' id='word_1_97' title='bbox 770 2059 851 2142; x_wconf 93' lang='lat' dir='ltr'><strong>XIX,</strong></span> <span class='ocrx_word' id='word_1_98' title='bbox 875 2058 949 2121; x_wconf 84' lang='lat' dir='ltr'><strong>anal.</strong></span> <span class='ocrx_word' id='word_1_99' title='bbox 968 2058 1087 2120; x_wconf 89' lang='lat' dir='ltr'><strong>Vindob.</strong></span> <span class='ocrx_word' id='word_1_100' title='bbox 1104 2059 1196 2139; x_wconf 89' lang='lat' dir='ltr'><strong>praei.</strong></span> <span class='ocrx_word' id='word_1_101' title='bbox 1215 2078 1243 2139; x_wconf 89' lang='lat' dir='ltr'><strong>p.</strong></span> <span class='ocrx_word' id='word_1_102' title='bbox 1257 2057 1284 2117; x_wconf 91' lang='lat' dir='ltr'>X</span> <span class='ocrx_word' id='word_1_103' title='bbox 1298 2079 1307 2120; x_wconf 76' lang='grc' dir='ltr'><strong><em>ε</em></strong></span> <span class='ocrx_word' id='word_1_104' title='bbox 1322 2059 1340 2120; x_wconf 88' lang='lat' dir='ltr'><strong>l.</strong></span> <span class='ocrx_word' id='word_1_105' title='bbox 1357 2055 1432 2139; x_wconf 37' lang='grc'><strong>166,</strong></span> 
     </span>
     <span class='ocr_line' id='line_1_10' title="bbox 120 2160 1420 2246; baseline 0.003 -22"><span class='ocrx_word' id='word_1_106' title='bbox 120 2164 156 2224; x_wconf 89' lang='lat' dir='ltr'><strong>de</strong></span> <span class='ocrx_word' id='word_1_107' title='bbox 176 2164 358 2246; x_wconf 89' lang='lat' dir='ltr'><strong>nominibus,</strong></span> <span class='ocrx_word' id='word_1_108' title='bbox 378 2168 425 2226; x_wconf 94' lang='lat' dir='ltr'><strong>cui</strong></span> <span class='ocrx_word' id='word_1_109' title='bbox 445 2168 522 2245; x_wconf 92' lang='lat' dir='ltr'><strong>parti</strong></span> <span class='ocrx_word' id='word_1_110' title='bbox 540 2165 646 2227; x_wconf 87' lang='lat' dir='ltr'><strong>deiude</strong></span> <span class='ocrx_word' id='word_1_111' title='bbox 666 2169 696 2228; x_wconf 96' lang='lat' dir='ltr'><strong>in</strong></span> <span class='ocrx_word' id='word_1_112' title='bbox 715 2167 805 2227; x_wconf 88' lang='lat' dir='ltr'><strong>altera</strong></span> <span class='ocrx_word' id='word_1_113' title='bbox 826 2166 958 2228; x_wconf 89' lang='lat' dir='ltr'><strong>eiusdem</strong></span> <span class='ocrx_word' id='word_1_114' title='bbox 974 2165 1161 2226; x_wconf 85' lang='lat' dir='ltr'><strong>membranae</strong></span> <span class='ocrx_word' id='word_1_115' title='bbox 1176 2166 1280 2245; x_wconf 89' lang='lat' dir='ltr'><strong>pagina</strong></span> <span class='ocrx_word' id='word_1_116' title='bbox 1296 2165 1315 2224; x_wconf 88' lang='lat' dir='ltr'><strong>l.</strong></span> <span class='ocrx_word' id='word_1_117' title='bbox 1332 2160 1420 2228; x_wconf 81' lang='lat'>156*</span> 
     </span>
     <span class='ocr_line' id='line_1_11' title="bbox 120 2270 1421 2353; baseline 0 -22"><span class='ocrx_word' id='word_1_118' title='bbox 120 2281 150 2331; x_wconf 92' lang='lat' dir='ltr'><strong>et</strong></span> <span class='ocrx_word' id='word_1_119' title='bbox 181 2273 211 2332; x_wconf 96' lang='lat' dir='ltr'><strong>in</strong></span> <span class='ocrx_word' id='word_1_120' title='bbox 244 2290 278 2332; x_wconf 91' lang='lat' dir='ltr'><strong>ea</strong></span> <span class='ocrx_word' id='word_1_121' title='bbox 308 2291 382 2352; x_wconf 88' lang='lat' dir='ltr'><strong>quae</strong></span> <span class='ocrx_word' id='word_1_122' title='bbox 411 2290 480 2333; x_wconf 91' lang='lat' dir='ltr'><strong>cum</strong></span> <span class='ocrx_word' id='word_1_123' title='bbox 507 2273 562 2334; x_wconf 92' lang='lat' dir='ltr'><strong>bac</strong></span> <span class='ocrx_word' id='word_1_124' title='bbox 594 2273 734 2335; x_wconf 89' lang='lat' dir='ltr'><strong>cohaeret</strong></span> <span class='ocrx_word' id='word_1_125' title='bbox 767 2275 785 2335; x_wconf 89' lang='lat' dir='ltr'><strong>l.</strong></span> <span class='ocrx_word' id='word_1_126' title='bbox 816 2270 878 2334; x_wconf 88' lang='grc'><strong>159</strong></span> <span class='ocrx_word' id='word_1_127' title='bbox 907 2275 1168 2353; x_wconf 80' lang='lat' dir='ltr'><strong>interpretationes</strong></span> <span class='ocrx_word' id='word_1_128' title='bbox 1199 2271 1343 2351; x_wconf 89' lang='lat' dir='ltr'><strong>quaedam</strong></span> <span class='ocrx_word' id='word_1_129' title='bbox 1375 2270 1421 2331; x_wconf 82' lang='lat' dir='ltr'><strong>vel</strong></span> 
     </span>
     <span class='ocr_line' id='line_1_12' title="bbox 120 2377 1422 2461; baseline 0.001 -24"><span class='ocrx_word' id='word_1_130' title='bbox 120 2377 233 2457; x_wconf 88' lang='lat' dir='ltr'><strong>glossae</strong></span> <span class='ocrx_word' id='word_1_131' title='bbox 257 2378 468 2441; x_wconf 87' lang='lat' dir='ltr'><strong>vocabulorum</strong></span> <span class='ocrx_word' id='word_1_132' title='bbox 492 2382 646 2441; x_wconf 82' lang='lat' dir='ltr'><strong>maximam</strong></span> <span class='ocrx_word' id='word_1_133' title='bbox 670 2390 784 2461; x_wconf 90' lang='lat' dir='ltr'><strong>partem</strong></span> <span class='ocrx_word' id='word_1_134' title='bbox 808 2381 844 2441; x_wconf 92' lang='lat' dir='ltr'><strong>ad</strong></span> <span class='ocrx_word' id='word_1_135' title='bbox 867 2379 1042 2461; x_wconf 81' lang='lat' dir='ltr'><strong>Vergilium,</strong></span> <span class='ocrx_word' id='word_1_136' title='bbox 1065 2378 1233 2461; x_wconf 84' lang='lat' dir='ltr'><strong>Horatium,</strong></span> <span class='ocrx_word' id='word_1_137' title='bbox 1260 2378 1422 2461; x_wconf 89' lang='lat' dir='ltr'><strong>Lucanum,</strong></span> 
     </span>
     <span class='ocr_line' id='line_1_13' title="bbox 122 2483 1420 2567; baseline 0.003 -25"><span class='ocrx_word' id='word_1_138' title='bbox 122 2483 300 2566; x_wconf 84' lang='lat' dir='ltr'><strong>Iuvenalem,</strong></span> <span class='ocrx_word' id='word_1_139' title='bbox 323 2506 433 2565; x_wconf 90' lang='lat' dir='ltr'><strong>paucae</strong></span> <span class='ocrx_word' id='word_1_140' title='bbox 457 2486 600 2548; x_wconf 89' lang='lat' dir='ltr'><strong>etiamad</strong></span> <span class='ocrx_word' id='word_1_141' title='bbox 621 2486 792 2549; x_wconf 89' lang='lat' dir='ltr'><strong>Sallustium</strong></span> <span class='ocrx_word' id='word_1_142' title='bbox 811 2489 996 2567; x_wconf 87' lang='lat' dir='ltr'><strong>pertinentes</strong></span> <span class='ocrx_word' id='word_1_143' title='bbox 1015 2485 1165 2547; x_wconf 87' lang='lat' dir='ltr'><strong>subiectae</strong></span> <span class='ocrx_word' id='word_1_144' title='bbox 1185 2494 1268 2566; x_wconf 90' lang='lat' dir='ltr'><strong>sunt,</strong></span> <span class='ocrx_word' id='word_1_145' title='bbox 1291 2488 1327 2547; x_wconf 87' lang='lat' dir='ltr'><strong>cl.</strong></span> <span class='ocrx_word' id='word_1_146' title='bbox 1347 2485 1420 2546; x_wconf 92' lang='lat' dir='ltr'><strong>anal.</strong></span> 
     </span>
     <span class='ocr_line' id='line_1_14' title="bbox 121 2589 1421 2675; baseline 0.003 -27"><span class='ocrx_word' id='word_1_147' title='bbox 121 2589 243 2650; x_wconf 89' lang='lat' dir='ltr'><strong>Vindob.</strong></span> <span class='ocrx_word' id='word_1_148' title='bbox 266 2594 358 2671; x_wconf 87' lang='lat' dir='ltr'><strong>prael.</strong></span> <span class='ocrx_word' id='word_1_149' title='bbox 382 2613 410 2672; x_wconf 91' lang='lat' dir='ltr'><strong>p.</strong></span> <span class='ocrx_word' id='word_1_150' title='bbox 429 2592 483 2675; x_wconf 90' lang='lat' dir='ltr'><strong>XI,</strong></span> <span class='ocrx_word' id='word_1_151' title='bbox 506 2592 666 2655; x_wconf 88' lang='lat' dir='ltr'><strong>Endlicber</strong></span> <span class='ocrx_word' id='word_1_152' title='bbox 685 2594 749 2655; x_wconf 94' lang='lat' dir='ltr'><strong>cod.</strong></span> <span class='ocrx_word' id='word_1_153' title='bbox 767 2592 816 2655; x_wconf 93' lang='lat' dir='ltr'><strong>lat.</strong></span> <span class='ocrx_word' id='word_1_154' title='bbox 837 2592 905 2654; x_wconf 93' lang='lat' dir='ltr'><strong>bibl.</strong></span> <span class='ocrx_word' id='word_1_155' title='bbox 925 2591 1007 2653; x_wconf 89' lang='lat' dir='ltr'><strong>Vind.</strong></span> <span class='ocrx_word' id='word_1_156' title='bbox 1026 2612 1054 2672; x_wconf 91' lang='lat' dir='ltr'><strong>p.</strong></span> <span class='ocrx_word' id='word_1_157' title='bbox 1074 2590 1147 2653; x_wconf 91' lang='grc'><strong>222.</strong></span> <span class='ocrx_word' id='word_1_158' title='bbox 1194 2612 1229 2653; x_wconf 87' lang='lat' dir='ltr'><strong>ex</strong></span> <span class='ocrx_word' id='word_1_159' title='bbox 1253 2592 1300 2652; x_wconf 90' lang='lat' dir='ltr'><strong>his</strong></span> <span class='ocrx_word' id='word_1_160' title='bbox 1322 2600 1421 2653; x_wconf 91' lang='lat' dir='ltr'><strong>autern</strong></span> 
     </span>
     <span class='ocr_line' id='line_1_15' title="bbox 120 2696 1421 2781; baseline 0.003 -25"><span class='ocrx_word' id='word_1_161' title='bbox 120 2714 154 2756; x_wconf 90' lang='lat' dir='ltr'><strong>ea</strong></span> <span class='ocrx_word' id='word_1_162' title='bbox 182 2716 257 2775; x_wconf 92' lang='lat' dir='ltr'><strong>quac</strong></span> <span class='ocrx_word' id='word_1_163' title='bbox 287 2697 390 2758; x_wconf 92' lang='lat' dir='ltr'><strong>ultimo</strong></span> <span class='ocrx_word' id='word_1_164' title='bbox 418 2697 483 2758; x_wconf 94' lang='lat' dir='ltr'><strong>loco</strong></span> <span class='ocrx_word' id='word_1_165' title='bbox 511 2701 753 2781; x_wconf 84' lang='lat' dir='ltr'><strong>commemoravi,</strong></span> <span class='ocrx_word' id='word_1_166' title='bbox 784 2708 942 2778; x_wconf 89' lang='lat' dir='ltr'><strong>propterea</strong></span> <span class='ocrx_word' id='word_1_167' title='bbox 970 2696 1049 2776; x_wconf 90' lang='lat' dir='ltr'><strong>quod</strong></span> <span class='ocrx_word' id='word_1_168' title='bbox 1077 2697 1112 2757; x_wconf 89' lang='lat' dir='ltr'><strong>ad</strong></span> <span class='ocrx_word' id='word_1_169' title='bbox 1145 2700 1421 2777; x_wconf 87' lang='lat' dir='ltr'><strong>interpretationem</strong></span> 
     </span>
     <span class='ocr_line' id='line_1_16' title="bbox 120 2805 1420 2885; baseline 0.003 -22"><span class='ocrx_word' id='word_1_170' title='bbox 120 2805 220 2884; x_wconf 92' lang='lat' dir='ltr'><strong>potius</strong></span> <span class='ocrx_word' id='word_1_171' title='bbox 240 2813 373 2863; x_wconf 86' lang='lat' dir='ltr'><strong>veterum</strong></span> <span class='ocrx_word' id='word_1_172' title='bbox 393 2807 572 2884; x_wconf 89' lang='lat' dir='ltr'><strong>scriptorum</strong></span> <span class='ocrx_word' id='word_1_173' title='bbox 592 2823 680 2883; x_wconf 88' lang='lat' dir='ltr'><strong>quam</strong></span> <span class='ocrx_word' id='word_1_174' title='bbox 698 2805 734 2866; x_wconf 92' lang='lat' dir='ltr'><strong>ad</strong></span> <span class='ocrx_word' id='word_1_175' title='bbox 753 2807 974 2885; x_wconf 91' lang='lat' dir='ltr'><strong>grammaticam</strong></span> <span class='ocrx_word' id='word_1_176' title='bbox 992 2811 1087 2864; x_wconf 91' lang='lat' dir='ltr'><strong>artem</strong></span> <span class='ocrx_word' id='word_1_177' title='bbox 1105 2813 1253 2885; x_wconf 91' lang='lat' dir='ltr'><strong>spectant,</strong></span> <span class='ocrx_word' id='word_1_178' title='bbox 1272 2823 1288 2864; x_wconf 90' lang='lat' dir='ltr'><strong>a</strong></span> <span class='ocrx_word' id='word_1_179' title='bbox 1307 2807 1420 2867; x_wconf 91' lang='lat' dir='ltr'><strong>ratione</strong></span> 
     </span>
     <span class='ocr_line' id='line_1_17' title="bbox 121 2909 1421 2991; baseline 0.003 -21"><span class='ocrx_word' id='word_1_180' title='bbox 121 2911 240 2988; x_wconf 90' lang='lat' dir='ltr'><strong>quidem</strong></span> <span class='ocrx_word' id='word_1_181' title='bbox 264 2910 352 2971; x_wconf 90' lang='lat' dir='ltr'><strong>huius</strong></span> <span class='ocrx_word' id='word_1_182' title='bbox 376 2913 475 2990; x_wconf 93' lang='lat' dir='ltr'><strong>operis</strong></span> <span class='ocrx_word' id='word_1_183' title='bbox 498 2910 592 2971; x_wconf 93' lang='lat' dir='ltr'><strong>aliena</strong></span> <span class='ocrx_word' id='word_1_184' title='bbox 611 2919 697 2971; x_wconf 91' lang='lat' dir='ltr'><strong>erant</strong></span> <span class='ocrx_word' id='word_1_185' title='bbox 714 2959 722 2972; x_wconf 89' lang='lat'><strong>.</strong></span> <span class='ocrx_word' id='word_1_186' title='bbox 741 2910 793 2972; x_wconf 91' lang='lat' dir='ltr'><strong>sed</strong></span> <span class='ocrx_word' id='word_1_187' title='bbox 813 2913 952 2991; x_wconf 88' lang='lat' dir='ltr'><strong>quoniam</strong></span> <span class='ocrx_word' id='word_1_188' title='bbox 970 2909 1043 2970; x_wconf 91' lang='lat' dir='ltr'><strong>baec</strong></span> <span class='ocrx_word' id='word_1_189' title='bbox 1062 2928 1182 2990; x_wconf 88' lang='lat' dir='ltr'><strong>quoque</strong></span> <span class='ocrx_word' id='word_1_190' title='bbox 1201 2910 1237 2971; x_wconf 95' lang='lat' dir='ltr'><strong>ab</strong></span> <span class='ocrx_word' id='word_1_191' title='bbox 1256 2911 1421 2974; x_wconf 90' lang='lat' dir='ltr'><strong>editoribus</strong></span> 
     </span>
     <span class='ocr_line' id='line_1_18' title="bbox 121 3019 1422 3099; baseline 0.002 -21"><span class='ocrx_word' id='word_1_192' title='bbox 121 3020 269 3099; x_wconf 87' lang='lat' dir='ltr'><strong>superiori</strong></span> <span class='ocrx_word' id='word_1_193' title='bbox 292 3021 370 3097; x_wconf 88' lang='lat' dir='ltr'><strong>parti</strong></span> <span class='ocrx_word' id='word_1_194' title='bbox 393 3027 541 3097; x_wconf 86' lang='lat' dir='ltr'><strong>tamquam</strong></span> <span class='ocrx_word' id='word_1_195' title='bbox 566 3028 704 3097; x_wconf 88' lang='lat' dir='ltr'><strong>excerpta</strong></span> <span class='ocrx_word' id='word_1_196' title='bbox 732 3020 899 3097; x_wconf 91' lang='lat' dir='ltr'><strong>argumenti</strong></span> <span class='ocrx_word' id='word_1_197' title='bbox 926 3019 1111 3096; x_wconf 90' lang='lat' dir='ltr'><strong>grammatici</strong></span> <span class='ocrx_word' id='word_1_198' title='bbox 1138 3020 1309 3080; x_wconf 91' lang='lat' dir='ltr'><strong>continuata</strong></span> <span class='ocrx_word' id='word_1_199' title='bbox 1336 3027 1422 3080; x_wconf 92' lang='lat' dir='ltr'><strong>erant</strong></span> 
     </span>
     <span class='ocr_line' id='line_1_19' title="bbox 122 3122 1421 3207; baseline 0.002 -23"><span class='ocrx_word' id='word_1_200' title='bbox 122 3143 218 3203; x_wconf 90' lang='lat' dir='ltr'><strong>neque</strong></span> <span class='ocrx_word' id='word_1_201' title='bbox 241 3127 271 3185; x_wconf 93' lang='lat' dir='ltr'><strong>in</strong></span> <span class='ocrx_word' id='word_1_202' title='bbox 296 3124 406 3185; x_wconf 89' lang='lat' dir='ltr'><strong>scholia</strong></span> <span class='ocrx_word' id='word_1_203' title='bbox 430 3135 604 3206; x_wconf 89' lang='lat' dir='ltr'><strong>poetarum,</strong></span> <span class='ocrx_word' id='word_1_204' title='bbox 621 3143 697 3204; x_wconf 84' lang='lat' dir='ltr'><strong>quae</strong></span> <span class='ocrx_word' id='word_1_205' title='bbox 721 3142 799 3184; x_wconf 93' lang='lat' dir='ltr'><strong>nunc</strong></span> <span class='ocrx_word' id='word_1_206' title='bbox 819 3122 976 3204; x_wconf 87' lang='lat' dir='ltr'><strong>habemus,</strong></span> <span class='ocrx_word' id='word_1_207' title='bbox 998 3134 1117 3205; x_wconf 91' lang='lat' dir='ltr'><strong>recepta</strong></span> <span class='ocrx_word' id='word_1_208' title='bbox 1137 3134 1219 3207; x_wconf 93' lang='lat' dir='ltr'><strong>sunt,</strong></span> <span class='ocrx_word' id='word_1_209' title='bbox 1243 3144 1303 3186; x_wconf 92' lang='grc'><strong>636</strong></span> <span class='ocrx_word' id='word_1_210' title='bbox 1320 3129 1421 3207; x_wconf 86' lang='lat' dir='ltr'><strong>putavi</strong></span> 
     </span>
     <span class='ocr_line' id='line_1_20' title="bbox 122 3229 1422 3313; baseline 0.003 -23"><span class='ocrx_word' id='word_1_211' title='bbox 122 3249 155 3290; x_wconf 90' lang='lat' dir='ltr'><strong>ea</strong></span> <span class='ocrx_word' id='word_1_212' title='bbox 178 3231 342 3293; x_wconf 88' lang='lat' dir='ltr'><strong>omittenda</strong></span> <span class='ocrx_word' id='word_1_213' title='bbox 365 3250 447 3313; x_wconf 92' lang='lat' dir='ltr'><strong>esse,</strong></span> <span class='ocrx_word' id='word_1_214' title='bbox 469 3233 644 3311; x_wconf 89' lang='lat' dir='ltr'><strong>praesertim</strong></span> <span class='ocrx_word' id='word_1_215' title='bbox 668 3250 736 3292; x_wconf 90' lang='lat' dir='ltr'><strong>curn</strong></span> <span class='ocrx_word' id='word_1_216' title='bbox 755 3249 814 3291; x_wconf 93' lang='grc'><strong>636</strong></span> <span class='ocrx_word' id='word_1_217' title='bbox 833 3229 927 3312; x_wconf 90' lang='lat' dir='ltr'><strong>nulla,</strong></span> <span class='ocrx_word' id='word_1_218' title='bbox 950 3248 1025 3310; x_wconf 90' lang='lat' dir='ltr'><strong>quae</strong></span> <span class='ocrx_word' id='word_1_219' title='bbox 1045 3233 1186 3291; x_wconf 90' lang='lat' dir='ltr'><strong>memoria</strong></span> <span class='ocrx_word' id='word_1_220' title='bbox 1205 3231 1282 3293; x_wconf 91' lang='lat' dir='ltr'><strong>haud</strong></span> <span class='ocrx_word' id='word_1_221' title='bbox 1301 3233 1422 3312; x_wconf 89' lang='lat' dir='ltr'><strong>indigna</strong></span> 
     </span>
     <span class='ocr_line' id='line_1_21' title="bbox 122 3336 1421 3420; baseline 0.004 -24"><span class='ocrx_word' id='word_1_222' title='bbox 122 3345 206 3417; x_wconf 92' lang='lat' dir='ltr'><strong>suut,</strong></span> <span class='ocrx_word' id='word_1_223' title='bbox 228 3340 259 3398; x_wconf 91' lang='lat' dir='ltr'><strong>in</strong></span> <span class='ocrx_word' id='word_1_224' title='bbox 278 3340 315 3398; x_wconf 93' lang='lat' dir='ltr'><strong>iis</strong></span> <span class='ocrx_word' id='word_1_225' title='bbox 334 3340 530 3399; x_wconf 89' lang='lat' dir='ltr'><strong>inveniantur.</strong></span> <span class='ocrx_word' id='word_1_226' title='bbox 569 3356 673 3398; x_wconf 87' lang='lat' dir='ltr'><strong>versus</strong></span> <span class='ocrx_word' id='word_1_227' title='bbox 692 3344 865 3419; x_wconf 86' lang='lat' dir='ltr'><strong>poetarum,</strong></span> <span class='ocrx_word' id='word_1_228' title='bbox 884 3336 919 3397; x_wconf 92' lang='lat' dir='ltr'><strong>ad</strong></span> <span class='ocrx_word' id='word_1_229' title='bbox 939 3355 1015 3416; x_wconf 91' lang='lat' dir='ltr'><strong>quos</strong></span> <span class='ocrx_word' id='word_1_230' title='bbox 1033 3337 1237 3399; x_wconf 85' lang='lat' dir='ltr'><strong>adnotationes</strong></span> <span class='ocrx_word' id='word_1_231' title='bbox 1255 3339 1421 3420; x_wconf 81' lang='lat' dir='ltr'><strong>adscriptae</strong></span> 
     </span>
     <span class='ocr_line' id='line_1_22' title="bbox 122 3442 1422 3527; baseline 0.002 -23"><span class='ocrx_word' id='word_1_232' title='bbox 122 3455 220 3526; x_wconf 91' lang='lat' dir='ltr'><strong>erant,</strong></span> <span class='ocrx_word' id='word_1_233' title='bbox 243 3448 367 3505; x_wconf 88' lang='lat' dir='ltr'><strong>maxima</strong></span> <span class='ocrx_word' id='word_1_234' title='bbox 391 3464 426 3505; x_wconf 89' lang='lat' dir='ltr'><strong>ex</strong></span> <span class='ocrx_word' id='word_1_235' title='bbox 451 3454 535 3524; x_wconf 92' lang='lat' dir='ltr'><strong>parte</strong></span> <span class='ocrx_word' id='word_1_236' title='bbox 556 3444 706 3524; x_wconf 87' lang='lat' dir='ltr'><strong>diligentia</strong></span> <span class='ocrx_word' id='word_1_237' title='bbox 725 3442 998 3505; x_wconf 79' lang='lat' dir='ltr'><strong>vindobonensium</strong></span> <span class='ocrx_word' id='word_1_238' title='bbox 1017 3443 1164 3505; x_wconf 89' lang='lat' dir='ltr'><strong>editorum</strong></span> <span class='ocrx_word' id='word_1_239' title='bbox 1185 3444 1305 3506; x_wconf 91' lang='lat' dir='ltr'><strong>indicati</strong></span> <span class='ocrx_word' id='word_1_240' title='bbox 1324 3454 1422 3527; x_wconf 87' lang='lat' dir='ltr'><strong>erant;</strong></span> 
     </span>
     <span class='ocr_line' id='line_1_23' title="bbox 122 3521 1420 3631; baseline 0.003 -22"><span class='ocrx_word' id='word_1_241' title='bbox 122 3569 231 3630; x_wconf 91' lang='lat' dir='ltr'><strong>paucos</strong></span> <span class='ocrx_word' id='word_1_242' title='bbox 255 3555 318 3631; x_wconf 89' lang='lat' dir='ltr'><strong>ipse</strong></span> <span class='ocrx_word' id='word_1_243' title='bbox 343 3552 449 3611; x_wconf 93' lang='lat' dir='ltr'><strong>addidi.</strong></span> <span class='ocrx_word' id='word_1_244' title='bbox 496 3551 639 3611; x_wconf 89' lang='lat' dir='ltr'><strong>lectiones</strong></span> <span class='ocrx_word' id='word_1_245' title='bbox 668 3549 779 3610; x_wconf 88' lang='lat' dir='ltr'><strong>codicis</strong></span> <span class='ocrx_word' id='word_1_246' title='bbox 801 3548 956 3611; x_wconf 79' lang='lat' dir='ltr'><strong>bobiensis</strong></span> <span class='ocrx_word' id='word_1_247' title='bbox 985 3569 1020 3611; x_wconf 89' lang='lat' dir='ltr'><strong>ex</strong></span> <span class='ocrx_word' id='word_1_248' title='bbox 1045 3521 1264 3611; x_wconf 77' lang='lat' dir='ltr'><strong>Vindbbonensi</strong></span> <span class='ocrx_word' id='word_1_249' title='bbox 1292 3552 1420 3614; x_wconf 90' lang='lat' dir='ltr'><strong>editione</strong></span> 
     </span>
     <span class='ocr_line' id='line_1_24' title="bbox 122 3659 254 3736; baseline 0.008 -20"><span class='ocrx_word' id='word_1_250' title='bbox 122 3659 254 3736; x_wconf 83' lang='lat' dir='ltr'><strong>repetivi.</strong></span> 
     </span>
    </p>
   </div>
   <div class='ocr_carea' id='block_1_2' title="bbox 652 3778 889 3789">
    <p class='ocr_par' dir='ltr' id='par_1_2' title="bbox 652 3778 889 3789">
     <span class='ocr_line' id='line_1_25' title="bbox 652 3778 889 3789; baseline -0.004 0"><span class='ocrx_word' id='word_1_251' title='bbox 652 3778 889 3789; x_wconf 44' lang='grc' dir='ltr'><strong>ψ.-</strong></span> 
     </span>
    </p>
   </div>
   <div class='ocr_carea' id='block_1_3' title="bbox 339 3980 1210 4050">
    <p class='ocr_par' dir='ltr' id='par_1_3' title="bbox 339 3980 1210 4050">
     <span class='ocr_line' id='line_1_26' title="bbox 339 3980 1210 4050; baseline 0 -2"><span class='ocrx_word' id='word_1_252' title='bbox 339 3983 503 4050; x_wconf 81' lang='lat' dir='ltr'><strong>INCIPIT</strong></span> <span class='ocrx_word' id='word_1_253' title='bbox 525 3982 585 4049; x_wconf 80' lang='lat' dir='ltr'><strong>Du</strong></span> <span class='ocrx_word' id='word_1_254' title='bbox 610 3982 725 4049; x_wconf 73' lang='lat' dir='ltr'><strong>ARTE</strong></span> <span class='ocrx_word' id='word_1_255' title='bbox 748 3980 1041 4048; x_wconf 81' lang='lat' dir='ltr'><strong>GRAMMA&#39;I&#39;IOA</strong></span> <span class='ocrx_word' id='word_1_256' title='bbox 1065 3981 1210 4048; x_wconf 80' lang='lat' dir='ltr'><strong>SERGII</strong></span> 
     </span>
    </p>
   </div>
   <div class='ocr_carea' id='block_1_4' title="bbox 122 4099 1422 4478">
    <p class='ocr_par' dir='ltr' id='par_1_4' title="bbox 123 4099 328 4146">
     <span class='ocr_line' id='line_1_27' title="bbox 123 4099 328 4146; baseline 0.005 -8"><span class='ocrx_word' id='word_1_257' title='bbox 123 4109 145 4146; x_wconf 81' lang='lat' dir='ltr'><strong>p.</strong></span> <span class='ocrx_word' id='word_1_258' title='bbox 160 4101 197 4139; x_wconf 80' lang='lat' dir='ltr'><strong>ist</strong></span> <span class='ocrx_word' id='word_1_259' title='bbox 212 4099 247 4139; x_wconf 89' lang='lat' dir='ltr'><strong>ed.</strong></span> <span class='ocrx_word' id='word_1_260' title='bbox 261 4099 328 4139; x_wconf 75' lang='lat' dir='ltr'><strong>vind</strong></span> 
     </span>
    </p>

    <p class='ocr_par' dir='ltr' id='par_1_5' title="bbox 122 4180 1422 4478">
     <span class='ocr_line' id='line_1_28' title="bbox 211 4180 1421 4264; baseline -0.002 -20"><span class='ocrx_word' id='word_1_261' title='bbox 211 4185 267 4244; x_wconf 80' lang='lat' dir='ltr'><strong>hrs</strong></span> <span class='ocrx_word' id='word_1_262' title='bbox 289 4187 478 4264; x_wconf 91' lang='lat' dir='ltr'><strong>grammatica</strong></span> <span class='ocrx_word' id='word_1_263' title='bbox 502 4184 649 4244; x_wconf 91' lang='lat' dir='ltr'><strong>institutio</strong></span> <span class='ocrx_word' id='word_1_264' title='bbox 673 4182 820 4242; x_wconf 90' lang='lat' dir='ltr'><strong>sermonis</strong></span> <span class='ocrx_word' id='word_1_265' title='bbox 838 4183 935 4261; x_wconf 90' lang='lat' dir='ltr'><strong>periti.</strong></span> <span class='ocrx_word' id='word_1_266' title='bbox 977 4180 1049 4242; x_wconf 89' lang='lat' dir='ltr'><strong>haec</strong></span> <span class='ocrx_word' id='word_1_267' title='bbox 1068 4181 1114 4242; x_wconf 92' lang='lat' dir='ltr'><strong>bis</strong></span> <span class='ocrx_word' id='word_1_268' title='bbox 1133 4180 1223 4242; x_wconf 91' lang='lat' dir='ltr'><strong>rebus</strong></span> <span class='ocrx_word' id='word_1_269' title='bbox 1243 4183 1421 4260; x_wconf 89' lang='lat' dir='ltr'><strong>continetur,</strong></span> 
     </span>
     <span class='ocr_line' id='line_1_29' title="bbox 122 4285 1422 4371; baseline -0.002 -22"><span class='ocrx_word' id='word_1_270' title='bbox 122 4288 243 4371; x_wconf 91' lang='lat' dir='ltr'><strong>litteris,</strong></span> <span class='ocrx_word' id='word_1_271' title='bbox 270 4288 402 4371; x_wconf 80' lang='lat' dir='ltr'><strong>syllabis,</strong></span> <span class='ocrx_word' id='word_1_272' title='bbox 433 4288 619 4369; x_wconf 88' lang='lat' dir='ltr'><strong>accentibus,</strong></span> <span class='ocrx_word' id='word_1_273' title='bbox 650 4286 790 4368; x_wconf 90' lang='lat' dir='ltr'><strong>pedibus,</strong></span> <span class='ocrx_word' id='word_1_274' title='bbox 821 4285 885 4346; x_wconf 87' lang='lat' dir='ltr'><strong>Vlll</strong></span> <span class='ocrx_word' id='word_1_275' title='bbox 918 4287 1053 4368; x_wconf 93' lang='lat' dir='ltr'><strong>partibus</strong></span> <span class='ocrx_word' id='word_1_276' title='bbox 1085 4289 1240 4368; x_wconf 90' lang='lat' dir='ltr'><strong>orationis,</strong></span> <span class='ocrx_word' id='word_1_277' title='bbox 1272 4287 1422 4370; x_wconf 90' lang='lat' dir='ltr'><strong>anomalis,</strong></span> 
     </span>
     <span class='ocr_line' id='line_1_30' title="bbox 122 4394 1421 4478; baseline 0.001 -24"><span class='ocrx_word' id='word_1_278' title='bbox 122 4398 215 4476; x_wconf 85' lang='lat' dir='ltr'><strong>vitiis,</strong></span> <span class='ocrx_word' id='word_1_279' title='bbox 253 4399 369 4478; x_wconf 83' lang='lat' dir='ltr'><strong>figuris,</strong></span> <span class='ocrx_word' id='word_1_280' title='bbox 405 4396 558 4470; x_wconf 89' lang='lat' dir='ltr'><strong>clausulis,</strong></span> <span class='ocrx_word' id='word_1_281' title='bbox 596 4397 712 4477; x_wconf 88' lang='lat' dir='ltr'><strong>metris,</strong></span> <span class='ocrx_word' id='word_1_282' title='bbox 750 4394 938 4476; x_wconf 78' lang='lat' dir='ltr'><strong>etymologia,</strong></span> <span class='ocrx_word' id='word_1_283' title='bbox 974 4394 1196 4475; x_wconf 89' lang='lat' dir='ltr'><strong>orthographia,</strong></span> <span class='ocrx_word' id='word_1_284' title='bbox 1237 4397 1421 4474; x_wconf 80' lang='lat' dir='ltr'><strong>expositione</strong></span> 
     </span>
    </p>
   </div>
   <div class='ocr_carea' id='block_1_5' title="bbox 158 4566 1421 4864">
    <p class='ocr_par' dir='ltr' id='par_1_6' title="bbox 158 4566 1421 4864">
     <span class='ocr_line' id='line_1_31' title="bbox 211 4566 904 4636; baseline 0 -16"><span class='ocrx_word' id='word_1_285' title='bbox 211 4568 238 4620; x_wconf 94' lang='lat' dir='ltr'><em>B</em></span> <span class='ocrx_word' id='word_1_286' title='bbox 257 4569 339 4624; x_wconf 74' lang='lat' dir='ltr'><strong>codex</strong></span> <span class='ocrx_word' id='word_1_287' title='bbox 358 4569 517 4636; x_wconf 69' lang='lat' dir='ltr'><strong>Bobe&#39;enarb,</strong></span> <span class='ocrx_word' id='word_1_288' title='bbox 535 4583 610 4622; x_wconf 78' lang='lat' dir='ltr'><strong>nunc</strong></span> <span class='ocrx_word' id='word_1_289' title='bbox 633 4566 850 4622; x_wconf 71' lang='lat' dir='ltr'><strong>Vindobonesis</strong></span> <span class='ocrx_word' id='word_1_290' title='bbox 867 4570 904 4620; x_wconf 78' lang='lat'><strong>16</strong></span> 
     </span>
     <span class='ocr_line' id='line_1_32' title="bbox 211 4650 569 4705; baseline -0.003 -2"><span class='ocrx_word' id='word_1_291' title='bbox 211 4651 328 4704; x_wconf 75' lang='lat' dir='ltr'><strong>oede&#39;tc&#39;o</strong></span> <span class='ocrx_word' id='word_1_292' title='bbox 353 4650 569 4705; x_wconf 72' lang='lat' dir='ltr'><strong>Vindoboneasio</strong></span> 
     </span>
     <span class='ocr_line' id='line_1_33' title="bbox 158 4725 1421 4864; baseline -0.001 -79"><span class='ocrx_word' id='word_1_293' title='bbox 158 4813 176 4861; x_wconf 60' lang='lat'>4</span> <span class='ocrx_word' id='word_1_294' title='bbox 194 4731 382 4864; x_wconf 51' lang='lat' dir='ltr'><strong>cpuplppsmglia</strong></span> <span class='ocrx_word' id='word_1_295' title='bbox 395 4748 412 4784; x_wconf 84' lang='grc'><strong>3</strong></span> <span class='ocrx_word' id='word_1_296' title='bbox 426 4729 549 4785; x_wconf 85' lang='lat' dir='ltr'><strong>anomali</strong></span> <span class='ocrx_word' id='word_1_297' title='bbox 560 4746 609 4784; x_wconf 88' lang='grc'><strong>,63</strong></span> <span class='ocrx_word' id='word_1_298' title='bbox 628 4729 665 4797; x_wconf 87' lang='grc'><strong>(6.</strong></span> <span class='ocrx_word' id='word_1_299' title='bbox 679 4744 702 4783; x_wconf 85' lang='grc'><strong>3.</strong></span> <span class='ocrx_word' id='word_1_300' title='bbox 720 4728 906 4798; x_wconf 79' lang='lat' dir='ltr'><strong>anamalibus)</strong></span> <span class='ocrx_word' id='word_1_301' title='bbox 925 4728 953 4783; x_wconf 90' lang='lat' dir='ltr'><em>B</em></span> <span class='ocrx_word' id='word_1_302' title='bbox 967 4770 973 4783; x_wconf 93' lang='lat'><strong>.</strong></span> <span class='ocrx_word' id='word_1_303' title='bbox 988 4727 1105 4794; x_wconf 81' lang='lat' dir='ltr'><strong>fortasse</strong></span> <span class='ocrx_word' id='word_1_304' title='bbox 1118 4725 1265 4781; x_wconf 82' lang='lat' dir='ltr'><strong>anomaliis</strong></span> <span class='ocrx_word' id='word_1_305' title='bbox 1280 4726 1326 4781; x_wconf 84' lang='lat' dir='ltr'><strong>vel</strong></span> <span class='ocrx_word' id='word_1_306' title='bbox 1344 4727 1421 4784; x_wconf 80' lang='lat' dir='ltr'><strong>vitiis</strong></span> 
     </span>
    </p>
   </div>
   <div class='ocr_carea' id='block_1_6' title="bbox 176 4902 1209 4950">
    <p class='ocr_par' dir='ltr' id='par_1_7' title="bbox 176 4902 1209 4950">
     <span class='ocr_line' id='line_1_34' title="bbox 176 4902 1209 4950; baseline 0.013 -4"><span class='ocrx_word' id='word_1_307' title='bbox 176 4917 330 4949; x_wconf 62' lang='lat' dir='ltr'><strong>attenuaret</strong></span> <span class='ocrx_word' id='word_1_308' title='bbox 344 4919 429 4950; x_wconf 71' lang='lat' dir='ltr'><strong>mutui</strong></span> <span class='ocrx_word' id='word_1_309' title='bbox 444 4921 487 4950; x_wconf 84' lang='lat' dir='ltr'><strong>vn.</strong></span> <span class='ocrx_word' id='word_1_310' title='bbox 1174 4902 1209 4950; x_wconf 66' lang='lat'><strong>35</strong></span> 
     </span>
    </p>
   </div>
   <div class='ocr_carea' id='block_1_7' title="bbox 0 0 1669 5474">
    <p class='ocr_par' dir='ltr' id='par_1_8' title="bbox 0 0 1669 5474">
     <span class='ocr_line' id='line_1_35' title="bbox 0 0 1669 5474; baseline 0 0"><span class='ocrx_word' id='word_1_311' title='bbox 0 0 1669 5474; x_wconf 95' lang='lat' dir='ltr'><strong> </strong></span> 
     </span>
    </p>
   </div>
  </div>
 </body>
</html>
