3316 5474
208 364 274 428 334
605 371 608 376 ’
780 366 936 422 AVDACIS

209 466 360 513 numm

209 550 394 630 Simplicium
412 553 528 630 species
547 559 620 630 quot
638 548 730 612 sunt?
761 552 842 614 Duae
867 601 873 613 .
897 552 979 624 Quae
1002 550 1094 614 snut?
1132 553 1269 634 llisyllabi
1293 564 1323 615 ct
1347 554 1512 634 trisyllabi.

209 657 347 738 [lisyllabi
375 666 448 738 quot
476 655 568 720 suut?
610 658 757 729 Quattuor
785 705 793 721 .
821 659 879 731 Qui
907 656 999 721 sunt?
1041 660 1211 741 SpondeuS,
1243 665 1295 741 qui
1327 670 1443 723 constat
1475 682 1512 723 ex

209 763 323 825 duabus
352 764 461 845 longis,
489 773 523 825 ut
550 764 647 826 heros.
691 765 846 845 Spondens
875 766 953 826 unde
981 765 1079 827 dictus
1101 763 1118 827 l
1139 757 1216 828 Ἀπὸ
1246 765 1315 830 τῶν
1342 767 1512 847 σπονδῶν,

209 871 288 950 quod
312 873 491 952 spondiacus
515 880 619 932 cantus
643 873 737 932 sacris
761 874 911 953 convenit,
939 872 1018 933 unde
1042 873 1138 934 fertur
1161 859 1345 957 Phemonoe,
1374 875 1513 956 Delphica

211 978 364 1060 sacerdos,
387 980 482 1057 prima
502 981 533 1039 in
557 980 650 1038 sacris
674 978 817 1058 Apollinis
840 978 921 1039 hunc
944 996 1063 1041 versum
1087 981 1210 1061 dixisse,
1522 996 1555 1059 υ

298 1080 494 1165 σπένδομεν
515 1078 674 1159 Μούσαις
695 1080 751 1147 καὶ
773 1081 819 1170 τῷ
842 1079 1021 1170 μουσάρχῳ
1048 1085 1162 1172 Φοίβῳ
1186 1134 1193 1149 .

209 1192 279 1255 huic
312 1196 480 1254 contrarius
513 1202 568 1254 est»
590 1193 759 1273 pyrrichius
791 1194 853 1253 sive
885 1192 1057 1274 dibrachys,
1094 1198 1145 1274 qui
1181 1202 1298 1256 constat
1329 1215 1366 1256 ex
1398 1194 1514 1257 duabus

210 1299 365 1361 brevibus:
398 1300 577 1380 exemplum,
611 1309 644 1362 ut
676 1300 756 1362 Cato.
802 1300 975 1381 Pyrrichius
1008 1301 1087 1362 unde
1120 1304 1288 1362 nominatus
1315 1299 1332 1364 l
1358 1303 1382 1363 Α
1410 1302 1515 1384 Pyrro,

210 1407 331 1468 Achillis
354 1407 427 1488 utto,
455 1409 506 1487 qui
533 1406 697 1489 Eurypylo,
725 1407 848 1488 Telephi
876 1407 949 1489 filio,
977 1410 1135 1470 interiecto
1165 1406 1231 1486 [oh]
1260 1416 1349 1469 cantu
1377 1408 1514 1490 quodam,

211 1518 262 1595 qui
286 1535 321 1576 ex
341 1517 399 1576 isto
417 1515 492 1596 pede
512 1514 679 1596 constabat,
702 1517 733 1575 in
756 1517 846 1576 armis
870 1513 985 1577 saltavit
1008 1507 1069 1596 τὴν
1093 1514 1237 1577 ἔνοπλον
1262 1507 1410 1596 ὄρχησιν,
1434 1515 1557 1577 undem

211 1632 241 1684 ot
262 1621 399 1701 pyrricha
423 1621 501 1683 diota
521 1669 527 1681 .
548 1621 706 1682 trochaeus
725 1624 841 1701 estqui
865 1630 982 1683 constat
1004 1641 1040 1684 ex
1064 1621 1150 1703 longa
1169 1630 1199 1683 et
1218 1620 1300 1684 brevi
1315 1643 1322 1684 :
1337 1622 1514 1703 exemplum,

211 1736 244 1791 nt
267 1731 338 1810 rita,
362 1729 455 1789 Roma
479 1776 485 1789 .
510 1728 681 1790 Trochaeus
705 1729 797 1789 unde·
812 1726 931 1791 dictus?
967 1730 1094 1811 Propter
1123 1748 1245 1791 cursum
1274 1740 1304 1791 et
1331 1729 1514 1791 celeritatem

211 1855 294 1896 suam
319 1845 478 1897 :metrum
502 1839 581 1897 enim
605 1835 661 1897 hoc
680 1838 787 1915 currit,
811 1855 879 1898 cum
903 1836 987 1917 longa
1012 1856 1028 1897 a
1052 1836 1135 1897 brevi
1158 1839 1305 1916 excipitur
1326 1884 1332 1897 .
1350 1836 1421 1897 huic
1444 1855 1514 1897 con-

212 1944 321 2004 trarius
345 1953 391 2004 est
414 1942 541 2024 iambus,
569 1945 620 2022 qui
648 1951 765 2003 constat
792 1960 828 2002 ex
852 1941 935 2003 brevi
958 1951 989 2003 et
1011 1941 1108 2021 longa:
1142 1929 1322 2023 exemplum,
1351 1951 1384 2002 ut
1411 1961 1515 2024 nepos,

211 2048 305 2108 bonos
329 2096 336 2110 .
360 2048 478 2110 lambus
501 2048 580 2109 unde
605 2067 713 2109 nomen
736 2045 872 2128 accepit?
908 2045 951 2107 Ab
975 2047 1088 2130 lamba,
1111 2049 1240 2110 Thressa
1264 2049 1557 2130 mulierc,quam1⁵

211 2154 315 2216 dicunt
337 2158 368 2215 in
392 2155 546 2218 maledicto
571 2159 761 2217 exercitatam
784 2159 841 2216 isto
864 2155 940 2235 pede
963 2173 1047 2216 usam
1072 2204 1077 2216 .
1506 2154 1510 2160 ’

124 2265 198 2315 ²⁰⁷‚15
300 2261 395 2322 Pedes
433 2262 575 2343 trisyllabi
612 2271 685 2342 quot
721 2259 813 2323 sunt?
860 2261 935 2323 Octo
968 2310 975 2323 .
1009 2262 1067 2334 Qui
1097 2264 1101 2340 Ι
1131 2258 1222 2323 sunt?
1273 2262 1426 2345 dactylus,
1463 2266 1515 2342 qui

212 2377 328 2430 constat
355 2388 391 2429 ex
419 2369 504 2448 longa
533 2377 564 2430 et
591 2369 706 2430 duabus
734 2369 888 2450 brevibus,
915 2378 949 2431 ut
977 2372 1061 2449 copia
1085 2416 1091 2430 .
1116 2368 1255 2449 [lactylus
1285 2372 1368 2432 unde
1395 2368 1516 2432 dictus?

208 2467 286 2538 Ἀπὸ
308 2467 530 2538 τῶνἸδαίων
554 2470 757 2555 Δακτύλων,
787 2479 838 2558 qui
861 2495 897 2538 eo
921 2479 968 2538 usi
991 2486 1061 2538 sunt
1086 2475 1231 2557 [musae],
1259 2480 1312 2556 qui
1336 2488 1366 2539 et
1389 2477 1515 2539 Curetes

211 2592 368 2665 vocantur,
396 2587 499 2645 matris
526 2584 615 2646 deum
644 2586 781 2665 comites,
814 2586 865 2664 qui
894 2585 1033 2645 seruntur
1060 2592 1148 2644 cantu
1182 2583 1309 2663 quodam
1343 2592 1373 2645 ct
1404 2587 1515 2646 tinnitu
1530 2597 1558 2636 ²⁰

212 2693 289 2751 acris
312 2693 442 2771 vagitum
465 2692 542 2752 lovis
565 2691 676 2753 celasse
701 2738 707 2752 .
732 2691 802 2753 huic
831 2693 1000 2752 contrarius
1029 2699 1075 2752 est
1101 2699 1291 2772 anapaestus,
1320 2695 1371 2771 qui
1399 2701 1516 2754 constat

212 2817 248 2858 ex
271 2796 386 2858 duabus
409 2796 550 2858 brevibus
573 2806 603 2859 et
625 2797 721 2880 longa,
744 2806 779 2858 nt
802 2799 929 2878 sapiens.
965 2797 1150 2877 dnapaestus
1174 2797 1252 2859 unde
1275 2795 1396 2860 dictus?
1429 2798 1515 2870 Quod

213 2923 248 2965 ex
272 2907 423 2965 contrario
448 2923 536 2984 quam
564 2904 697 2985 dactylus
727 2906 851 2966 leniatur
885 2902 1068 2981 [contrarius
1095 2902 1168 2981 fiat].
1210 2904 1370 2980 molossuS,
1403 2907 1455 2984 qui
1487 2914 1517 2967 et

301 3154 317 3201 3
336 3148 431 3220 heros]
456 3150 539 3203 hema
557 3148 586 3202 B
610 3149 708 3202 herum
728 3148 766 3201 Μ
836 3163 890 3216 spo
912 3147 964 3201 ton
987 3145 1124 3215 spondion
1148 3147 1186 3200 M
1202 3163 1309 3216 opozon
1333 3147 1469 3217 spondion
1488 3149 1515 3203 Β

248 3228 346 3282 tunde
364 3227 525 3283 detexturB
532 3229 569 3282 M
614 3229 753 3298 phemone
772 3227 903 3297 delphica
916 3226 944 3280 Β
958 3226 1085 3281 femouoe
1100 3226 1201 3281 delfica
1216 3228 1253 3280 Μ
1305 3228 1366 3282 tin
1380 3245 1430 3284 ont.
1446 3229 1519 3283 ΒΜ

248 3308 386 3377 apollonis
399 3308 472 3362 ΒΜ
538 3315 554 3362 6
572 3307 745 3378 spondomen
758 3324 820 3361 mus
834 3310 1008 3362 aesoetomus
1022 3305 1199 3375 oreophoebo
1212 3307 1240 3359 B
1254 3308 1517 3377 spondomenmuses

213 3389 313 3442 eetom'
328 3389 486 3457 areophebo
502 3390 556 3442 M:
565 3389 599 3455 cf.
613 3389 713 3457 [rapot.
727 3387 852 3442 Ambros.
867 3386 932 3455 περὶ
945 3383 998 3456 ,τῆς
1017 3387 1072 3440 τῶν
1090 3386 1187 3440 ποδῶν
1207 3381 1372 3457 ὀνομασίας
1375 3406 1405 3458 p.
1420 3395 1516 3456 256,5

208 3474 272 3538 post
290 3469 368 3524 lexic.
394 3468 509 3524 Vincet.
529 3471 568 3525 ed.
587 3468 689 3523 Nauclc
707 3470 856 3530 σπονδεῖος
874 3461 1015 3535 δ’ἒκλήδη
1038 3460 1095 3520 ἀπὸ
1119 3465 1170 3521 τοῦ
1195 3462 1309 3536 ᾇυδμοῦ
1333 3469 1383 3522 τοῦ
1405 3465 1436 3522 ἐν
1454 3475 1517 3531 ταῖς

213 3551 349 3611 σπονδαῖς
367 3545 562 3620 ἕπανλομένον
580 3568 610 3604 τε
629 3547 679 3602 καὶ
698 3542 890 3620 ἐπᾳδομένον,
913 3545 975 3602 οἷον
999 3543 1165 3614 σπένδομεν
1187 3551 1249 3608 ταῖς
1271 3541 1397 3616 Μνάμας
1418 3547 1516 3601 παισὶν

214 3625 345 3692 Μούσαις
363 3629 412 3684 καὶ
430 3630 467 3701 τῷ
488 3625 637 3700 μονσᾶοχῳ
656 3628 765 3689 Λατοῦς
784 3624 854 3695 υἱεῖ,
877 3627 958 3682 scltol.
984 3627 1129 3696 Hephaest.
1153 3643 1178 3682 v.
1205 3632 1221 3679 Ι
1235 3643 1263 3694 p.
1283 3632 1338 3682 170
1361 3627 1452 3694 Gaios.
1476 3630 1517 3685 ed.

214 3725 264 3764 sce.
285 3708 442 3778 Terpandri
458 3726 551 3764 versus
569 3725 623 3764 ease
645 3710 817 3763 coniecerunt
834 3706 972 3777 Βαναίαν
990 3712 1062 3776 poet.
1086 3707 1138 3776 lyr.
1162 3722 1202 3774 pr.
1225 3706 1326 3775 frapm.
1349 3710 1443 3763 imert.
1462 3715 1518 3765 108

214 3796 239 3844 ct
257 3789 421 3844 Leutachiuo
445 3790 547 3844 Ptttoz.
569 3806 594 3844 ο,
621 3789 673 3842 XI
697 3790 734 3858 (α.
758 3789 844 3855 1856)
864 3803 894 3856 p.
915 3792 970 3841 336
1043 3792 1058 3841 'l
1082 3786 1228 3856 pyrryeius
1250 3787 1310 3841 siue
1332 3788 1467 3843 dribroeis
1490 3789 1518 3841 Β

214 3869 345 3940 phiritius
365 3868 424 3924 siue
443 3869 565 3924 dibraois
585 3870 623 3924 Μ
693 3868 805 3938 teoto]
825 3869 907 3922 cauto
926 3866 964 3920 Μ
1032 3867 1084 3923 lut.
1108 3866 1245 3936 pyrrioius
1268 3867 1342 3922 unde
1361 3869 1520 3925 nominatus

214 3952 246 4007 R.
266 3966 385 4018 capyrro
404 3949 494 4004 ocillis
513 3948 571 4004 filio
591 3948 640 4018 qui
654 3947 787 4018 eriphilot
804 3946 929 4017 thelephi
947 3947 975 4001 Β
993 3948 1046 4002 Int.
1065 3945 1198 4018 pyrritius
1216 3947 1290 4002 unde
1309 3949 1468 4005 nominatus
1487 3950 1519 4004 R.

215 4044 332 4099 copyrro
361 4028 419 4083 oilli
447 4028 503 4084 filio
529 4029 578 4099 qui
600 4037 616 4085 δ
639 4028 719 4099 philo
742 4027 870 4098 thelephi
893 4028 931 4082 Μ
949 4070 955 4082 .
974 4027 1117 4100 Eurypyli
1143 4044 1240 4082 ttamen
1267 4029 1344 4097 opud
1372 4030 1520 4085 Iulianum

218 4109 379 4165 Tolrtanum
396 4111 517 4164 restituit
530 4110 675 4181 Haupte'us
688 4124 779 4180 opusc.
792 4107 992 4176 crispato
1040 4106 1312 4175 sortomesubcantu
1358 4114 1392 4162 10
1411 4112 1521 4165 constat
1600 4140 1603 4147 ·

215 4191 287 4245 ΒΜ
356 4189 473 4244 saltauit
490 4191 612 4246 theneno
632 4193 773 4260 (thenemo
792 4187 830 4255 Β)
853 4187 952 4256 plonor
971 4187 1047 4242 cosin
1064 4187 1139 4241 unde
1158 4189 1188 4242 et
1205 4203 1335 4257 pyrremo
1353 4185 1431 4242 dicta
1448 4189 1522 4244 BM

254 4277 285 4325 13
304 4270 357 4324 hoo
376 4269 475 4341 currit]
495 4271 616 4325 occurrit
633 4270 706 4324 ΒΜ
757 4265 906 4338 excipitur]
925 4267 1064 4338 accipitur
1080 4267 1153 4321 ΒΜ
1207 4271 1239 4321 15
1258 4266 1350 4321 abiam
1369 4266 1521 4324 balborum

216 4351 244 4405 Β
262 4349 298 4405 ab
316 4349 346 4404 iss
363 4350 528 4405 batharassa
547 4351 585 4405 M
655 4350 752 4421 quam]
772 4348 840 4418 quia
857 4346 885 4400 Β
959 4348 1127 4415 insertasse
1148 4346 1178 4401 in
1197 4345 1349 4402 maledicta
1368 4348 1519 4404 excitatam
1559 4391 1561 4394 ,

251 4432 306 4484 isto
325 4428 397 4499 pede
415 4447 496 4483 usum
517 4430 555 4483 M
571 4433 614 4485 sto
633 4430 705 4500 pede
723 4446 793 4484 nean
810 4427 838 4481 Β
912 4433 945 4482 18
964 4428 997 4481 ut
1019 4427 1101 4497 copia
1122 4426 1183 4482 dae.
1207 4427 1327 4482 ductiles
1350 4428 1443 4484 dictus
1466 4448 1520 4500 apo

216 4509 1520 4580 mfflmmmwmmmmmmmmmmwmmmmm

217 4589 333 4645 comites
353 4606 408 4659 quo
426 4589 553 4646 lecerunt
571 4593 655 4646 cantu
668 4590 696 4644 Β
710 4592 742 4645 ut
756 4591 838 4660 copia
851 4590 912 4645 dac.
931 4590 1052 4645 dactilus
1065 4587 1168 4643 dieitur
1186 4604 1240 4657 apo
1259 4590 1310 4642 ton
1327 4587 1405 4642 idion
1424 4589 1520 4658 dacty-

218 4672 264 4726 lon
283 4689 338 4741 qno
357 4671 401 4727 nsi
419 4672 484 4726 sunt
502 4687 578 4727 muse
597 4687 651 4741 que
670 4675 699 4727 et
717 4674 824 4726 curetes
842 4672 979 4725 uocantur
997 4668 1096 4725 matris
1114 4669 1198 4723 deum
1224 4667 1372 4736 comitesq:
1395 4667 1521 4724 leoenrnt

218 4753 303 4806 cantu
328 4752 365 4805 M
439 4757 475 4804 20
497 4749 602 4805 tinnitu
625 4748 711 4821 aeris]
733 4751 880 4806 innituerit
903 4750 977 4804 ΒΜ
1050 4755 1085 4804 22
1108 4747 1211 4819 metus]
1242 4749 1342 4801 ductus
1371 4749 1409 4803 M
1486 4757 1520 4805 23

216 4830 346 4902 feriatur]
365 4830 472 4886 lerator
488 4830 560 4885 ΒΜ
630 4829 753 4885 moloeue
771 4829 821 4899 qni
837 4830 984 4885 trimacrus
1004 4831 1041 4884 M
1057 4828 1193 4883 molossus
1212 4827 1262 4895 qui
1280 4826 1439 4884 tximocrins
1457 4830 1485 4884 Β
