3316 5474
612 364 661 418 DE
680 365 778 418 ARTE
797 364 962 420 METRICA
1373 365 1439 428 255

133 476 156 512 p.
170 463 222 502 esra
237 463 261 501 r.

132 546 278 628 spondeo,
308 546 437 627 dactylo,
465 546 581 608 duobus
612 547 771 629 trochaeis,
804 552 853 610 cui
881 558 976 610 metro
1008 558 1076 629 post
1109 557 1170 610 tres
1195 567 1298 610 versus
1322 549 1441 610 additur

136 657 225 715 semis
253 653 365 715 heroici
395 672 508 714 versus.
549 655 606 715 hoc
633 665 729 716 metro
753 664 874 717 sanctus
901 659 1024 717 antistes
1047 655 1188 717 Paulinus
1219 667 1334 717 sextum
1364 655 1443 717 heati

135 760 242 822 Felicis
266 762 447 822 confessoris
471 759 580 822 librum
603 765 786 844 composuit,
810 765 896 824 cuius
919 766 1098 843 principium
1123 774 1169 824 est

345 869 460 929 iamne
484 868 561 929 abis
585 877 619 928 et
643 888 707 930 nos
729 887 930 950 properans
954 870 1147 952 relinquis,

106 992 120 1031 ⁵
346 994 435 1054 quos
460 985 576 1037 tamen
601 976 676 1036 sola
700 979 848 1056 regione
872 977 1027 1058 linquis,

345 1100 490 1160 semper
513 1080 641 1142 adnixa
665 1085 743 1144 sine
768 1083 842 1144 line
866 1092 985 1143 tecum

443 1196 562 1249 mente
587 1189 743 1250 iuturus.

132 1304 163 1355 et
185 1293 272 1374 paulo
295 1303 363 1375 post
386 1294 457 1355 dicit

345 1403 441 1462 sicut
464 1402 626 1482 Aegypto
650 1411 827 1486 pereunte
852 1403 1034 1483 quondam

91 1530 117 1567 ro
345 1510 463 1569 noctis
487 1517 522 1568 ct
545 1508 676 1570 densae
701 1510 866 1572 tenebris
889 1519 1031 1592 operta,

344 1632 411 1694 qua
435 1615 491 1675 dei
515 1617 590 1676 vivi
615 1634 716 1678 sacra
740 1636 830 1697 gens
854 1616 994 1700 agebat,

441 1721 586 1783 luxerat
609 1723 707 1805 orhi,

345 1847 434 1908 quac
458 1828 559 1890 modo
583 1831 619 1889 in
643 1838 720 1891 toto
744 1833 891 1910 species
913 1830 1092 1911 probatur

344 1935 446 2016 orbe,
469 1953 548 1997 cum
571 1943 723 1996 sauctae
746 1938 803 2017 pia
827 1956 909 2018 pars
932 1938 1021 1997 lidei

347 2035 485 2121 lulgcat
508 2040 674 2124 Christo,
697 2043 863 2123 reliquos
887 2043 1052 2104 tenebris

443 2148 575 2210 obruat
598 2168 719 2232 error;

345 2258 397 2317 sic
421 2275 496 2316 mco
520 2274 589 2335 qua
613 2275 651 2317 se
676 2258 770 2320 ieret
793 2268 896 2321 actus
920 2277 981 2319 ora

347 2372 477 2423 cuncta
501 2365 644 2425 nicetae
667 2364 833 2427 dominus
857 2366 1048 2446 secundet,

347 2469 462 2530 donec
485 2479 642 2550 optatam
665 2474 816 2551 patriam
840 2472 993 2534 vehatur

444 2576 563 2637 laetus
586 2576 626 2637 ad
650 2576 783 2638 urbem.

345 2696 579 2780 ΒΕΜΕΤΒΟ
603 2696 900 2763 TETRAMETRO
924 2696 1224 2767 CATALECTICO

232 2806 359 2869 llletrum
392 2808 568 2890 dactylicum
604 2818 810 2872 tetrametrum
843 2809 1048 2892 catalecticum
1081 2819 1197 2872 constat
1229 2830 1265 2880 er
1298 2811 1442 2891 spondeo,

133 2912 263 2996 dactylo,
290 2915 445 2998 catalecto,
473 2916 601 3012 dactqu,
630 2917 770 3005 spondeo.
808 2936 867 2998 quo
892 2934 964 2978 usus
988 2925 1034 2977 est
1061 2898 1182 2978 sanctus
1205 2915 1378 2977 Ambrosius
1409 2920 1440 2978 iu

134 3023 304 3098 precatione
328 3022 457 3105 pluviae,
480 3026 566 3085 cuius
589 3023 744 3086 exordium
767 3024 824 3085 hoc
848 3034 904 3105 est,
1008 3049 1014 3060 ¹

90 3147 118 3188 ss
348 3129 516 3210 squalent
538 3149 620 3191 arva
644 3131 713 3192 soli
736 3132 887 3212 pulvere
910 3130 1035 3212 multo,

348 3235 459 3316 pallct
483 3239 603 3299 siccus
626 3257 725 3320 ager,
747 3248 845 3300 terra
870 3239 1032 3319 latescit,

348 3343 471 3405 nullus
495 3346 590 3405 roris
613 3343 741 3426 honos,
765 3343 862 3405 nulla
885 3352 1071 3424 venustas,

349 3452 487 3529 quando
512 3450 608 3513 nulla
632 3454 725 3512 viret
747 3454 863 3531 gratia
887 3451 1033 3534 florum,

349 3556 459 3617 tellus
483 3557 570 3619 dura
592 3560 672 3619 sitit
696 3561 818 3619 nescia
841 3561 951 3640 roris,

93 3682 121 3721 so
348 3664 428 3724 lons
451 3667 518 3725 iam
541 3667 660 3726 nescit
683 3682 805 3746 squas,
828 3664 976 3726 flumina
1000 3684 1138 3727 cursus.

135 3772 220 3830 cuius
244 3771 311 3831 linis
333 3770 397 3853 hic,

348 3880 415 3938 iam
439 3877 560 3938 caelos
583 3895 728 3938 reseres
752 3895 906 3958 arvaque
930 3878 1029 3941 laxes

349 3985 504 4046 lecundo
528 3983 692 4064 placidus
714 3982 828 4045 imhre
853 4003 1027 4064 rogamus.

139 4083 321 4092 ψ-

226 4121 239 4169 1
260 4113 372 4182 dsctylo
393 4115 422 4168 et
440 4111 549 4167 duobus
570 4112 596 4165 L
660 4113 726 4181 post
741 4113 800 4167 ires
818 4128 946 4169 reuersus
965 4114 1018 4169 hoc
1038 4115 1128 4168 metro
1147 4119 1201 4168 s'crs
1221 4114 1339 4170 entiches
1360 4113 1390 4167 F

140 4195 253 4250 additur
270 4194 353 4249 semis
371 4191 476 4249 heroici
495 4208 590 4248 uersus
610 4191 662 4250 ςΡ
679 4206 759 4245 coms
777 4193 856 4259 (corr.
875 4210 986 4249 comma
1003 4195 1024 4264 1)
1047 4193 1189 4249 heroicum
1209 4193 1387 4265 subiungitur
1406 4197 1441 4252 L.

135 4274 197 4328 linis
216 4275 267 4343 (cel
284 4277 372 4342 tome)
394 4272 500 4328 heroici
514 4291 608 4329 versus
623 4274 757 4329 Mallium
766 4290 797 4342 p.
813 4278 876 4339 591,
890 4279 928 4330 12
941 4274 1082 4346 scripsisse
1095 4276 1203 4330 moissi.
1222 4275 1268 4329 scd
1286 4276 1344 4329 eius
1356 4276 1441 4344 scrip·

135 4359 227 4410 turam
245 4359 403 4424 corruptam
422 4354 520 4407 hahuit
538 4352 618 4407 Beda
694 4359 710 4407 2
730 4352 848 4407 antestis
868 4352 896 4405 P
968 4356 1063 4409 sextus
1081 4355 1112 4408 F
1188 4356 1254 4410 let
1271 4355 1385 4410 demum
1404 4360 1442 4409 est

136 4436 168 4491 iss
186 4437 213 4490 L
292 4442 308 4490 6
328 4433 430 4489 adnixa
444 4433 504 4486 LP
519 4432 631 4488 admira
650 4432 681 4487 F
696 4432 796 4487 adnisa
814 4447 831 4490 ς
908 4434 1004 4488 tecum
1022 4433 1049 4486 L
1068 4435 1097 4488 st
1114 4435 1146 4488 tu
1165 4433 1227 4488 FP
1296 4439 1312 4488 9
1331 4435 1441 4504 preuiLe

136 4531 204 4570 corr.
223 4516 357 4585 percunte
378 4511 409 4566 F
488 4516 521 4566 10
548 4513 667 4570 donnes
687 4512 718 4567 F
799 4518 829 4567 11
855 4513 959 4583 agebel
977 4513 1039 4568 FP
1057 4514 1181 4570 hsbebst
1202 4519 1226 4567 et
1249 4515 1281 4568 is
1297 4531 1384 4584 morp.
1404 4515 1440 4571 sl.

136 4595 240 4666 sgobst
257 4593 284 4648 L
366 4599 399 4647 14
418 4591 479 4647 orbi
498 4591 526 4644 P
600 4599 632 4648 tt
651 4593 722 4648 hors
740 4593 767 4645 L
841 4599 874 4648 18
893 4595 994 4649 cuncta
1011 4592 1121 4649 nicetae
1141 4593 1170 4648 P
1186 4595 1286 4649 currem
1304 4595 1396 4651 nicete
1415 4596 1441 4650 L

136 4677 222 4736 cunis
239 4675 348 4730 nicetae
367 4673 398 4728 F
418 4674 520 4727 cuneta
543 4674 602 4727 tete
626 4688 643 4731 ς
734 4678 767 4727 19
791 4675 919 4743 optatum
942 4673 1064 4743 patriam
1082 4673 1142 4728 LP
1156 4676 1253 4743 optato
1272 4674 1393 4744 petrium
1413 4675 1444 4729 F

137 4757 235 4825 optato
254 4755 346 4826 patris
364 4771 396 4812 ς.
435 4758 469 4807 22
489 4769 522 4807 ex
542 4752 665 4822 spondeo
679 4755 709 4807 et
726 4751 839 4822 dactylo
858 4754 887 4807 P
936 4760 972 4810 24
989 4754 1019 4809 in
1038 4755 1200 4826 peccationis
1217 4754 1248 4808 F
1299 4761 1333 4810 st
1352 4756 1441 4812 honos

135 4838 351 4906 msperscriptum
369 4839 408 4890 est
426 4835 457 4889 in
475 4832 506 4887 F
575 4834 701 4887 uetustas
719 4832 748 4887 P
816 4840 850 4888 33
868 4834 1002 4904 fecunde,
1020 4837 1067 4890 sed
1085 4852 1102 4890 s
1119 4853 1174 4892 ros.
1196 4835 1225 4890 P
