<?xml version="1.0" encoding="UTF-8"?>
<!DOCTYPE html PUBLIC "-//W3C//DTD XHTML 1.0 Transitional//EN"
    "http://www.w3.org/TR/xhtml1/DTD/xhtml1-transitional.dtd">
<html xmlns="http://www.w3.org/1999/xhtml" xml:lang="en" lang="en">
 <head>
  <title>
</title>
<meta http-equiv="Content-Type" content="text/html;charset=utf-8" />
  <meta name='ocr-system' content='tesseract 3.04.00' />
  <meta name='ocr-capabilities' content='ocr_page ocr_carea ocr_par ocr_line ocrx_word'/>
</head>
<body>
  <div class='ocr_page' id='page_1' title='image "./grammaticilatin00keilgoog/grammaticilatin00keilgoog_0140.png"; bbox 0 0 3316 5474; ppageno 0'>
   <div class='ocr_carea' id='block_1_1' title="bbox 585 338 1566 439">
    <p class='ocr_par' dir='ltr' id='par_1_1' title="bbox 585 338 1566 439">
     <span class='ocr_line' id='line_1_1' title="bbox 585 338 1566 439; baseline 0.012 -11"><span class='ocrx_word' id='word_1_1' title='bbox 585 373 655 429; x_wconf 80' lang='lat' dir='ltr'>nes</span> <span class='ocrx_word' id='word_1_2' title='bbox 674 374 723 429; x_wconf 82' lang='lat' dir='ltr'>nn</span> <span class='ocrx_word' id='word_1_3' title='bbox 741 338 1029 431; x_wconf 72' lang='lat' dir='ltr'>ourfloc&#39;nnrnn</span> <span class='ocrx_word' id='word_1_4' title='bbox 1392 375 1453 439; x_wconf 82' lang='lat'>121</span> <span class='ocrx_word' id='word_1_5' title='bbox 1562 376 1566 382; x_wconf 86' lang='grc'>’</span> 
     </span>
    </p>
   </div>
   <div class='ocr_carea' id='block_1_2' title="bbox 110 475 1460 3534">
    <p class='ocr_par' dir='ltr' id='par_1_2' title="bbox 110 475 1460 3534">
     <span class='ocr_line' id='line_1_2' title="bbox 152 475 326 528; baseline 0 -12"><span class='ocrx_word' id='word_1_6' title='bbox 152 490 175 528; x_wconf 63' lang='lat' dir='ltr'>p.</span> <span class='ocrx_word' id='word_1_7' title='bbox 188 477 248 516; x_wconf 72' lang='lat' dir='ltr'>aare</span> <span class='ocrx_word' id='word_1_8' title='bbox 262 477 288 516; x_wconf 80' lang='lat' dir='ltr'>ra</span> <span class='ocrx_word' id='word_1_9' title='bbox 302 475 326 516; x_wconf 72' lang='grc' dir='ltr'>Ρ.</span> 
     </span>
     <span class='ocr_line' id='line_1_3' title="bbox 152 555 1455 640; baseline 0.003 -20"><span class='ocrx_word' id='word_1_10' title='bbox 152 569 184 621; x_wconf 91' lang='lat' dir='ltr'>et</span> <span class='ocrx_word' id='word_1_11' title='bbox 214 560 392 640; x_wconf 79' lang='lat' dir='ltr'><strong>despicabile</strong></span> <span class='ocrx_word' id='word_1_12' title='bbox 422 559 532 640; x_wconf 88' lang='lat' dir='ltr'>aliquid</span> <span class='ocrx_word' id='word_1_13' title='bbox 563 568 593 620; x_wconf 91' lang='lat' dir='ltr'>et</span> <span class='ocrx_word' id='word_1_14' title='bbox 621 559 839 621; x_wconf 92' lang='lat' dir='ltr'>admirandum:</span> <span class='ocrx_word' id='word_1_15' title='bbox 870 559 1008 640; x_wconf 83' lang='lat' dir='ltr'>Virgilius</span> <span class='ocrx_word' id='word_1_16' title='bbox 1039 555 1180 621; x_wconf 80' lang='lat' dir='ltr'>‘oculos</span> <span class='ocrx_word' id='word_1_17' title='bbox 1210 561 1390 623; x_wconf 90' lang='lat' dir='ltr'>horrenda</span> <span class='ocrx_word' id='word_1_18' title='bbox 1420 565 1455 624; x_wconf 89' lang='lat' dir='ltr'>in</span> 
     </span>
     <span class='ocr_line' id='line_1_4' title="bbox 152 662 439 747; baseline 0.007 -21"><span class='ocrx_word' id='word_1_19' title='bbox 152 670 293 747; x_wconf 79' lang='lat' dir='ltr'>virgine</span> <span class='ocrx_word' id='word_1_20' title='bbox 317 662 439 729; x_wconf 83' lang='lat' dir='ltr'>liros&#39;.</span> 
     </span>
     <span class='ocr_line' id='line_1_5' title="bbox 242 765 1454 859; baseline 0.002 -23"><span class='ocrx_word' id='word_1_21' title='bbox 242 775 408 837; x_wconf 74' lang='lat' dir='ltr'>Advocatur</span> <span class='ocrx_word' id='word_1_22' title='bbox 431 776 554 837; x_wconf 90' lang='lat' dir='ltr'>daturus</span> <span class='ocrx_word' id='word_1_23' title='bbox 577 777 783 857; x_wconf 80' lang='lat' dir='ltr'>patrocinium,</span> <span class='ocrx_word' id='word_1_24' title='bbox 806 777 960 837; x_wconf 84' lang='lat' dir='ltr'>invocatur</span> <span class='ocrx_word' id='word_1_25' title='bbox 982 765 1186 856; x_wconf 81' lang='lat' dir='ltr'>praestaturus</span> <span class='ocrx_word' id='word_1_26' title='bbox 1209 776 1364 859; x_wconf 83' lang='lat' dir='ltr'>auxilium,</span> <span class='ocrx_word' id='word_1_27' title='bbox 1388 796 1454 838; x_wconf 87' lang='lat' dir='ltr'>evo·</span> 
     </span>
     <span class='ocr_line' id='line_1_6' title="bbox 153 875 662 963; baseline 0.004 -21"><span class='ocrx_word' id='word_1_28' title='bbox 153 890 238 943; x_wconf 91' lang='lat' dir='ltr'>catur</span> <span class='ocrx_word' id='word_1_29' title='bbox 260 875 456 962; x_wconf 85' lang='lat' dir='ltr'>praebiturus</span> <span class='ocrx_word' id='word_1_30' title='bbox 474 881 662 963; x_wconf 87' lang='lat' dir='ltr'>obsequium·</span> 
     </span>
     <span class='ocr_line' id='line_1_7' title="bbox 110 989 1456 1074; baseline -0.002 -18"><span class='ocrx_word' id='word_1_31' title='bbox 110 1018 124 1056; x_wconf 88' lang='lat' dir='ltr'>s</span> <span class='ocrx_word' id='word_1_32' title='bbox 241 989 370 1052; x_wconf 87' lang='lat' dir='ltr'>lnluries</span> <span class='ocrx_word' id='word_1_33' title='bbox 393 990 526 1051; x_wconf 88' lang='lat' dir='ltr'>sordium</span> <span class='ocrx_word' id='word_1_34' title='bbox 550 1000 610 1073; x_wconf 90' lang='lat' dir='ltr'>est,</span> <span class='ocrx_word' id='word_1_35' title='bbox 633 991 777 1070; x_wconf 85' lang='lat' dir='ltr'>ingluvies</span> <span class='ocrx_word' id='word_1_36' title='bbox 800 993 920 1053; x_wconf 82' lang='lat' dir='ltr'>ventris.</span> <span class='ocrx_word' id='word_1_37' title='bbox 963 990 1035 1052; x_wconf 92' lang='lat' dir='ltr'>illud</span> <span class='ocrx_word' id='word_1_38' title='bbox 1059 1009 1074 1051; x_wconf 94' lang='lat' dir='ltr'>a</span> <span class='ocrx_word' id='word_1_39' title='bbox 1098 1009 1158 1052; x_wconf 90' lang='lat' dir='ltr'>non</span> <span class='ocrx_word' id='word_1_40' title='bbox 1181 991 1317 1074; x_wconf 85' lang='lat' dir='ltr'>lavando,</span> <span class='ocrx_word' id='word_1_41' title='bbox 1340 992 1397 1053; x_wconf 88' lang='lat' dir='ltr'>boc</span> <span class='ocrx_word' id='word_1_42' title='bbox 1420 992 1456 1053; x_wconf 92' lang='lat' dir='ltr'>ab</span> 
     </span>
     <span class='ocr_line' id='line_1_8' title="bbox 154 1093 482 1177; baseline 0 -19"><span class='ocrx_word' id='word_1_43' title='bbox 154 1093 336 1177; x_wconf 82' lang='lat' dir='ltr'>inglutiendo</span> <span class='ocrx_word' id='word_1_44' title='bbox 360 1096 482 1158; x_wconf 90' lang='lat' dir='ltr'>dictum.</span> 
     </span>
     <span class='ocr_line' id='line_1_9' title="bbox 240 1203 1384 1288; baseline 0.003 -24"><span class='ocrx_word' id='word_1_45' title='bbox 240 1205 344 1264; x_wconf 87' lang='lat' dir='ltr'>Torris</span> <span class='ocrx_word' id='word_1_46' title='bbox 367 1203 478 1283; x_wconf 88' lang='lat' dir='ltr'>llgnum</span> <span class='ocrx_word' id='word_1_47' title='bbox 500 1213 688 1288; x_wconf 90' lang='lat' dir='ltr'>praeustum,</span> <span class='ocrx_word' id='word_1_48' title='bbox 711 1213 829 1266; x_wconf 87' lang='lat' dir='ltr'>torrens</span> <span class='ocrx_word' id='word_1_49' title='bbox 853 1223 946 1285; x_wconf 83' lang='lat' dir='ltr'>aquae</span> <span class='ocrx_word' id='word_1_50' title='bbox 969 1224 1024 1285; x_wconf 93' lang='lat' dir='ltr'>per</span> <span class='ocrx_word' id='word_1_51' title='bbox 1046 1215 1206 1287; x_wconf 89' lang='lat' dir='ltr'>praerupta</span> <span class='ocrx_word' id='word_1_52' title='bbox 1230 1205 1384 1268; x_wconf 90' lang='lat' dir='ltr'>decursus.</span> 
     </span>
     <span class='ocr_line' id='line_1_10' title="bbox 241 1311 1404 1396; baseline 0.002 -24"><span class='ocrx_word' id='word_1_53' title='bbox 241 1311 469 1372; x_wconf 87' lang='lat' dir='ltr'>Commonemus</span> <span class='ocrx_word' id='word_1_54' title='bbox 491 1314 665 1395; x_wconf 87' lang='lat' dir='ltr'>praeterita,</span> <span class='ocrx_word' id='word_1_55' title='bbox 687 1330 890 1374; x_wconf 80' lang='lat' dir='ltr'>ammonemus</span> <span class='ocrx_word' id='word_1_56' title='bbox 912 1316 1093 1396; x_wconf 88' lang='lat' dir='ltr'>praesentia,</span> <span class='ocrx_word' id='word_1_57' title='bbox 1117 1331 1272 1374; x_wconf 90' lang='lat' dir='ltr'>monemus</span> <span class='ocrx_word' id='word_1_58' title='bbox 1296 1315 1404 1375; x_wconf 91' lang='lat' dir='ltr'>lutura.</span> 
     </span>
     <span class='ocr_line' id='line_1_11' title="bbox 151 1417 1454 1501; baseline 0.002 -22"><span class='ocrx_word' id='word_1_59' title='bbox 151 1427 154 1432; x_wconf 73' lang='grc'><strong>“</strong></span> <span class='ocrx_word' id='word_1_60' title='bbox 240 1418 284 1479; x_wconf 92' lang='lat' dir='ltr'>Ne</span> <span class='ocrx_word' id='word_1_61' title='bbox 313 1418 420 1479; x_wconf 85' lang='lat' dir='ltr'>multas</span> <span class='ocrx_word' id='word_1_62' title='bbox 445 1417 534 1479; x_wconf 90' lang='lat' dir='ltr'>babet</span> <span class='ocrx_word' id='word_1_63' title='bbox 557 1420 799 1498; x_wconf 83' lang='lat' dir='ltr'>significationes:</span> <span class='ocrx_word' id='word_1_64' title='bbox 826 1439 863 1480; x_wconf 91' lang='lat' dir='ltr'>ne</span> <span class='ocrx_word' id='word_1_65' title='bbox 887 1419 973 1500; x_wconf 95' lang='lat' dir='ltr'>longa</span> <span class='ocrx_word' id='word_1_66' title='bbox 1000 1419 1171 1481; x_wconf 80' lang='lat' dir='ltr'>adverbium</span> <span class='ocrx_word' id='word_1_67' title='bbox 1198 1419 1398 1501; x_wconf 58' lang='lat' dir='ltr'>prohibendi,</span> <span class='ocrx_word' id='word_1_68' title='bbox 1421 1430 1454 1481; x_wconf 94' lang='lat' dir='ltr'>ut</span> 
     </span>
     <span class='ocr_line' id='line_1_12' title="bbox 112 1521 1454 1608; baseline -0.001 -20"><span class='ocrx_word' id='word_1_69' title='bbox 112 1551 138 1589; x_wconf 84' lang='grc' dir='ltr'>ιο</span> <span class='ocrx_word' id='word_1_70' title='bbox 152 1535 199 1587; x_wconf 91' lang='lat' dir='ltr'>est</span> <span class='ocrx_word' id='word_1_71' title='bbox 226 1521 285 1586; x_wconf 75' lang='lat' dir='ltr'>‘ne</span> <span class='ocrx_word' id='word_1_72' title='bbox 313 1543 445 1604; x_wconf 90' lang='lat' dir='ltr'>quaere</span> <span class='ocrx_word' id='word_1_73' title='bbox 473 1521 626 1587; x_wconf 90' lang='lat' dir='ltr'>doceri&#39;:</span> <span class='ocrx_word' id='word_1_74' title='bbox 659 1544 696 1586; x_wconf 89' lang='lat' dir='ltr'>ne</span> <span class='ocrx_word' id='word_1_75' title='bbox 725 1525 823 1587; x_wconf 88' lang='lat' dir='ltr'>brevis</span> <span class='ocrx_word' id='word_1_76' title='bbox 846 1529 1016 1588; x_wconf 89' lang='lat' dir='ltr'>coniunctio</span> <span class='ocrx_word' id='word_1_77' title='bbox 1040 1527 1225 1608; x_wconf 85' lang='lat' dir='ltr'>disiunctiva,</span> <span class='ocrx_word' id='word_1_78' title='bbox 1249 1535 1282 1588; x_wconf 92' lang='lat' dir='ltr'>ut</span> <span class='ocrx_word' id='word_1_79' title='bbox 1305 1535 1351 1587; x_wconf 90' lang='lat' dir='ltr'>cst</span> <span class='ocrx_word' id='word_1_80' title='bbox 1374 1522 1454 1587; x_wconf 75' lang='lat' dir='ltr'>‘bo-</span> 
     </span>
     <span class='ocr_line' id='line_1_13' title="bbox 152 1626 1456 1716; baseline -0.001 -23"><span class='ocrx_word' id='word_1_81' title='bbox 152 1635 312 1694; x_wconf 89' lang='lat' dir='ltr'>minesne</span> <span class='ocrx_word' id='word_1_82' title='bbox 332 1626 507 1694; x_wconf 83' lang='lat' dir='ltr'>leraene’:</span> <span class='ocrx_word' id='word_1_83' title='bbox 533 1635 605 1693; x_wconf 91' lang='lat' dir='ltr'>item</span> <span class='ocrx_word' id='word_1_84' title='bbox 624 1651 662 1694; x_wconf 91' lang='lat' dir='ltr'>ne</span> <span class='ocrx_word' id='word_1_85' title='bbox 680 1632 766 1712; x_wconf 87' lang='lat' dir='ltr'>longa</span> <span class='ocrx_word' id='word_1_86' title='bbox 785 1635 956 1694; x_wconf 91' lang='lat' dir='ltr'>coniunctio</span> <span class='ocrx_word' id='word_1_87' title='bbox 975 1634 1108 1716; x_wconf 89' lang='lat' dir='ltr'>causabs,</span> <span class='ocrx_word' id='word_1_88' title='bbox 1126 1643 1161 1695; x_wconf 92' lang='lat' dir='ltr'>ut</span> <span class='ocrx_word' id='word_1_89' title='bbox 1180 1642 1226 1694; x_wconf 90' lang='lat' dir='ltr'>est</span> <span class='ocrx_word' id='word_1_90' title='bbox 1244 1629 1303 1694; x_wconf 75' lang='lat' dir='ltr'>‘uc</span> <span class='ocrx_word' id='word_1_91' title='bbox 1323 1641 1456 1694; x_wconf 90' lang='lat' dir='ltr'>tenues</span> 
     </span>
     <span class='ocr_line' id='line_1_14' title="bbox 151 1733 806 1821; baseline 0 -20"><span class='ocrx_word' id='word_1_92' title='bbox 151 1734 309 1821; x_wconf 85' lang='lat' dir='ltr'>pluriae&#39;</span> <span class='ocrx_word' id='word_1_93' title='bbox 333 1747 364 1799; x_wconf 91' lang='lat' dir='ltr'>et</span> <span class='ocrx_word' id='word_1_94' title='bbox 387 1733 446 1799; x_wconf 79' lang='lat' dir='ltr'>‘ne</span> <span class='ocrx_word' id='word_1_95' title='bbox 470 1738 623 1801; x_wconf 80' lang='lat' dir='ltr'>subeant</span> <span class='ocrx_word' id='word_1_96' title='bbox 645 1734 806 1801; x_wconf 89' lang='lat' dir='ltr'>berbae’.</span> 
     </span>
     <span class='ocr_line' id='line_1_15' title="bbox 242 1846 1210 1928; baseline 0.002 -22"><span class='ocrx_word' id='word_1_97' title='bbox 242 1846 407 1906; x_wconf 82' lang='lat' dir='ltr'>Temeritas</span> <span class='ocrx_word' id='word_1_98' title='bbox 431 1847 494 1906; x_wconf 92' lang='lat' dir='ltr'>sine</span> <span class='ocrx_word' id='word_1_99' title='bbox 518 1846 641 1907; x_wconf 90' lang='lat' dir='ltr'>consilio</span> <span class='ocrx_word' id='word_1_100' title='bbox 665 1847 788 1928; x_wconf 88' lang='lat' dir='ltr'>dicitur,</span> <span class='ocrx_word' id='word_1_101' title='bbox 811 1846 931 1908; x_wconf 91' lang='lat' dir='ltr'>audacia</span> <span class='ocrx_word' id='word_1_102' title='bbox 954 1856 1022 1927; x_wconf 93' lang='lat' dir='ltr'>post</span> <span class='ocrx_word' id='word_1_103' title='bbox 1044 1847 1210 1908; x_wconf 91' lang='lat' dir='ltr'>consilium.</span> 
     </span>
     <span class='ocr_line' id='line_1_16' title="bbox 243 1951 1407 2039; baseline 0.002 -28"><span class='ocrx_word' id='word_1_104' title='bbox 243 1951 387 2014; x_wconf 89' lang='lat' dir='ltr'>Velocitas</span> <span class='ocrx_word' id='word_1_105' title='bbox 410 1952 519 2032; x_wconf 90' lang='lat' dir='ltr'>pedum</span> <span class='ocrx_word' id='word_1_106' title='bbox 543 1962 769 2036; x_wconf 90' lang='lat' dir='ltr'>etcorporum,</span> <span class='ocrx_word' id='word_1_107' title='bbox 793 1953 929 2015; x_wconf 82' lang='lat' dir='ltr'>celeritas</span> <span class='ocrx_word' id='word_1_108' title='bbox 952 1956 1117 2016; x_wconf 89' lang='lat' dir='ltr'>animorum</span> <span class='ocrx_word' id='word_1_109' title='bbox 1141 1963 1229 2034; x_wconf 76' lang='lat' dir='ltr'>atque</span> <span class='ocrx_word' id='word_1_110' title='bbox 1253 1955 1407 2039; x_wconf 77' lang='lat' dir='ltr'>laetorum.</span> 
     </span>
     <span class='ocr_line' id='line_1_17' title="bbox 113 2059 1455 2143; baseline 0.001 -24"><span class='ocrx_word' id='word_1_111' title='bbox 113 2089 141 2128; x_wconf 79' lang='lat' dir='ltr'>rs</span> <span class='ocrx_word' id='word_1_112' title='bbox 246 2060 390 2122; x_wconf 86' lang='lat' dir='ltr'>Gaudium</span> <span class='ocrx_word' id='word_1_113' title='bbox 418 2062 524 2143; x_wconf 91' lang='lat' dir='ltr'>animi,</span> <span class='ocrx_word' id='word_1_114' title='bbox 556 2059 665 2122; x_wconf 89' lang='lat' dir='ltr'>laetitia</span> <span class='ocrx_word' id='word_1_115' title='bbox 697 2069 728 2122; x_wconf 86' lang='lat' dir='ltr'>et</span> <span class='ocrx_word' id='word_1_116' title='bbox 760 2061 901 2122; x_wconf 83' lang='lat' dir='ltr'>exultatio</span> <span class='ocrx_word' id='word_1_117' title='bbox 934 2063 1023 2122; x_wconf 91' lang='lat' dir='ltr'>etiam</span> <span class='ocrx_word' id='word_1_118' title='bbox 1055 2060 1213 2122; x_wconf 84' lang='lat' dir='ltr'>verborum</span> <span class='ocrx_word' id='word_1_119' title='bbox 1246 2070 1334 2141; x_wconf 82' lang='lat' dir='ltr'>atque</span> <span class='ocrx_word' id='word_1_120' title='bbox 1364 2078 1455 2121; x_wconf 88' lang='lat' dir='ltr'>mem·</span> 
     </span>
     <span class='ocr_line' id='line_1_18' title="bbox 154 2167 286 2229; baseline 0.015 -2"><span class='ocrx_word' id='word_1_121' title='bbox 154 2167 286 2229; x_wconf 92' lang='lat' dir='ltr'>brorum.</span> 
     </span>
     <span class='ocr_line' id='line_1_19' title="bbox 244 2272 1164 2355; baseline 0 -20"><span class='ocrx_word' id='word_1_122' title='bbox 244 2273 332 2335; x_wconf 85' lang='lat' dir='ltr'>Vlcus</span> <span class='ocrx_word' id='word_1_123' title='bbox 355 2282 402 2335; x_wconf 90' lang='lat' dir='ltr'>est</span> <span class='ocrx_word' id='word_1_124' title='bbox 425 2273 505 2353; x_wconf 90' lang='lat' dir='ltr'>quod</span> <span class='ocrx_word' id='word_1_125' title='bbox 528 2276 677 2355; x_wconf 90' lang='lat' dir='ltr'>nascitur,</span> <span class='ocrx_word' id='word_1_126' title='bbox 699 2272 806 2335; x_wconf 82' lang='lat' dir='ltr'>vulnus</span> <span class='ocrx_word' id='word_1_127' title='bbox 830 2272 909 2352; x_wconf 87' lang='lat' dir='ltr'>quod</span> <span class='ocrx_word' id='word_1_128' title='bbox 932 2291 993 2355; x_wconf 39' lang='lat' dir='ltr'>per,</span> <span class='ocrx_word' id='word_1_129' title='bbox 1010 2273 1101 2335; x_wconf 89' lang='lat' dir='ltr'>alium</span> <span class='ocrx_word' id='word_1_130' title='bbox 1124 2275 1164 2335; x_wconf 89' lang='lat' dir='ltr'>fit.</span> 
     </span>
     <span class='ocr_line' id='line_1_20' title="bbox 244 2379 1118 2462; baseline 0.002 -22"><span class='ocrx_word' id='word_1_131' title='bbox 244 2383 347 2443; x_wconf 82' lang='lat' dir='ltr'>Virum</span> <span class='ocrx_word' id='word_1_132' title='bbox 371 2380 408 2441; x_wconf 96' lang='lat' dir='ltr'>de</span> <span class='ocrx_word' id='word_1_133' title='bbox 433 2382 547 2442; x_wconf 86' lang='lat' dir='ltr'>victuro</span> <span class='ocrx_word' id='word_1_134' title='bbox 571 2382 712 2462; x_wconf 82' lang='lat' dir='ltr'>dicimus,</span> <span class='ocrx_word' id='word_1_135' title='bbox 733 2383 880 2442; x_wconf 86' lang='lat' dir='ltr'>virentem</span> <span class='ocrx_word' id='word_1_136' title='bbox 904 2379 940 2441; x_wconf 89' lang='lat' dir='ltr'>de</span> <span class='ocrx_word' id='word_1_137' title='bbox 964 2383 1118 2443; x_wconf 88' lang='lat' dir='ltr'>morituro.</span> 
     </span>
     <span class='ocr_line' id='line_1_21' title="bbox 243 2487 1456 2570; baseline 0.001 -20"><span class='ocrx_word' id='word_1_138' title='bbox 243 2489 381 2550; x_wconf 90' lang='lat' dir='ltr'>Nascitur</span> <span class='ocrx_word' id='word_1_139' title='bbox 404 2488 484 2569; x_wconf 79' lang='lat' dir='ltr'>qrrod</span> <span class='ocrx_word' id='word_1_140' title='bbox 508 2488 544 2548; x_wconf 92' lang='lat' dir='ltr'>de</span> <span class='ocrx_word' id='word_1_141' title='bbox 569 2498 654 2550; x_wconf 89' lang='lat' dir='ltr'>utero</span> <span class='ocrx_word' id='word_1_142' title='bbox 678 2487 796 2569; x_wconf 77' lang='lat' dir='ltr'>decidit,</span> <span class='ocrx_word' id='word_1_143' title='bbox 820 2490 970 2549; x_wconf 85' lang='lat' dir='ltr'>enascitur</span> <span class='ocrx_word' id='word_1_144' title='bbox 993 2488 1074 2567; x_wconf 90' lang='lat' dir='ltr'>quod</span> <span class='ocrx_word' id='word_1_145' title='bbox 1097 2489 1133 2549; x_wconf 89' lang='lat' dir='ltr'>dc</span> <span class='ocrx_word' id='word_1_146' title='bbox 1158 2498 1239 2550; x_wconf 88' lang='lat' dir='ltr'>terra</span> <span class='ocrx_word' id='word_1_147' title='bbox 1256 2499 1307 2550; x_wconf 95' lang='lat' dir='ltr'>aut</span> <span class='ocrx_word' id='word_1_148' title='bbox 1326 2491 1362 2550; x_wconf 93' lang='lat' dir='ltr'>de</span> <span class='ocrx_word' id='word_1_149' title='bbox 1382 2508 1456 2570; x_wconf 89' lang='lat' dir='ltr'>aqna</span> 
     </span>
     <span class='ocr_line' id='line_1_22' title="bbox 112 2599 296 2676; baseline 0.011 -20"><span class='ocrx_word' id='word_1_150' title='bbox 112 2624 141 2663; x_wconf 80' lang='lat'>20</span> <span class='ocrx_word' id='word_1_151' title='bbox 155 2599 296 2676; x_wconf 80' lang='lat' dir='ltr'>exsurgit.</span> 
     </span>
     <span class='ocr_line' id='line_1_23' title="bbox 244 2690 1459 2786; baseline 0.003 -23"><span class='ocrx_word' id='word_1_152' title='bbox 244 2702 409 2763; x_wconf 77' lang='lat' dir='ltr'>Adducitur</span> <span class='ocrx_word' id='word_1_153' title='bbox 432 2705 499 2782; x_wconf 85' lang='lat' dir='ltr'>qrris</span> <span class='ocrx_word' id='word_1_154' title='bbox 522 2701 558 2763; x_wconf 91' lang='lat' dir='ltr'>ad</span> <span class='ocrx_word' id='word_1_155' title='bbox 583 2721 645 2764; x_wconf 90' lang='lat' dir='ltr'>rem</span> <span class='ocrx_word' id='word_1_156' title='bbox 668 2703 869 2786; x_wconf 84' lang='lat' dir='ltr'>inhonestam,</span> <span class='ocrx_word' id='word_1_157' title='bbox 891 2690 1067 2783; x_wconf 83' lang='lat' dir='ltr'>perducitur</span> <span class='ocrx_word' id='word_1_158' title='bbox 1095 2703 1131 2764; x_wconf 91' lang='lat' dir='ltr'>ad</span> <span class='ocrx_word' id='word_1_159' title='bbox 1160 2704 1270 2780; x_wconf 90' lang='lat' dir='ltr'>studia,</span> <span class='ocrx_word' id='word_1_160' title='bbox 1301 2704 1459 2767; x_wconf 89' lang='lat' dir='ltr'>deducitur</span> 
     </span>
     <span class='ocr_line' id='line_1_24' title="bbox 157 2808 367 2870; baseline 0 -1"><span class='ocrx_word' id='word_1_161' title='bbox 157 2808 193 2869; x_wconf 89' lang='lat' dir='ltr'>ad</span> <span class='ocrx_word' id='word_1_162' title='bbox 216 2809 367 2870; x_wconf 90' lang='lat' dir='ltr'>bonorem.</span> 
     </span>
     <span class='ocr_line' id='line_1_25' title="bbox 243 2916 1250 3000; baseline 0.003 -23"><span class='ocrx_word' id='word_1_163' title='bbox 243 2916 343 2978; x_wconf 83' lang='lat' dir='ltr'>Elurit</span> <span class='ocrx_word' id='word_1_164' title='bbox 365 2921 420 2992; x_wconf 80' lang='lat' dir='ltr'>qui</span> <span class='ocrx_word' id='word_1_165' title='bbox 441 2917 554 2979; x_wconf 89' lang='lat' dir='ltr'>luctum</span> <span class='ocrx_word' id='word_1_166' title='bbox 577 2917 727 3000; x_wconf 83' lang='lat' dir='ltr'>deposuit3</span> <span class='ocrx_word' id='word_1_167' title='bbox 750 2917 869 2998; x_wconf 83' lang='lat' dir='ltr'>inluxit,</span> <span class='ocrx_word' id='word_1_168' title='bbox 893 2936 961 2979; x_wconf 93' lang='lat' dir='ltr'>cum</span> <span class='ocrx_word' id='word_1_169' title='bbox 984 2917 1084 2980; x_wconf 93' lang='lat' dir='ltr'>lumen</span> <span class='ocrx_word' id='word_1_170' title='bbox 1107 2921 1250 2998; x_wconf 87' lang='lat' dir='ltr'>apparuit</span> 
     </span>
     <span class='ocr_line' id='line_1_26' title="bbox 244 3023 1458 3107; baseline 0.003 -23"><span class='ocrx_word' id='word_1_171' title='bbox 244 3023 405 3085; x_wconf 88' lang='lat' dir='ltr'>Nuntiatur</span> <span class='ocrx_word' id='word_1_172' title='bbox 437 3025 473 3085; x_wconf 90' lang='lat' dir='ltr'>de</span> <span class='ocrx_word' id='word_1_173' title='bbox 506 3026 681 3107; x_wconf 90' lang='lat' dir='ltr'>longinquo,</span> <span class='ocrx_word' id='word_1_174' title='bbox 714 3023 906 3086; x_wconf 91' lang='lat' dir='ltr'>denuntiatur</span> <span class='ocrx_word' id='word_1_175' title='bbox 937 3028 968 3087; x_wconf 92' lang='lat' dir='ltr'>in</span> <span class='ocrx_word' id='word_1_176' title='bbox 1000 3029 1164 3107; x_wconf 85' lang='lat' dir='ltr'>praesenti,</span> <span class='ocrx_word' id='word_1_177' title='bbox 1196 3026 1388 3087; x_wconf 86' lang='lat' dir='ltr'>adnuntiatur</span> <span class='ocrx_word' id='word_1_178' title='bbox 1422 3028 1458 3088; x_wconf 89' lang='lat' dir='ltr'>dc</span> 
     </span>
     <span class='ocr_line' id='line_1_27' title="bbox 115 3128 1457 3218; baseline -0.002 -22"><span class='ocrx_word' id='word_1_179' title='bbox 115 3133 265 3213; x_wconf 78' lang='lat' dir='ltr'>soluturo,</span> <span class='ocrx_word' id='word_1_180' title='bbox 284 3133 472 3193; x_wconf 87' lang='lat' dir='ltr'>renuntiatur</span> <span class='ocrx_word' id='word_1_181' title='bbox 491 3132 527 3192; x_wconf 90' lang='lat' dir='ltr'>de</span> <span class='ocrx_word' id='word_1_182' title='bbox 547 3132 715 3194; x_wconf 80' lang='lat' dir='ltr'>excusando</span> <span class='ocrx_word' id='word_1_183' title='bbox 735 3131 794 3210; x_wconf 89' lang='lat' dir='ltr'>[vel</span> <span class='ocrx_word' id='word_1_184' title='bbox 813 3132 1033 3212; x_wconf 86' lang='lat' dir='ltr'>respondendo]</span> <span class='ocrx_word' id='word_1_185' title='bbox 1054 3132 1099 3194; x_wconf 89' lang='lat' dir='ltr'>rel</span> <span class='ocrx_word' id='word_1_186' title='bbox 1113 3133 1311 3212; x_wconf 91' lang='lat' dir='ltr'>repudiando:</span> <span class='ocrx_word' id='word_1_187' title='bbox 1330 3134 1435 3195; x_wconf 83' lang='lat' dir='ltr'>Cicero</span> <span class='ocrx_word' id='word_1_188' title='bbox 1453 3128 1457 3218; x_wconf 77' lang='lat' dir='ltr'>l</span> 
     </span>
     <span class='ocr_line' id='line_1_28' title="bbox 156 3234 1008 3301; baseline 0.004 -3"><span class='ocrx_word' id='word_1_189' title='bbox 156 3234 384 3299; x_wconf 75' lang='lat' dir='ltr'>‘renuntiata</span> <span class='ocrx_word' id='word_1_190' title='bbox 408 3248 463 3300; x_wconf 89' lang='lat' dir='ltr'>est</span> <span class='ocrx_word' id='word_1_191' title='bbox 487 3247 560 3301; x_wconf 86' lang='lat' dir='ltr'>tota</span> <span class='ocrx_word' id='word_1_192' title='bbox 584 3234 775 3301; x_wconf 88' lang='lat' dir='ltr'>condicio&#39;.</span> <span class='ocrx_word' id='word_1_193' title='bbox 1007 3235 1008 3238; x_wconf 50' lang='lat'>&#39;</span> 
     </span>
     <span class='ocr_line' id='line_1_29' title="bbox 245 3346 1460 3430; baseline 0.002 -25"><span class='ocrx_word' id='word_1_194' title='bbox 245 3346 406 3426; x_wconf 87' lang='lat' dir='ltr'>Deportare</span> <span class='ocrx_word' id='word_1_195' title='bbox 426 3346 585 3429; x_wconf 89' lang='lat' dir='ltr'>deponere,</span> <span class='ocrx_word' id='word_1_196' title='bbox 603 3347 760 3428; x_wconf 89' lang='lat' dir='ltr'>adportare</span> <span class='ocrx_word' id='word_1_197' title='bbox 779 3355 826 3408; x_wconf 88' lang='lat' dir='ltr'>est</span> <span class='ocrx_word' id='word_1_198' title='bbox 844 3346 953 3427; x_wconf 86' lang='lat' dir='ltr'>aliquid</span> <span class='ocrx_word' id='word_1_199' title='bbox 972 3347 1098 3430; x_wconf 81' lang='lat' dir='ltr'>adferre,</span> <span class='ocrx_word' id='word_1_200' title='bbox 1122 3355 1297 3427; x_wconf 90' lang='lat' dir='ltr'>conportare</span> <span class='ocrx_word' id='word_1_201' title='bbox 1317 3350 1347 3407; x_wconf 93' lang='lat' dir='ltr'>in</span> <span class='ocrx_word' id='word_1_202' title='bbox 1367 3365 1460 3408; x_wconf 88' lang='lat' dir='ltr'>unum</span> 
     </span>
     <span class='ocr_line' id='line_1_30' title="bbox 156 3447 744 3534; baseline -0.002 -20"><span class='ocrx_word' id='word_1_203' title='bbox 156 3447 428 3534; x_wconf 70' lang='lat' dir='ltr'>recommiscere,</span> <span class='ocrx_word' id='word_1_204' title='bbox 451 3462 607 3533; x_wconf 83' lang='lat' dir='ltr'>exportare</span> <span class='ocrx_word' id='word_1_205' title='bbox 632 3453 744 3515; x_wconf 90' lang='lat' dir='ltr'>tollere.</span> 
     </span>
    </p>
   </div>
   <div class='ocr_carea' id='block_1_3' title="bbox 152 3729 1507 4930">
    <p class='ocr_par' dir='ltr' id='par_1_3' title="bbox 156 3729 1507 4288">
     <span class='ocr_line' id='line_1_31' title="bbox 227 3729 1462 3806; baseline -0.002 -18"><span class='ocrx_word' id='word_1_206' title='bbox 227 3741 240 3788; x_wconf 90' lang='lat'>1</span> <span class='ocrx_word' id='word_1_207' title='bbox 257 3729 421 3802; x_wconf 82' lang='lat' dir='ltr'>dispicobile</span> <span class='ocrx_word' id='word_1_208' title='bbox 430 3730 454 3785; x_wconf 79' lang='grc' dir='ltr'><em>Ο</em></span> <span class='ocrx_word' id='word_1_209' title='bbox 461 3731 636 3802; x_wconf 80' lang='lat' dir='ltr'>displicebile</span> <span class='ocrx_word' id='word_1_210' title='bbox 647 3734 674 3786; x_wconf 99' lang='grc' dir='ltr'><strong><em>Β</em></strong></span> <span class='ocrx_word' id='word_1_211' title='bbox 719 3732 827 3802; x_wconf 82' lang='lat' dir='ltr'>aliquid</span> <span class='ocrx_word' id='word_1_212' title='bbox 841 3733 1079 3789; x_wconf 77' lang='lat' dir='ltr'>ammirandumG</span> <span class='ocrx_word' id='word_1_213' title='bbox 1121 3735 1228 3806; x_wconf 83' lang='lat' dir='ltr'>oculos]</span> <span class='ocrx_word' id='word_1_214' title='bbox 1243 3735 1320 3805; x_wconf 69' lang='lat' dir='ltr'>Vero.</span> <span class='ocrx_word' id='word_1_215' title='bbox 1329 3735 1397 3789; x_wconf 77' lang='lat' dir='ltr'>Aen.</span> <span class='ocrx_word' id='word_1_216' title='bbox 1410 3735 1462 3787; x_wconf 87' lang='lat' dir='ltr'>XI</span> 
     </span>
     <span class='ocr_line' id='line_1_32' title="bbox 156 3812 1460 3883; baseline -0.002 -12"><span class='ocrx_word' id='word_1_217' title='bbox 156 3821 211 3871; x_wconf 85' lang='lat'>507</span> <span class='ocrx_word' id='word_1_218' title='bbox 254 3815 353 3869; x_wconf 76' lang='lat' dir='ltr'>elixas</span> <span class='ocrx_word' id='word_1_219' title='bbox 368 3827 436 3867; x_wconf 82' lang='lat' dir='ltr'>corr.</span> <span class='ocrx_word' id='word_1_220' title='bbox 452 3814 534 3867; x_wconf 82' lang='lat' dir='ltr'>-osG</span> <span class='ocrx_word' id='word_1_221' title='bbox 574 3813 735 3883; x_wconf 78' lang='lat' dir='ltr'>tinluvies]</span> <span class='ocrx_word' id='word_1_222' title='bbox 750 3812 870 3883; x_wconf 85' lang='lat' dir='ltr'>inlugies</span> <span class='ocrx_word' id='word_1_223' title='bbox 886 3815 913 3867; x_wconf 97' lang='grc' dir='ltr'><strong><em>Β</em></strong></span> <span class='ocrx_word' id='word_1_224' title='bbox 955 3831 973 3867; x_wconf 88' lang='lat' dir='ltr'>o</span> <span class='ocrx_word' id='word_1_225' title='bbox 986 3832 1042 3870; x_wconf 90' lang='lat' dir='ltr'>non</span> <span class='ocrx_word' id='word_1_226' title='bbox 1057 3816 1178 3870; x_wconf 78' lang='lat' dir='ltr'>leuando</span> <span class='ocrx_word' id='word_1_227' title='bbox 1193 3832 1323 3870; x_wconf 81' lang='lat' dir='ltr'>cannen</span> <span class='ocrx_word' id='word_1_228' title='bbox 1338 3813 1460 3869; x_wconf 77' lang='lat' dir='ltr'>leuando</span> 
     </span>
     <span class='ocr_line' id='line_1_33' title="bbox 158 3891 1460 3967; baseline -0.002 -16"><span class='ocrx_word' id='word_1_229' title='bbox 158 3897 299 3951; x_wconf 81' lang='lat' dir='ltr'>Menon</span> <span class='ocrx_word' id='word_1_230' title='bbox 319 3892 459 3947; x_wconf 79' lang='lat' dir='ltr'>laudando</span> <span class='ocrx_word' id='word_1_231' title='bbox 477 3894 536 3948; x_wconf 84' lang='lat' dir='ltr'>BC</span> <span class='ocrx_word' id='word_1_232' title='bbox 587 3896 711 3948; x_wconf 75' lang='lat' dir='ltr'>ttorree</span> <span class='ocrx_word' id='word_1_233' title='bbox 730 3891 838 3962; x_wconf 84' lang='lat' dir='ltr'>lignum</span> <span class='ocrx_word' id='word_1_234' title='bbox 851 3898 996 3962; x_wconf 84' lang='lat' dir='ltr'>perustum</span> <span class='ocrx_word' id='word_1_235' title='bbox 1011 3896 1038 3948; x_wconf 93' lang='grc' dir='ltr'><strong><em>Β</em></strong></span> <span class='ocrx_word' id='word_1_236' title='bbox 1091 3897 1318 3967; x_wconf 79' lang='lat' dir='ltr'>perproernpte]</span> <span class='ocrx_word' id='word_1_237' title='bbox 1339 3895 1368 3949; x_wconf 89' lang='lat' dir='ltr'>in</span> <span class='ocrx_word' id='word_1_238' title='bbox 1382 3911 1460 3965; x_wconf 78' lang='lat' dir='ltr'>pree-</span> 
     </span>
     <span class='ocr_line' id='line_1_34' title="bbox 156 3972 1507 4046; baseline 0 -17"><span class='ocrx_word' id='word_1_239' title='bbox 156 3978 240 4046; x_wconf 81' lang='lat' dir='ltr'>rnptc</span> <span class='ocrx_word' id='word_1_240' title='bbox 265 3976 302 4029; x_wconf 88' lang='grc' dir='ltr'><em>Μ</em></span> <span class='ocrx_word' id='word_1_241' title='bbox 391 3978 522 4033; x_wconf 83' lang='lat' dir='ltr'>decursus</span> <span class='ocrx_word' id='word_1_242' title='bbox 543 3974 579 4027; x_wconf 86' lang='grc' dir='ltr'><em>Μ</em></span> <span class='ocrx_word' id='word_1_243' title='bbox 583 3972 642 4027; x_wconf 82' lang='lat' dir='ltr'>BG</span> <span class='ocrx_word' id='word_1_244' title='bbox 657 3973 838 4028; x_wconf 77' lang='lat' dir='ltr'>deeunensc</span> <span class='ocrx_word' id='word_1_245' title='bbox 926 3975 1118 4045; x_wconf 88' lang='lat' dir='ltr'>8monemus]</span> <span class='ocrx_word' id='word_1_246' title='bbox 1139 3992 1390 4044; x_wconf 78' lang='lat' dir='ltr'>praemonemusp</span> <span class='ocrx_word' id='word_1_247' title='bbox 1499 4017 1507 4029; x_wconf 86' lang='lat'>.</span> 
     </span>
     <span class='ocr_line' id='line_1_35' title="bbox 157 4053 1460 4126; baseline 0.001 -18"><span class='ocrx_word' id='word_1_248' title='bbox 157 4055 411 4126; x_wconf 71' lang='lat' dir='ltr'>usignilicctionee</span> <span class='ocrx_word' id='word_1_249' title='bbox 430 4056 517 4110; x_wconf 78' lang='lat' dir='ltr'>habet</span> <span class='ocrx_word' id='word_1_250' title='bbox 531 4054 588 4108; x_wconf 83' lang='lat' dir='ltr'>BC</span> <span class='ocrx_word' id='word_1_251' title='bbox 641 4060 674 4107; x_wconf 91' lang='lat'>10</span> <span class='ocrx_word' id='word_1_252' title='bbox 688 4071 723 4108; x_wconf 89' lang='lat' dir='ltr'>ne</span> <span class='ocrx_word' id='word_1_253' title='bbox 737 4069 857 4122; x_wconf 77' lang='lat' dir='ltr'>quaeres</span> <span class='ocrx_word' id='word_1_254' title='bbox 876 4053 1264 4123; x_wconf 58' lang='lat' dir='ltr'>cataplasmare</span> <span class='ocrx_word' id='word_1_255' title='bbox 1317 4071 1352 4108; x_wconf 90' lang='lat' dir='ltr'>ne</span> <span class='ocrx_word' id='word_1_256' title='bbox 1367 4055 1460 4109; x_wconf 86' lang='lat' dir='ltr'>breuis</span> 
     </span>
     <span class='ocr_line' id='line_1_36' title="bbox 157 4133 1460 4204; baseline -0.003 -14"><span class='ocrx_word' id='word_1_257' title='bbox 157 4135 314 4191; x_wconf 86' lang='lat' dir='ltr'>coniunctio</span> <span class='ocrx_word' id='word_1_258' title='bbox 335 4135 455 4193; x_wconf 79' lang='lat' dir='ltr'>consolis</span> <span class='ocrx_word' id='word_1_259' title='bbox 474 4138 552 4204; x_wconf 82' lang='lat' dir='ltr'>(corr.</span> <span class='ocrx_word' id='word_1_260' title='bbox 567 4133 737 4189; x_wconf 81' lang='lat' dir='ltr'>disiunctiuo</span> <span class='ocrx_word' id='word_1_261' title='bbox 754 4135 779 4203; x_wconf 88' lang='lat' dir='ltr'>e)</span> <span class='ocrx_word' id='word_1_262' title='bbox 797 4135 830 4188; x_wconf 87' lang='lat' dir='ltr'>ut</span> <span class='ocrx_word' id='word_1_263' title='bbox 848 4136 892 4188; x_wconf 86' lang='lat' dir='ltr'>est</span> <span class='ocrx_word' id='word_1_264' title='bbox 910 4151 945 4188; x_wconf 89' lang='lat' dir='ltr'>ne</span> <span class='ocrx_word' id='word_1_265' title='bbox 963 4135 1062 4188; x_wconf 88' lang='lat' dir='ltr'>tennes</span> <span class='ocrx_word' id='word_1_266' title='bbox 1082 4133 1106 4188; x_wconf 83' lang='lat'><strong><em>0</em></strong></span> <span class='ocrx_word' id='word_1_267' title='bbox 1186 4134 1360 4204; x_wconf 89' lang='lat' dir='ltr'>hominesne]</span> <span class='ocrx_word' id='word_1_268' title='bbox 1381 4133 1460 4202; x_wconf 81' lang='lat' dir='ltr'>Verp.</span> 
     </span>
     <span class='ocr_line' id='line_1_37' title="bbox 156 4214 1462 4288; baseline 0.001 -19"><span class='ocrx_word' id='word_1_269' title='bbox 156 4215 226 4270; x_wconf 77' lang='lat' dir='ltr'>Aeas.</span> <span class='ocrx_word' id='word_1_270' title='bbox 240 4217 263 4269; x_wconf 93' lang='lat' dir='ltr'><strong><em>I</em></strong></span> <span class='ocrx_word' id='word_1_271' title='bbox 275 4222 331 4288; x_wconf 73' lang='lat'>308</span> <span class='ocrx_word' id='word_1_272' title='bbox 387 4225 418 4272; x_wconf 92' lang='grc'>11</span> <span class='ocrx_word' id='word_1_273' title='bbox 434 4234 469 4271; x_wconf 91' lang='lat' dir='ltr'>ne</span> <span class='ocrx_word' id='word_1_274' title='bbox 487 4216 597 4287; x_wconf 62' lang='lat' dir='ltr'>mones]</span> <span class='ocrx_word' id='word_1_275' title='bbox 618 4215 695 4284; x_wconf 82' lang='lat' dir='ltr'>Verp.</span> <span class='ocrx_word' id='word_1_276' title='bbox 711 4230 799 4284; x_wconf 74' lang='lat' dir='ltr'>georg.</span> <span class='ocrx_word' id='word_1_277' title='bbox 810 4215 833 4268; x_wconf 94' lang='lat' dir='ltr'><em>I</em></span> <span class='ocrx_word' id='word_1_278' title='bbox 844 4219 883 4270; x_wconf 82' lang='lat'>92</span> <span class='ocrx_word' id='word_1_279' title='bbox 939 4219 972 4268; x_wconf 80' lang='lat' dir='ltr'>m</span> <span class='ocrx_word' id='word_1_280' title='bbox 986 4231 1020 4269; x_wconf 91' lang='lat' dir='ltr'>ne</span> <span class='ocrx_word' id='word_1_281' title='bbox 1034 4214 1164 4284; x_wconf 83' lang='lat' dir='ltr'>subeant]</span> <span class='ocrx_word' id='word_1_282' title='bbox 1182 4214 1393 4285; x_wconf 76' lang='lat' dir='ltr'>Verp.9eorp.1</span> <span class='ocrx_word' id='word_1_283' title='bbox 1405 4221 1462 4271; x_wconf 83' lang='grc'>180</span> 
     </span>
    </p>

    <p class='ocr_par' dir='ltr' id='par_1_4' title="bbox 152 4293 1461 4525">
     <span class='ocr_line' id='line_1_38' title="bbox 210 4293 1460 4369; baseline -0.001 -20"><span class='ocrx_word' id='word_1_284' title='bbox 210 4302 244 4350; x_wconf 83' lang='grc'>14</span> <span class='ocrx_word' id='word_1_285' title='bbox 262 4298 420 4369; x_wconf 87' lang='lat' dir='ltr'>corporum]</span> <span class='ocrx_word' id='word_1_286' title='bbox 440 4301 599 4365; x_wconf 87' lang='lat' dir='ltr'>temporum</span> <span class='ocrx_word' id='word_1_287' title='bbox 617 4294 676 4349; x_wconf 82' lang='lat' dir='ltr'>BC</span> <span class='ocrx_word' id='word_1_288' title='bbox 764 4299 795 4348; x_wconf 82' lang='lat' dir='ltr'>lt</span> <span class='ocrx_word' id='word_1_289' title='bbox 819 4293 968 4348; x_wconf 87' lang='lat' dir='ltr'>uerborum</span> <span class='ocrx_word' id='word_1_290' title='bbox 987 4296 1072 4362; x_wconf 82' lang='lat' dir='ltr'>atque</span> <span class='ocrx_word' id='word_1_291' title='bbox 1092 4294 1292 4364; x_wconf 87' lang='lat' dir='ltr'>membrorum]</span> <span class='ocrx_word' id='word_1_292' title='bbox 1312 4293 1460 4349; x_wconf 89' lang='lat' dir='ltr'>uerborum</span> 
     </span>
     <span class='ocr_line' id='line_1_39' title="bbox 156 4373 1460 4446; baseline -0.002 -16"><span class='ocrx_word' id='word_1_293' title='bbox 156 4378 240 4446; x_wconf 78' lang='lat' dir='ltr'>atque</span> <span class='ocrx_word' id='word_1_294' title='bbox 258 4377 408 4432; x_wconf 88' lang='lat' dir='ltr'>uerborum</span> <span class='ocrx_word' id='word_1_295' title='bbox 425 4376 454 4429; x_wconf 93' lang='grc' dir='ltr'><strong><em>Β</em></strong></span> <span class='ocrx_word' id='word_1_296' title='bbox 472 4375 659 4430; x_wconf 85' lang='lat' dir='ltr'>membrorum</span> <span class='ocrx_word' id='word_1_297' title='bbox 678 4377 756 4444; x_wconf 85' lang='lat' dir='ltr'>(corr.</span> <span class='ocrx_word' id='word_1_298' title='bbox 771 4375 930 4441; x_wconf 86' lang='lat' dir='ltr'>uerborum)</span> <span class='ocrx_word' id='word_1_299' title='bbox 948 4375 1035 4442; x_wconf 79' lang='lat' dir='ltr'>etque</span> <span class='ocrx_word' id='word_1_300' title='bbox 1049 4374 1236 4428; x_wconf 89' lang='lat' dir='ltr'>membrorum</span> <span class='ocrx_word' id='word_1_301' title='bbox 1256 4373 1278 4428; x_wconf 81' lang='lat' dir='ltr'><em>O</em></span> <span class='ocrx_word' id='word_1_302' title='bbox 1332 4380 1364 4427; x_wconf 83' lang='grc'>17</span> <span class='ocrx_word' id='word_1_303' title='bbox 1385 4373 1460 4442; x_wconf 88' lang='lat' dir='ltr'>qnod</span> 
     </span>
     <span class='ocr_line' id='line_1_40' title="bbox 152 4452 1461 4525; baseline -0.002 -15"><span class='ocrx_word' id='word_1_304' title='bbox 152 4461 215 4525; x_wconf 81' lang='lat' dir='ltr'>post</span> <span class='ocrx_word' id='word_1_305' title='bbox 233 4458 334 4511; x_wconf 83' lang='lat' dir='ltr'>vulnus</span> <span class='ocrx_word' id='word_1_306' title='bbox 352 4473 403 4511; x_wconf 89' lang='lat' dir='ltr'>om.</span> <span class='ocrx_word' id='word_1_307' title='bbox 417 4457 445 4511; x_wconf 93' lang='grc' dir='ltr'><strong><em>Β</em></strong></span> <span class='ocrx_word' id='word_1_308' title='bbox 501 4460 534 4509; x_wconf 88' lang='grc'>18</span> <span class='ocrx_word' id='word_1_309' title='bbox 553 4454 671 4510; x_wconf 80' lang='lat' dir='ltr'>dicimm</span> <span class='ocrx_word' id='word_1_310' title='bbox 689 4455 717 4509; x_wconf 92' lang='grc' dir='ltr'><strong><em>Β</em></strong></span> <span class='ocrx_word' id='word_1_311' title='bbox 735 4455 839 4509; x_wconf 88' lang='lat' dir='ltr'>dicitnr</span> <span class='ocrx_word' id='word_1_312' title='bbox 858 4455 896 4507; x_wconf 86' lang='grc' dir='ltr'><em>Μ</em></span> <span class='ocrx_word' id='word_1_313' title='bbox 899 4452 923 4507; x_wconf 78' lang='lat'><em>0</em></span> <span class='ocrx_word' id='word_1_314' title='bbox 973 4461 1009 4509; x_wconf 74' lang='grc'>10</span> <span class='ocrx_word' id='word_1_315' title='bbox 1028 4453 1138 4524; x_wconf 80' lang='lat' dir='ltr'>exurgit</span> <span class='ocrx_word' id='word_1_316' title='bbox 1156 4454 1202 4508; x_wconf 87' lang='lat' dir='ltr'>uel</span> <span class='ocrx_word' id='word_1_317' title='bbox 1220 4455 1256 4509; x_wconf 77' lang='lat' dir='ltr'>cd</span> <span class='ocrx_word' id='word_1_318' title='bbox 1271 4453 1419 4509; x_wconf 81' lang='lat' dir='ltr'>abducitur</span> <span class='ocrx_word' id='word_1_319' title='bbox 1433 4455 1461 4507; x_wconf 94' lang='grc' dir='ltr'><strong><em>Β</em></strong></span> 
     </span>
    </p>

    <p class='ocr_par' dir='ltr' id='par_1_5' title="bbox 156 4533 1461 4930">
     <span class='ocr_line' id='line_1_41' title="bbox 209 4533 1461 4605; baseline -0.002 -13"><span class='ocrx_word' id='word_1_320' title='bbox 209 4544 243 4592; x_wconf 80' lang='lat'>23</span> <span class='ocrx_word' id='word_1_321' title='bbox 264 4537 359 4593; x_wconf 80' lang='lat' dir='ltr'>Elnxit</span> <span class='ocrx_word' id='word_1_322' title='bbox 377 4537 486 4591; x_wconf 90' lang='lat' dir='ltr'>luctum</span> <span class='ocrx_word' id='word_1_323' title='bbox 504 4534 634 4605; x_wconf 82' lang='lat' dir='ltr'>deposuit</span> <span class='ocrx_word' id='word_1_324' title='bbox 653 4537 690 4590; x_wconf 87' lang='grc' dir='ltr'><em>Μ</em></span> <span class='ocrx_word' id='word_1_325' title='bbox 693 4536 722 4589; x_wconf 96' lang='grc' dir='ltr'><strong><em>Β</em></strong></span> <span class='ocrx_word' id='word_1_326' title='bbox 728 4535 752 4590; x_wconf 82' lang='lat' dir='ltr'><em>O</em></span> <span class='ocrx_word' id='word_1_327' title='bbox 767 4535 863 4590; x_wconf 80' lang='lat' dir='ltr'>Elnxit</span> <span class='ocrx_word' id='word_1_328' title='bbox 881 4534 930 4604; x_wconf 90' lang='lat' dir='ltr'>qni</span> <span class='ocrx_word' id='word_1_329' title='bbox 947 4535 1054 4590; x_wconf 81' lang='lat' dir='ltr'>luctum</span> <span class='ocrx_word' id='word_1_330' title='bbox 1072 4535 1189 4603; x_wconf 81' lang='lat' dir='ltr'>deponit</span> <span class='ocrx_word' id='word_1_331' title='bbox 1207 4548 1224 4592; x_wconf 86' lang='grc' dir='ltr'><strong><em>ς</em></strong></span> <span class='ocrx_word' id='word_1_332' title='bbox 1287 4539 1321 4586; x_wconf 78' lang='lat'>24</span> <span class='ocrx_word' id='word_1_333' title='bbox 1337 4533 1366 4587; x_wconf 92' lang='lat' dir='ltr'>in</span> <span class='ocrx_word' id='word_1_334' title='bbox 1381 4550 1461 4602; x_wconf 80' lang='lat' dir='ltr'>prce·</span> 
     </span>
     <span class='ocr_line' id='line_1_42' title="bbox 156 4611 1461 4688; baseline -0.002 -16"><span class='ocrx_word' id='word_1_335' title='bbox 156 4616 228 4672; x_wconf 81' lang='lat' dir='ltr'>senti</span> <span class='ocrx_word' id='word_1_336' title='bbox 248 4618 285 4671; x_wconf 87' lang='lat' dir='ltr'><strong><em>M</em></strong></span> <span class='ocrx_word' id='word_1_337' title='bbox 288 4617 345 4671; x_wconf 81' lang='grc' dir='ltr'>ΒΟ</span> <span class='ocrx_word' id='word_1_338' title='bbox 361 4618 396 4672; x_wconf 92' lang='lat' dir='ltr'>de</span> <span class='ocrx_word' id='word_1_339' title='bbox 415 4618 556 4688; x_wconf 79' lang='lat' dir='ltr'>praesenti</span> <span class='ocrx_word' id='word_1_340' title='bbox 574 4635 589 4672; x_wconf 87' lang='lat' dir='ltr'>c</span> <span class='ocrx_word' id='word_1_341' title='bbox 677 4624 712 4671; x_wconf 75' lang='lat'>25</span> <span class='ocrx_word' id='word_1_342' title='bbox 737 4618 772 4671; x_wconf 89' lang='lat' dir='ltr'>de</span> <span class='ocrx_word' id='word_1_343' title='bbox 796 4615 953 4672; x_wconf 79' lang='lat' dir='ltr'>excusando</span> <span class='ocrx_word' id='word_1_344' title='bbox 976 4616 1006 4669; x_wconf 91' lang='lat' dir='ltr'>et</span> <span class='ocrx_word' id='word_1_345' title='bbox 1028 4613 1201 4683; x_wconf 82' lang='lat' dir='ltr'>repudiando</span> <span class='ocrx_word' id='word_1_346' title='bbox 1219 4612 1278 4667; x_wconf 80' lang='lat' dir='ltr'>BG</span> <span class='ocrx_word' id='word_1_347' title='bbox 1364 4611 1461 4669; x_wconf 85' lang='lat' dir='ltr'>Cicero</span> 
     </span>
     <span class='ocr_line' id='line_1_43' title="bbox 157 4693 1461 4765; baseline 0 -13"><span class='ocrx_word' id='word_1_348' title='bbox 157 4727 190 4737; x_wconf 96' lang='lat'><em>-</em></span> <span class='ocrx_word' id='word_1_349' title='bbox 209 4697 336 4752; x_wconf 87' lang='lat' dir='ltr'>condicio</span> <span class='ocrx_word' id='word_1_350' title='bbox 360 4699 480 4763; x_wconf 87' lang='lat' dir='ltr'>om.ll1,</span> <span class='ocrx_word' id='word_1_351' title='bbox 504 4698 679 4756; x_wconf 65' lang='lat' dir='ltr'>aculeos.-</span> <span class='ocrx_word' id='word_1_352' title='bbox 703 4698 810 4754; x_wconf 68' lang='lat' dir='ltr'>ciem</span> <span class='ocrx_word' id='word_1_353' title='bbox 834 4697 908 4752; x_wconf 83' lang='lat' dir='ltr'>Verr.</span> <span class='ocrx_word' id='word_1_354' title='bbox 928 4702 981 4752; x_wconf 71' lang='lat' dir='ltr'>act·</span> <span class='ocrx_word' id='word_1_355' title='bbox 1000 4713 1046 4765; x_wconf 82' lang='lat' dir='ltr'>pr.</span> <span class='ocrx_word' id='word_1_356' title='bbox 1067 4701 1094 4762; x_wconf 85' lang='lat'>6,</span> <span class='ocrx_word' id='word_1_357' title='bbox 1113 4700 1149 4749; x_wconf 78' lang='lat'>16</span> <span class='ocrx_word' id='word_1_358' title='bbox 1238 4693 1461 4752; x_wconf 67' lang='lat' dir='ltr'>reconditos</span> 
     </span>
     <span class='ocr_line' id='line_1_44' title="bbox 156 4772 1460 4848; baseline -0.003 -16"><span class='ocrx_word' id='word_1_359' title='bbox 156 4776 304 4832; x_wconf 85' lang='lat' dir='ltr'>conductio</span> <span class='ocrx_word' id='word_1_360' title='bbox 323 4778 382 4833; x_wconf 81' lang='lat' dir='ltr'>Bo</span> <span class='ocrx_word' id='word_1_361' title='bbox 460 4784 494 4832; x_wconf 76' lang='lat'>2⁷</span> <span class='ocrx_word' id='word_1_362' title='bbox 514 4777 662 4847; x_wconf 78' lang='lat' dir='ltr'>deportare</span> <span class='ocrx_word' id='word_1_363' title='bbox 680 4777 817 4848; x_wconf 86' lang='lat' dir='ltr'>deponere</span> <span class='ocrx_word' id='word_1_364' title='bbox 836 4778 880 4832; x_wconf 90' lang='lat' dir='ltr'>est</span> <span class='ocrx_word' id='word_1_365' title='bbox 898 4776 1048 4847; x_wconf 73' lang='lat' dir='ltr'>opportere</span> <span class='ocrx_word' id='word_1_366' title='bbox 1066 4772 1173 4842; x_wconf 78' lang='lat' dir='ltr'>aliquid</span> <span class='ocrx_word' id='word_1_367' title='bbox 1193 4773 1302 4828; x_wconf 79' lang='lat' dir='ltr'>adferre</span> <span class='ocrx_word' id='word_1_368' title='bbox 1322 4772 1460 4844; x_wconf 81' lang='lat' dir='ltr'>Odepor-</span> 
     </span>
     <span class='ocr_line' id='line_1_45' title="bbox 156 4856 997 4930; baseline 0.002 -19"><span class='ocrx_word' id='word_1_369' title='bbox 156 4858 217 4911; x_wconf 80' lang='lat' dir='ltr'>tere</span> <span class='ocrx_word' id='word_1_370' title='bbox 235 4858 265 4912; x_wconf 86' lang='lat' dir='ltr'>et</span> <span class='ocrx_word' id='word_1_371' title='bbox 282 4858 421 4930; x_wconf 88' lang='lat' dir='ltr'>deponere</span> <span class='ocrx_word' id='word_1_372' title='bbox 440 4862 470 4915; x_wconf 89' lang='lat' dir='ltr'>ot</span> <span class='ocrx_word' id='word_1_373' title='bbox 487 4859 637 4930; x_wconf 70' lang='lat' dir='ltr'>adportare</span> <span class='ocrx_word' id='word_1_374' title='bbox 656 4859 699 4912; x_wconf 85' lang='lat' dir='ltr'>est</span> <span class='ocrx_word' id='word_1_375' title='bbox 717 4856 825 4926; x_wconf 69' lang='lat' dir='ltr'>aliquid</span> <span class='ocrx_word' id='word_1_376' title='bbox 842 4856 950 4913; x_wconf 69' lang='lat' dir='ltr'>adferre</span> <span class='ocrx_word' id='word_1_377' title='bbox 968 4856 997 4912; x_wconf 92' lang='grc' dir='ltr'><strong><em>Β</em></strong></span> 
     </span>
    </p>
   </div>
   <div class='ocr_carea' id='block_1_4' title="bbox 0 0 1670 5474">
    <p class='ocr_par' dir='ltr' id='par_1_6' title="bbox 0 0 1670 5474">
     <span class='ocr_line' id='line_1_46' title="bbox 0 0 1670 5474; baseline 0 0"><span class='ocrx_word' id='word_1_378' title='bbox 0 0 1670 5474; x_wconf 95' lang='lat' dir='ltr'> </span> 
     </span>
    </p>
   </div>
  </div>
 </body>
</html>
