3316 5474
319 382 361 444 66
862 377 960 431 vanu
978 378 1092 433 coner

321 494 343 528 p.
358 483 416 520 2227.
431 482 456 519 28
471 481 493 521 P.

321 568 570 645 praepositionem
601 573 705 623 notare
740 563 783 622 rel
816 563 895 642 ideo,
928 565 996 640 quia
1030 581 1088 621 non
1117 569 1255 620 contenta
1284 560 1460 640 quibusdam
1489 559 1627 641 partibus

320 675 462 734 orationis
484 671 570 751 plena
598 672 742 750 praeponi
765 670 783 728 d
808 670 934 730 litteram
959 670 1100 743 adsumit,
1130 671 1214 728 utin
1239 688 1275 728 ee
1299 668 1378 747 quod
1403 678 1450 729 est
1472 667 1573 728 redire
1597 675 1627 727 et

317 778 466 860 redolere,
496 780 564 856 quia
593 777 668 837 duae
697 777 812 836 vocales
840 780 870 836 in
900 796 1048 837 concursu
1077 775 1206 837 hiabant.
1251 776 1303 837 scd
1332 776 1483 837 interdum
1509 774 1625 836 baecd

319 886 417 946 littera
435 887 612 964 geminatur,
639 885 777 963 quotiens
796 883 832 941 ab
852 883 953 943 eadem
972 884 1069 943 littera
1089 901 1218 961 sequens
1236 901 1292 941 vox
1311 884 1428 964 incipit3
1451 900 1507 943 nec
1526 891 1626 943 tamen

318 1010 450 1072 semper,
478 990 624 1069 siquidem
653 987 777 1049 reddere
806 990 932 1051 elicimus
960 991 1106 1067 geminata
1134 988 1167 1068 d,
1197 988 1341 1048 reducere
1370 996 1470 1082 autem
1498 987 1655 1069 simplicis

317 1101 438 1158 utimur.
476 1096 555 1157 unde
583 1094 746 1156 adnotanda
783 1097 930 1174 imperitia
959 1114 1063 1155 eorum
1092 1097 1143 1173 qui
1171 1097 1213 1154 sic
1243 1094 1407 1155 redducere
1435 1094 1624 1174 geminatad

319 1205 415 1265 littera
440 1204 543 1264 volunt
567 1206 737 1282 enuntiare,
765 1204 848 1280 quasi
877 1202 1016 1281 reddere,
1046 1211 1195 1280 tamquam
1219 1220 1341 1262 necesse
1365 1203 1404 1263 sit
1426 1203 1540 1263 totiens
1561 1218 1626 1261 mm

318 1310 467 1389 duplicem
490 1330 565 1391 esse,
589 1312 726 1389 quotiens
751 1327 879 1386 sequeus
903 1327 957 1368 vox
981 1308 1016 1367 ab
1041 1308 1143 1368 eadem
1166 1308 1263 1369 littera
1287 1309 1400 1388 incipit.

407 1434 502 1494 Trans
521 1453 640 1513 quoque
659 1436 839 1513 praepositio
860 1451 918 1492 non
938 1434 1047 1495 nullam
1067 1435 1156 1496 babet
1174 1434 1419 1495 observationem.
1450 1450 1518 1492 uam
1532 1434 1623 1492 iuter·

318 1541 388 1600 dum
412 1541 498 1620 plena
522 1551 577 1622 est,
600 1551 633 1601 ut
653 1540 812 1620 transtulit,
834 1541 985 1602 interdum
1004 1545 1157 1623 minuitur,
1182 1549 1215 1602 ut
1234 1543 1349 1601 traiecit
1369 1541 1374 1617 Ι
1395 1539 1535 1600 traduxit
1568 1552 1651 1599 ncc1

258 1652 298 1733 ti
318 1667 375 1708 non
400 1647 436 1707 ab
460 1649 523 1708 aliis
545 1649 632 1728 plene
655 1650 792 1729 ponitur,
814 1646 850 1707 ab
874 1648 938 1709 aliis
962 1649 1113 1709 lenitatem
1136 1647 1322 1709 intuentibus
1346 1648 1504 1726 minuitur,
1536 1646 1623 1705 utin

281 1796 286 1805 .
318 1775 352 1814 eo
381 1756 460 1834 quod
488 1763 535 1816 est
563 1757 726 1815 transmisit
754 1766 783 1815 et
812 1758 952 1816 tramisit:
981 1755 1030 1815 alii
1061 1757 1256 1835 transposuit,
1283 1754 1331 1815 alii
1355 1755 1509 1832 traposuit.
1546 1769 1622 1830 quae

317 1862 483 1922 observatio
511 1862 737 1941 orthographiae
767 1864 855 1921 mixta
884 1873 930 1921 est
958 1871 986 1922 et
1014 1853 1226 1943 ὀρθοεπείας,
1259 1879 1334 1940 quae
1363 1862 1450 1920 etiam
1479 1860 1505 1918 si
1535 1856 1625 1918 babet

318 1971 546 2028 instructionem
575 1986 672 2048 suam,
701 1978 798 2028 tamen
827 1969 896 2028 huic
926 1970 1090 2046 quaestioni
1120 1967 1302 2027 familiariter
1329 1965 1476 2046 implicata
1500 1974 1555 2025 est
1592 1966 1622 2024 in

317 2067 501 2158 ὄρθοεττεία
529 2077 606 2134 enirn
631 2074 701 2152 quid
727 2075 881 2135 decentius
905 2077 943 2134 sit
966 2085 996 2134 et
1020 2075 1090 2153 quid
1114 2075 1210 2135 lenius
1234 2075 1401 2153 quaeritur,
1430 2090 1486 2133 nee
1509 2071 1623 2132 laborat
1638 2087 1658 2125 1,

318 2181 365 2241 ille
395 2184 446 2259 qui
474 2181 577 2241 scribit
605 2185 684 2241 circa
712 2182 741 2241 id
769 2181 847 2259 quod
879 2182 988 2241 dicitur
1015 2177 1240 2261 χαριέστατον.
1281 2184 1312 2240 iu
1341 2173 1559 2262 ὀρθογραφίᾳ
1587 2197 1622 2239 eo

318 2286 521 2365 scrupulosior
540 2290 673 2365 quaestio
692 2296 747 2367 est,
765 2288 844 2364 quod
865 2305 923 2346 non
943 2305 1103 2366 numquam
1123 2306 1201 2348 unus
1221 2307 1313 2349 sortus
1332 2296 1379 2348 est
1392 2296 1443 2348 aut
1461 2287 1624 2366 perexigua

318 2395 488 2472 suspicione
516 2394 661 2454 diversus.
704 2395 822 2479 interim
855 2396 1009 2472 quaeritur
1040 2397 1176 2474 scriptio,
1206 2405 1239 2454 ut
1268 2412 1337 2455 cum
1365 2393 1432 2454 dico
1461 2396 1563 2474 eiecit,
1594 2400 1624 2453 et

317 2500 392 2560 alius
419 2518 473 2578 per
501 2518 589 2559 unam
613 2503 622 2558 i
646 2500 773 2560 litteram
802 2499 918 2580 scribit,
946 2500 1020 2560 alius
1048 2519 1101 2579 per
1130 2500 1217 2580 duas,
1245 2503 1331 2561 cuius
1358 2503 1416 2559 iam
1439 2502 1623 2560 mentionem

317 2606 450 2686 lecimus,
473 2626 542 2666 cum
565 2606 601 2666 de
626 2608 790 2667 litterarum
814 2617 960 2685 potestate
984 2606 1189 2684 loqueremur:
1218 2615 1400 2686 quapropter
1423 2607 1621 2687 superseden-
1641 2626 1658 2649 n

318 2711 389 2772 dum
413 2716 557 2774 existimo.
1221 2702 1228 2717 '

408 2837 468 2897 Nec
495 2841 593 2897 minus
616 2838 652 2898 de
677 2854 699 2898 v
723 2839 819 2899 littera
844 2837 934 2899 locuti
958 2857 1074 2919 sumna,
1103 2856 1191 2917 quam
1218 2818 1385 2897 interdum*
1400 2838 1495 2897 ricem
1519 2855 1623 2897 conso·

319 2946 417 3004 nantis
440 2943 574 3004 obtinere
599 2947 735 3025 diximus,
759 2955 792 3005 ut
815 2963 883 3005 cum
907 2945 1065 3006 scribimus
1093 2944 1206 3005 vultum
1240 2954 1270 3004 et
1297 2947 1444 3023 geminata
1467 2962 1483 3002 r
1508 2944 1623 3005 diversa

321 3057 468 3130 potestate
487 3053 616 3129 ponitur.
646 3054 688 3111 sic
708 3070 814 3112 rursus
833 3070 901 3111 cum
921 3052 1062 3112 scribitur
1081 3055 1279 3113 nominativus
1297 3053 1453 3130 genetivus
1472 3058 1502 3111 et
1521 3069 1624 3111 omues

317 3156 425 3216 deinde
450 3175 548 3238 casus,
578 3160 648 3218 item
672 3161 853 3239 primitivus,
881 3166 912 3218 ct
939 3161 1023 3237 siqua
1046 3159 1092 3219 bis
1116 3161 1234 3218 nomina
1257 3158 1363 3218 similia
1386 3167 1471 3240 sunt,
1498 3158 1657 3218 eandemr

408 3383 499 3437 Codex
518 3383 665 3437 Parrhasii
702 3383 838 3453 aredire]
858 3384 932 3437 redis
1013 3384 1192 3455 eredueere]
1211 3400 1346 3439 renouare
1409 3387 1505 3439 autem
1523 3400 1573 3438 ern.

320 3524 352 3573 10
371 3517 492 3587 traiecit]
512 3517 619 3571 traiieit
694 3523 723 3569 11
744 3476 879 3584 lelltatem
895 3518 929 3571 0:
949 3517 978 3570 ni
995 3534 1162 3585 supeream
1235 3524 1267 3572 13
1286 3517 1376 3570 mixta
1394 3518 1437 3570 est
1454 3511 1621 3585 ὀρθοεπείαι

317 3596 462 3666 quaeritur
476 3594 562 3649 etiam
577 3598 600 3650 si
619 3597 706 3650 habet
726 3597 944 3652 destructionem
1017 3605 1049 3650 16
1068 3597 1116 3650 ille
1135 3596 1197 3664 quis
1211 3596 1308 3651 scribit
1326 3614 1389 3652 cum
1407 3597 1437 3652 id
1455 3597 1532 3666 quod
1550 3597 1623 3651 dico

317 3681 363 3730 tur
382 3694 530 3744 εχριαστατ
548 3675 577 3729 in
597 3673 779 3744 ὀρθογραφία
852 3681 886 3728 24
905 3675 995 3730 omnis

407 3885 422 3931 2
443 3879 461 3932 b
480 3880 603 3933 litteram
622 3878 744 3933 adsumit
762 3881 794 3932 ut
812 3880 840 3932 in
855 3896 886 3934 eo
901 3881 976 3947 quod
995 3882 1038 3934 est
1055 3879 1129 3934 redis
1144 3883 1173 3933 et
1192 3880 1324 3935 redolere
1336 3880 1377 3947 R,
1395 3881 1445 3935 sed
1464 3885 1493 3936 et
1510 3882 1530 3936 d
1548 3882 1622 3937 litte

318 3977 378 4014 ram
392 3959 528 4027 adsumit,
547 3963 580 4013 ut
593 3962 637 4013 est
650 3960 739 4015 redire
754 3960 877 4015 redolere
894 3962 1069 4028 Papinianus
1141 3967 1156 4012 ὅ
1176 3959 1290 4015 reddere
1305 3960 1423 4016 dicimur
1437 3961 1583 4030 geminata
1596 3961 1623 4029 d,

318 4039 449 4093 reducere
468 4042 562 4093 autem
582 4039 703 4107 simplici
721 4040 826 4093 utimur
840 4041 1012 4107 Papinianus
1083 4055 1217 4094 renouare
1232 4039 1352 4108 simplici
1370 4040 1476 4094 utimur
1488 4041 1524 4095 R.
1544 4041 1622 4095 redo·

317 4137 383 4174 nare
403 4120 515 4173 corriecr't
535 4118 713 4173 Oomnrelinns
806 4124 837 4171 id
857 4123 889 4172 ut
906 4119 1012 4173 traiicit
1029 4119 1155 4173 traduxit
1172 4119 1213 4186 R,
1232 4122 1264 4174 ut
1281 4120 1377 4174 traicit
1395 4120 1520 4175 traducit
1538 4121 1622 4189 Papi·

317 4203 416 4254 rianua
489 4205 520 4251 12
540 4215 612 4266 quae
631 4198 789 4252 observatio
809 4229 842 4237 —
863 4205 895 4253 18
915 4200 1039 4254 diversus
1052 4218 1082 4268 p.
1104 4206 1147 4267 71,
1165 4207 1184 4255 8
1259 4217 1331 4269 quae
1349 4199 1509 4255 obseruatio
1528 4200 1622 4255 ortho

317 4280 451 4349 graphiae
466 4279 554 4333 mixta
568 4281 611 4332 est
626 4296 653 4331 s.
669 4271 843 4345 ὁρθοειτείαι.
872 4279 1016 4349 quaeritur
1031 4279 1117 4334 etiam
1131 4279 1154 4333 si
1168 4279 1254 4334 habet
1268 4279 1485 4334 destructionem
1500 4296 1580 4334 suam
1593 4279 1622 4333 R

373 4366 405 4414 13
424 4359 512 4414 habet
530 4357 796 4413 demonstrationem
811 4376 892 4412 suam
912 4362 1024 4414 coniecit
1043 4361 1177 4415 Sernlcrns
1250 4366 1282 4414 16
1301 4359 1349 4413 ille
1369 4359 1417 4427 qui
1436 4359 1542 4426 scribit,
1557 4378 1620 4415 cum

317 4440 347 4493 id
372 4442 446 4507 quod
469 4441 579 4495 dicatur
601 4437 784 4507 χαριέστατον
806 4438 841 4494 R.
880 4457 942 4494 eum
966 4441 995 4494 id
1019 4442 1093 4511 quod
1117 4440 1300 4511 χαριέστατον
1324 4443 1366 4493 est
1388 4439 1498 4493 dicatur
1521 4439 1622 4495 Bram-

318 4519 430 4574 baclrins
448 4522 564 4590 orthoqr.
584 4522 631 4574 lat.
646 4536 676 4588 p.
697 4524 723 4572 6.
752 4537 790 4573 nn
808 4520 923 4574 numid
947 4523 1021 4591 quod
1040 4523 1150 4576 dicatur
1173 4519 1356 4591 χαριέστατον
1376 4520 1430 4575 sit?
1457 4537 1621 4590 qnanrquanr

317 4600 408 4667 ipsura
431 4598 627 4668 χαριέστατον,
650 4601 722 4671 qnod
745 4617 778 4654 ecc
796 4603 926 4670 principe
949 4604 1065 4656 editione
1088 4604 1204 4667 retinui,
1227 4620 1283 4655 nort
1305 4603 1374 4656 calm
1392 4598 1551 4656 centcnr'est

317 4685 352 4733 20
376 4678 410 4733 de
434 4680 591 4735 litterarum
614 4681 764 4751 potestate]
785 4699 814 4749 p.
834 4687 879 4748 48,
899 4692 924 4736 8.
962 4683 1008 4735 sed
1030 4683 1070 4736 ibi
1092 4684 1125 4736 de
1146 4684 1328 4751 peminats'one
1350 4681 1360 4735 i
1383 4683 1491 4736 litterae
1517 4684 1620 4736 dictam

317 4776 374 4815 non
392 4766 437 4815 eat.
466 4761 550 4816 coicit
567 4763 598 4817 in
616 4781 648 4816 ca
665 4763 820 4831 quaestione
833 4763 954 4830 placitant
968 4767 1005 4815 est
1022 4780 1051 4830 p.
1062 4767 1106 4828 51,
1115 4769 1163 4828 20,
1182 4761 1265 4815 coicit
1283 4766 1308 4815 et
1327 4760 1394 4814 eicit
1411 4762 1491 4827 infra
1505 4778 1535 4829 p.
1547 4764 1622 4827 72,AE

366 4845 399 4894 2¹2
419 4840 454 4895 de
472 4860 490 4896 r
509 4841 616 4912 littera]
630 4860 660 4910 p.
680 4846 726 4905 18,
741 4850 767 4897 S.
787 4846 863 4901 ⁵8st
936 4847 970 4894 23
989 4841 1109 4896 retinere
1128 4842 1156 4894 R
