3316 5474
631 367 679 422 DE
699 366 989 423 onrflouuurffln
1395 368 1458 433 14⁵1

142 477 168 515 p.
183 467 243 507 2281
259 465 286 505 P.

143 637 321 711 Tluvul
338 638 469 711 LIBRI
482 639 887 713 ORTHOGRAPHIAE
905 638 1196 713 tantustantus
1215 639 1279 712 EX
1295 639 1462 725 Qt'lsst's

142 758 442 835 avonculuvs
461 763 711 837 SCRIBENDI
730 764 925 836 PERITIA
943 764 1125 837 DOAENO
1144 763 1462 837 PRAESTANTE

624 887 872 961 COLLECTA
901 887 989 960 EST

357 1048 370 1108 l
396 1048 440 1109 Ex
464 1049 583 1110 Annaeo
607 1042 739 1109 Co'rorrto
763 1047 799 1108 de
823 1051 1027 1110 enuntiatione
1050 1048 1096 1108 rel
1120 1048 1328 1129 orthographia

117 1169 133 1209 s
346 1155 372 1215 il
399 1154 443 1215 Ex
466 1154 547 1216 Velio
570 1154 670 1235 Longo

328 1261 369 1322 lll
396 1260 440 1321 Ex
463 1259 567 1322 Curtio
590 1261 744 1322 Valeriano

318 1368 372 1428 llll
398 1367 442 1428 Ex
466 1368 621 1447 Papiriano

346 1472 369 1529 V
396 1472 439 1533 Ex
462 1474 634 1534 Adamantio
657 1472 797 1553 hlartyrio
820 1474 857 1534 de
881 1472 899 1533 b
923 1483 953 1534 et
976 1493 992 1532 v

334 1578 369 1638 l'l
398 1580 441 1640 En
464 1580 603 1661 blartyrio
627 1580 663 1641 de
687 1580 793 1641 mediis
816 1579 934 1660 syllabis

109 1702 138 1741 ιο
317 1684 369 1746 Vll
401 1686 443 1747 En
467 1687 570 1747 eodem
595 1687 631 1747 de
656 1687 767 1747 ultimis
790 1685 908 1766 syllabis

304 1791 368 1853 Vill
395 1792 439 1853 Ex
463 1793 566 1854 eodem
590 1793 627 1854 de
650 1794 669 1854 b
692 1795 791 1855 littera
814 1794 958 1854 trifariam
981 1795 1012 1853 in
1035 1795 1154 1854 nomine
1178 1797 1273 1873 posita

291 1897 369 1959 Villi
397 1899 538 1980 Eutychis
561 1900 598 1960 de
621 1901 821 1981 adspiratione

344 2005 369 2065 X
396 2005 440 2066 Ει
464 2005 606 2067 Caesellio
630 2007 829 2088 orthographo
854 2007 975 2067 collecta
999 2015 1070 2066 sunt

331 2112 371 2172 iil
398 2111 442 2172 Ex
465 2112 557 2174 Lucio
580 2112 707 2174 Caecilio
730 2114 852 2175 Vindice
876 2114 1017 2175 deilorata
1041 2121 1112 2173 sunt

115 2239 142 2280 rs
317 2218 371 2278 xit
399 2218 441 2278 En
464 2218 616 2280 Prisciano
640 2220 782 2282 moderno
805 2227 927 2281 auctore
951 2220 1091 2308 decerpta
1115 2228 1193 2280 sunt

248 2360 475 2422 Commemorati
502 2369 572 2422 sunt
599 2371 736 2423 auctores
764 2363 1004 2443 orthographiae,
1032 2381 1068 2422 ex
1097 2363 1206 2441 quibus
1236 2362 1285 2424 alii
1312 2365 1391 2443 ipso,
1416 2363 1464 2424 alii

156 2476 381 2548 praeposterato
400 2468 504 2528 ordine
523 2468 629 2528 similia
648 2471 765 2550 dicunt,
788 2470 836 2530 alii
855 2488 925 2528 sero
945 2469 1061 2528 diversa
1080 2467 1261 2530 describunt
1294 2469 1346 2529 sed
1366 2472 1462 2529 omnia

157 2573 245 2635 nobis
275 2573 407 2635 absolute
436 2594 524 2636 nosse
552 2577 717 2638 conveniet.
753 2596 821 2638 nam
849 2584 879 2636 et
907 2575 948 2636 illi
976 2578 1027 2654 qui
1054 2579 1135 2656 paria
1166 2576 1270 2637 dicunt
1297 2577 1464 2637 communia

157 2681 237 2742 diota
256 2682 443 2762 confirmant,
467 2690 497 2742 et
519 2683 569 2741 isti
592 2683 642 2760 qui
663 2685 741 2742 varia
759 2690 874 2762 ponunt
892 2701 947 2762 per
965 2680 1054 2742 verba
1074 2683 1246 2764 multiplicia
1265 2692 1464 2761 commonent,

115 2810 144 2851 so
158 2806 249 2867 quem
277 2789 313 2849 ad
340 2789 459 2849 modum
488 2788 619 2849 scribere
643 2788 803 2850 debeamus
827 2797 856 2849 et
878 2788 968 2868 loqui.
1003 2808 1082 2850 rrunc
1106 2790 1178 2850 ordo
1202 2792 1382 2870 scripturae,
1409 2792 1461 2869 qui

158 2893 196 2955 ab
219 2897 349 2975 antiquis
370 2897 486 2975 pesitus
509 2898 713 2977 cognoscitur,
737 2895 828 2956 nihilo
851 2898 950 2957 minus
974 2906 1020 2957 est
1042 2895 1195 2958 dicendus.

159 3103 176 3167 I
191 3102 363 3168 ANNAEI
378 3102 572 3168 GORNVTI
587 3102 646 3168 DE
661 3101 999 3167 ENVNTIATIONE
1014 3103 1101 3168 VEL
1116 3102 1464 3169 ORTHOGRAPHIA

598 3207 698 3274 ISTA
716 3209 894 3275 RELATA
913 3208 1028 3275 SVNT

249 3358 448 3419 Animadverti
476 3358 632 3439 quosdam,
660 3357 765 3418 Aemili
792 3359 898 3437 amice,
927 3356 1061 3417 eruditos
1089 3360 1177 3419 etiam
1201 3377 1230 3419 m
1257 3358 1385 3420 litteram
1409 3376 1464 3418 nec

120 3465 213 3527 ²⁵ubi
240 3474 376 3545 oporteat
402 3466 535 3526 dicentes
564 3481 619 3523 nec
649 3462 699 3523 ubi
726 3470 862 3543 oporteat
889 3465 1117 3543 supprimentes.
1167 3464 1223 3524 hoo
1252 3484 1290 3525 ne
1319 3465 1369 3525 irat
1396 3463 1464 3524 hinc

161 3571 311 3633 observari
334 3575 458 3652 poterit,
481 3574 507 3632 si
530 3571 617 3632 simul
641 3569 798 3651 subiciam,
822 3570 919 3648 siquid
943 3569 979 3629 ad
1003 3578 1114 3630 rectam
1133 3572 1311 3649 scripturam
1336 3573 1466 3651 pertinet

162 3686 192 3738 et
220 3678 255 3739 ad
284 3679 456 3740 divisionem
485 3678 669 3758 syllabarum.
707 3680 798 3756 igitur
816 3655 851 3736 ¹si
878 3676 937 3737 diro
962 3675 1050 3737 verba
1081 3678 1311 3760 coniungantur,
1339 3696 1465 3756 qnorum

162 3787 244 3863 prius
266 3803 296 3845 m
326 3794 537 3846 consonantem
566 3787 753 3846 novissimam
782 3781 902 3862 habeat,
929 3785 1079 3862 posterius
1106 3802 1121 3843 a
1150 3783 1241 3844 vocali
1271 3786 1405 3865 incipiat,
1437 3804 1465 3845 m
1566 3778 1569 3783 ’

249 4058 263 4105 1
283 4052 474 4109 INCIPIUNT
494 4054 619 4109 TITULI
637 4051 694 4106 ΑΘ
755 4050 843 4104 Tituli
863 4084 894 4091 -
915 4052 1034 4108 collecta
1052 4055 1095 4107 est
1113 4069 1162 4107 ont.
1182 4052 1209 4105 Β
1279 4061 1297 4107 4
1315 4054 1356 4107 Ex
1375 4072 1464 4123 agneo

161 4130 229 4198 ΒΘ,
246 4133 278 4186 ist
291 4134 392 4188 lacuna
406 4135 625 4189 membranorum
639 4149 690 4187 om.
704 4131 748 4200 A,
767 4131 809 4184 Ex
824 4129 901 4186 Gneo
916 4148 945 4190 s:
965 4133 1006 4186 Ex
1020 4135 1135 4203 Agnaeo
1149 4140 1174 4188 ct
1188 4136 1219 4186 io
1232 4148 1317 4201 morp.
1339 4133 1465 4188 ‘Annaeo

162 4214 273 4281 quidam
298 4214 411 4269 oeterea’
434 4214 544 4281 Garris,
569 4215 641 4284 qaod
665 4214 765 4281 recepi,
789 4230 953 4281 quamquam
976 4213 1101 4267 dubitari
1120 4219 1208 4281 potest
1231 4230 1270 4266 on
1288 4214 1385 4280 Agneo
1408 4215 1466 4280 ipse

164 4292 352 4350 Cassiodorius
369 4296 510 4370 scripserit
582 4302 596 4349 7
616 4294 770 4364 papyrione
787 4294 815 4347 Β
891 4298 908 4347 8
927 4292 1053 4347 martirio
1071 4299 1185 4362 atroque
1203 4295 1259 4346 loeo
1278 4291 1412 4346 AUPor.

1199 4377 1217 4412 tr

165 4432 194 4480 tl
214 4426 366 4482 trifariaC
418 4429 520 4483 innone
539 4429 658 4498 positam
673 4428 700 4482 Β
758 4432 789 4480 12
810 4425 924 4495 Eutycis
938 4429 964 4480 A
985 4427 1089 4481 Entieis
1105 4427 1128 4481 Θ
1144 4425 1247 4479 Enchis
1261 4425 1288 4477 13
1303 4424 1385 4479 uticis
1399 4425 1464 4482 Por.

163 4504 203 4559 Ex
220 4507 319 4562 Eutice
338 4524 355 4566 ς
374 4507 415 4561 Ex
434 4508 559 4577 Eutyche
579 4508 678 4562 Carrio
735 4514 767 4562 13
788 4505 906 4559 Oesellio
925 4504 1016 4558 ABG
1069 4512 1101 4560 18
1120 4503 1288 4560 conuenient
1301 4504 1389 4558 ΑΒΘ
1402 4522 1465 4560 con·

163 4586 274 4645 uenits
337 4595 370 4641 22
390 4589 480 4658 Agnei
499 4588 592 4643 ABG
609 4586 680 4642 Gnei
699 4603 716 4645 ς
734 4587 841 4658 Agnaei
862 4585 959 4641 Carrio
1022 4590 1056 4638 23
1076 4584 1131 4638 ista
1149 4584 1239 4638 relata
1257 4586 1322 4637 sunt
1340 4586 1435 4640 oosC

164 4671 198 4719 24
211 4666 288 4720 emili
303 4666 414 4725 ΑΒΘς
478 4674 513 4731 26
533 4667 723 4722 obseruareO
783 4673 817 4721 28
837 4665 924 4736 prius]
945 4664 1065 4735 primum
1079 4665 1106 4717 A
1125 4663 1271 4732 primosi]
1330 4664 1468 4733 posteriue

165 4760 182 4799 a
205 4745 296 4801 nomli
322 4750 372 4801 aut
396 4747 542 4803 nccalibus
567 4748 686 4817 incipiet
709 4747 735 4800 A
762 4745 899 4816 pastorius
924 4761 942 4814 a
963 4742 1054 4813 popel}
1072 4746 1076 4812 Ι
1097 4759 1114 4796 a
1138 4742 1281 4797 noualibus
1304 4744 1423 4814 incipiat
1447 4744 1470 4799 Θ

165 4825 317 4893 postcrios.
335 4828 431 4894 (deleto
449 4829 542 4882 littera
559 4832 584 4881 et
601 4829 787 4896 superscripta
805 4829 832 4895 a)
851 4824 944 4879 uocali
961 4841 1033 4895 quae
1051 4842 1069 4879 a
1087 4822 1233 4879 noualibus
1251 4823 1371 4895 incipiat
1387 4823 1415 4876 Β

1203 4912 1255 4967 10*
