3316 5474
205 342 272 405 294
799 343 919 397 suurn

204 456 226 493 n.
240 445 295 486 28⁰4
309 445 334 484 P.

206 532 333 591 viscere:
363 528 510 609 Vergilius
539 522 628 612 (Aen.
668 529 730 591 VM
755 522 838 612 378)
870 525 922 590 ‘et
952 539 1048 590 torto
1079 529 1233 589 volitans
1264 529 1328 590 sub
1361 528 1517 590 verbere

207 631 328 696 turbo'
352 644 383 697 ct
406 635 529 697 Ovidius
553 631 710 697 ‘viscere
734 631 875 697 diviso'.

295 741 366 803 Vtor
390 743 499 804 divitiis
523 753 552 803 ct
575 744 700 805 divitias.

295 847 352 909 Ver
375 868 493 930 semper
517 849 714 929 singulariter.

294 955 423 1037 Verhex,
446 957 475 1018 id
500 959 644 1038 esteris,
668 956 705 1017 ab
728 977 745 1016 v
769 958 867 1019 littera
891 957 1100 1038 incipiendum.
1532 976 1546 1013 a

294 1064 422 1126 Vlterior
445 1072 474 1124 et
499 1063 621 1124 ultimus
644 1066 804 1144 positivum
827 1063 951 1143 gradum
975 1054 1034 1126 non
1059 1065 1176 1126 habent.

295 1169 389 1230 Verus
412 1168 447 1229 ad
473 1179 594 1230 naturae
620 1177 733 1229 tantum
759 1173 912 1231 veritatem
936 1172 1076 1254 refertur,
1101 1190 1187 1232 verax
1206 1182 1305 1233 autem
1328 1171 1438 1232 dicitur
1462 1177 1516 1251 qui

207 1296 265 1338 non
285 1280 436 1338 mentitur.
474 1277 552 1338 vinde
572 1284 603 1337 ct
621 1295 709 1336 verus
728 1278 853 1338 daemon
872 1278 931 1338 dici
954 1287 1066 1361 potest,
1090 1298 1177 1340 verax
1197 1288 1296 1340 autem
1322 1297 1381 1339 non
1406 1289 1515 1358 potest.

294 1384 446 1445 Vallestria
471 1402 623 1463 agrorum,
646 1387 725 1444 sicut
747 1394 778 1445 ct
801 1388 991 1467 campestria,
1014 1385 1162 1447 dicuntur.

294 1491 366 1551 Veto
386 1491 501 1571 culpam
521 1503 551 1551 et
570 1501 635 1552 veto
655 1492 755 1573 culpa,
773 1491 803 1552 id
822 1501 869 1554 est
886 1492 1030 1572 prohibeo
1050 1513 1065 1553 a
1085 1493 1185 1573 culpa:
1206 1493 1344 1555 Sedulius
1364 1489 1514 1572 ‘pomis
1535 1513 1560 1549 ro

206 1618 273 1677 quc
299 1608 435 1659 vetaret
459 1593 629 1680 acerbis'‚
657 1599 686 1659 id
711 1608 757 1661 est
779 1618 796 1659 a
819 1601 927 1680 pomis,
956 1609 986 1660 et
1008 1599 1190 1661 Fortunatus
1213 1595 1298 1661 ‘non
1322 1610 1402 1660 veto
1426 1612 1514 1661 con·

206 1707 354 1787 iugium,
378 1705 439 1766 sed
462 1705 630 1785 praeiere
654 1708 809 1787 virginis
832 1702 973 1767 alvum'.
1281 1702 1286 1711 ’

295 1811 399 1872 Vultus
422 1822 568 1892 mutatur,
592 1814 682 1873 iacies
708 1824 814 1875 manet.

295 1917 352 1978 Vae
380 1918 495 1980 dativus
523 1928 553 1980 et
581 1921 765 1981 accusativus
789 1923 875 1999 sequi
902 1919 1025 2005 debent,
1056 1939 1114 1980 non
1138 1919 1227 2001 alius,
1255 1929 1287 1981 ut
1311 1915 1374 1979 ‘vac
1402 1922 1515 2000 populo

206 2021 394 2087 Maurorum’
418 2035 448 2086 ct
471 2022 538 2086 ‘vae
563 2026 704 2106 populum
728 2022 923 2089 llaurorum'.
947 1997 958 2017 ο
1530 2046 1557 2084 rs

295 2131 424 2212 Vterque
444 2133 480 2194 de
500 2133 616 2193 duobus
636 2133 775 2214 dicimus,
799 2136 919 2214 utrique
939 2135 975 2194 de
995 2134 1074 2196 binis
1092 2143 1144 2195 aut
1162 2135 1198 2195 de
1218 2134 1354 2215 pluribus
1373 2153 1408 2194 ex
1434 2144 1513 2195 utra·

207 2257 265 2317 que
290 2248 373 2317 parte
397 2241 517 2320 positis,
541 2249 666 2318 uterque
690 2243 785 2319 venit,
809 2243 929 2320 utrique
954 2251 1107 2302 venerunt.

296 2343 424 2406 Veniunt
448 2347 499 2425 qui
522 2346 666 2426 vendunt,
690 2356 820 2408 veneunt
844 2349 896 2425 qui
920 2347 1097 2408 venduntur.
1146 2394 1147 2397 ,

295 2450 378 2512 Vltus
402 2461 432 2512 et
455 2453 619 2513 vindicatus
643 2462 673 2514 et
696 2455 827 2532 punitus

181 2571 188 2584 ·
294 2558 440 2621 Velocitas
462 2561 572 2640 pedum
596 2569 625 2621 ct
649 2580 821 2643 corporum,
845 2562 982 2623 celeritas
1005 2564 1174 2622 animorum
1198 2571 1227 2622 et
1252 2563 1405 2623 iacturum.
1530 2580 1558 2618 ro

295 2665 382 2728 Vlcus
406 2669 485 2748 quod
510 2671 650 2750 nascitur,
673 2669 780 2730 vulnus
804 2668 882 2749 quod
907 2687 961 2748 per
984 2667 1074 2728 alium
1098 2669 1138 2729 sn.

296 2775 400 2837 Vultur
424 2778 498 2838 dixit
521 2775 667 2856 Vergilius
691 2778 720 2835 in
745 2774 796 2856 Vl,
820 2775 872 2836 sed
896 2784 926 2836 et
950 2775 1097 2835 vulturius
1123 2774 1255 2835 Lucilius
1278 2777 1308 2835 in
1333 2775 1352 2836 1.

295 2884 403 2966 Vrgeo,
427 2904 485 2945 non
509 2904 635 2965 urgneo,
660 2883 805 2962 Vergilius
829 2876 918 2966 (Aen.
948 2875 1091 2965 l'1560)
1118 2877 1310 2962 ‘quibusve
1333 2895 1514 2962 urgentur

206 2987 365 3073 poenae',
390 3010 467 3070 ungo
492 2968 577 3072 irrisi,
600 3008 659 3070 quo
684 2990 770 3051 modo
797 2993 886 3069 pingo
911 2992 1005 3070 pinxi,
1034 2999 1194 3068 utrumque
1223 2992 1287 3050 sine
1312 3009 1345 3070 u;
1382 3000 1513 3052 attamen

205 3101 240 3160 ad
262 3118 369 3159 nomen
384 3098 548 3158 derivatum
565 3116 581 3156 u
598 3096 690 3177 addit,
711 3106 743 3157 ut
758 3090 867 3178 (Verg.
880 3116 986 3172 georg.
1003 3090 1153 3179 111450)
1169 3092 1332 3177 ‘pinguis
1353 3100 1513 3176 unguine
1529 3118 1556 3155 es

206 3201 341 3268 ceras':
365 3208 403 3265 ita
429 3203 489 3282 [nt]
516 3212 715 3282 rrirgucntnm,
740 3222 797 3263 non
822 3212 986 3281 ungentum
1011 3203 1135 3264 dicatur.

295 3311 423 3372 Verbum
444 3319 490 3372 est
508 3328 595 3369 omne
615 3309 693 3387 quod
718 3309 817 3387 lingua
836 3310 989 3388 prolcrtnr
1008 3320 1038 3371 et
1057 3329 1137 3370 voce.
1176 3329 1274 3372 sermo
1294 3319 1406 3391 autem,
1425 3313 1514 3372 civius

206 3439 314 3481 nomen
338 3438 373 3478 ex
402 3417 518 3479 duobus
543 3416 641 3476 verbis
665 3418 861 3496 compositum
886 3425 944 3496 cst,
976 3405 1102 3478 sere'ndo
1127 3426 1157 3477 ct
1182 3419 1342 3497 monendo,
1365 3421 1513 3497 comptior

206 3547 240 3588 ac
269 3526 439 3605 diligentior
467 3526 506 3584 tn.
551 3526 695 3584 sententia
725 3542 793 3582 vero
822 3541 896 3600 quae
928 3542 1018 3583 sensu
1047 3527 1222 3603 concipitur.
1264 3544 1353 3604 porro
1386 3525 1513 3606 loquela,

205 3633 322 3712 qnando
346 3621 414 3692 cum
440 3631 565 3710 quadem
589 3630 757 3708 eloquentia
780 3630 918 3689 dictionis
942 3629 1015 3689 ordo
1045 3634 1219 3710 pertexitur.
1258 3633 1366 3709 oratio,
1394 3632 1512 3709 quando
1527 3652 1555 3690 so

208 3760 302 3820 usquc
326 3740 362 3800 ad
386 3758 525 3800 manuum
549 3747 642 3798 artem
667 3735 881 3797 describendus
904 3740 1032 3798 oratoris
1051 3756 1149 3798 sermo
1173 3741 1316 3818 pervenit.

208 3863 417 3872 --.--——--

276 3920 292 3968 2
312 3911 439 3982 Ovidius]
459 3911 493 3978 cs.
508 3927 563 3969 exc.
584 3910 665 3965 Char.
682 3914 791 3978 pseu,
809 3913 846 3962 17
909 3908 1012 3980 diviso]
1032 3909 1139 3964 denisio
1161 3909 1189 3962 P
1250 3911 1388 3965 uuerbex
1407 3911 1433 3964 L
1451 3928 1512 3965 uer·

207 4013 260 4049 uex
280 3993 318 4048 M
334 4009 419 4047 uorax
440 3992 468 4045 P
538 3990 567 4045 id
587 3992 629 4044 esi
647 4006 698 4043 om.
717 3987 781 4042 PM
854 3995 887 4043 10
912 3991 940 4043 et
958 3992 1024 4043 ueto
1045 3991 1129 4059 culpe
1149 3991 1176 4043 P
1194 3992 1223 4045 11
1242 3994 1307 4044 ueta
1326 3990 1408 4058 eulpa
1429 3991 1466 4043 Μ
1484 3993 1513 4044 et

206 4076 271 4130 uelo
289 4091 307 4127 1
326 4072 409 4142 culpa
427 4071 476 4129 ςΙι
536 4076 567 4124 11
587 4087 703 4124 aceruus
723 4068 751 4121 P
806 4076 838 4123 11
857 4069 984 4124 datiuum
999 4073 1028 4124 11
1041 4072 1234 4125 accusaturum
1248 4071 1327 4139 sequi
1343 4071 1429 4126 debet
1443 4074 1512 4126 ML

250 4169 306 4207 non
324 4152 395 4206 ellos
414 4153 496 4205 1111
514 4166 567 4204 uec
587 4148 616 4202 P
632 4149 753 4203 1111111
773 4166 825 4204 uae
846 4150 925 4216 ML,
943 4150 989 4205 sed
1008 4149 1080 4203 alirrs
1099 4152 1214 4205 deletum
1232 4151 1264 4204 in
1283 4151 1319 4203 M
1373 4158 1404 4205 15
1423 4170 1512 4222 popu-

206 4231 275 4303 lum]
295 4231 450 4302 praemium
472 4230 500 4283 P
562 4235 595 4283 16
619 4229 653 4283 de
676 4228 783 4282 duobus
808 4230 995 4298 praedicimus
1017 4230 1045 4282 P
1116 4239 1149 4286 18
1168 4231 1292 4284 Veniunt
1317 4233 1364 4300 qui
1388 4233 1514 4287 vendunt

204 4329 254 4366 om.
272 4310 351 4380 ML,
370 4310 433 4366 add.
451 4310 478 4362 P
544 4310 676 4379 veneunt]
695 4312 816 4364 ueneant
837 4311 864 4361 P
929 4318 962 4364 22
982 4311 1121 4365 uulturius
1142 4311 1433 4379 uuaruicenses,
1453 4314 1512 4367 111-

205 4391 293 4447 torius
311 4391 407 4445 PML
483 4398 517 4446 28
535 4408 592 4446 non
610 4406 714 4461 urgueo
736 4388 763 4440 P
779 4406 834 4443 non
853 4408 942 4460 urguo
963 4394 1000 4446 M
1021 4409 1076 4447 non
1095 4409 1165 4463 urge
1184 4392 1232 4449 sL
1304 4399 1338 4446 25
1357 4394 1393 4448 sd
1412 4410 1514 4449 nomen

205 4488 254 4525 cm.
272 4469 353 4538 ML,
371 4471 479 4526 aaa?
543 4470 730 4525 deriuatiuum
751 4471 787 4523 M
853 4472 1050 4528 2611111]
1102 4479 1136 4529 28
1155 4471 1248 4527 verbis
1266 4477 1291 4527 cl
1310 4477 1354 4527 est
1367 4491 1416 4528 om.
1433 4475 1513 4539 ML,

205 4551 268 4604 odd.
290 4549 318 4602 P
388 4556 421 4604 29
445 4552 493 4621 qui
512 4570 595 4606 sensu
613 4550 742 4621 concepit
762 4549 790 4602 P
855 4557 889 4604 30
914 4553 1026 4621 quondo
1045 4555 1141 4622 priore
1165 4550 1223 4606 mco
1241 4567 1290 4607 mn.
1311 4555 1378 4608 ML
1450 4572 1513 4624 pro-

205 4628 310 4684 texitur
331 4629 402 4683 PM
418 4631 558 4700 prolerlur
577 4632 625 4690 eL
696 4639 729 4687 31
751 4629 884 4685 orationis
903 4648 998 4699 sermo¹
1014 4634 1050 4687 M
