3316 5474
214 298 220 304 ⁴
242 342 283 402 11
776 341 1008 397 1111111111

240 454 261 489 p.
275 444 333 482 2233.
349 445 375 482 34
388 442 412 481 P.

240 527 429 607 servandum,
458 535 489 587 ut
517 530 547 587 in
576 547 611 586 eo
639 527 717 604 quod
746 537 792 588 est
819 547 891 608 urps
919 539 949 589 et
978 532 1065 609 nupsi
1096 540 1126 591 et
1149 531 1232 610 pleps
1255 551 1289 591 ac
1312 535 1428 594 ceteris.
1470 534 1543 595 mihi

240 654 309 693 vero
335 635 431 714 placet
454 644 487 695 ut
510 637 539 694 in
564 635 653 695 latino
678 653 814 695 sermone
838 638 1021 715 antiquitatis
1045 636 1147 715 religio
1173 637 1177 712 1
1204 648 1353 717 servetur,
1381 649 1414 700 ut
1442 642 1544 719 potius

239 739 341 802 sorbui
371 741 431 820 [ut]
456 742 620 802 secundum
649 745 853 804 auctoritatem
883 743 1151 804 eruditissimorum
1183 753 1213 804 et
1240 745 1440 824 eloquentium
1466 749 1542 807 viro-

238 867 305 908 rum
329 848 470 930 dieamus,
493 868 580 928 quam
605 852 710 929 sorpsi,
734 870 801 910 cnm
826 869 931 911 recens
954 851 1026 911 haec
1050 850 1207 912 declinatio
1227 872 1242 911 a
1262 853 1372 914 sordidi
1396 857 1544 915 sermonis

238 957 309 1016 viris
329 958 469 1037 coeperit.
507 959 578 1017 item
598 959 675 1017 terni
696 966 726 1017 et
749 959 816 1017 trivi
840 976 899 1017 non
923 957 1059 1018 adscribo
1083 959 1152 1019 huic
1176 958 1377 1042 disputationi,
1401 962 1452 1022 sed
1472 981 1571 1025 coti-5

239 1062 405 1123 suetudinis
428 1081 520 1123 novae
544 1072 575 1124 et
597 1066 706 1123 veteris
726 1062 915 1124 adnotationi.
954 1082 1020 1125 nam
1039 1075 1069 1125 et
1089 1065 1234 1144 Vergilius
1253 1077 1375 1129 secutus
1394 1071 1543 1150 antiquos,

238 1187 306 1229 cum
329 1179 430 1248 posset
454 1169 553 1230 dicere
577 1173 704 1231 teruisse
728 1189 786 1231 non
811 1170 990 1251 impediente
1015 1182 1119 1252 metro,
1143 1173 1246 1234 maluit
1269 1173 1368 1235 dicere

398 1296 462 1338 nec
486 1286 519 1338 te
543 1281 729 1358 paeniteat
752 1279 886 1339 calamo
911 1281 1061 1340 trivisse
1085 1278 1253 1341 labellum

237 1393 267 1444 et
291 1380 389 1445 ‘hinc
413 1384 533 1445 radios
557 1388 691 1445 trivere
716 1380 832 1446 rotis'.

325 1491 401 1553 llinc
421 1503 583 1553 nascuntur
602 1495 689 1553 etiam
715 1494 897 1554 diversarum
922 1496 1168 1573 significationum
1193 1498 1391 1576 quaestiones,
1414 1499 1543 1557 actarios
1559 1521 1585 1560 ιο

238 1621 273 1661 111
307 1603 454 1660 actuarios
488 1610 517 1661 et
549 1600 647 1661 dicere
681 1610 711 1661 et
740 1601 870 1661 scribere
899 1599 1074 1683 debeamus,
1102 1620 1170 1662 cum
1193 1604 1341 1662 actuarios
1364 1602 1543 1680 generaliter

238 1708 356 1787 quidem
380 1706 416 1767 ab
440 1716 507 1768 actu
531 1707 721 1789 appellemus,
745 1711 871 1770 actarios
895 1728 964 1769 vero
988 1710 1150 1788 scriptores
1173 1718 1315 1770 actorum.
1354 1729 1488 1771 necnon
1513 1720 1543 1771 et

237 1832 305 1875 cum
329 1817 380 1894 qui
404 1823 501 1875 actum
526 1818 585 1894 agit
608 1818 772 1875 actuarium
796 1818 894 1876 vocari
919 1817 1089 1878 voluerunt:
1112 1819 1183 1877 item
1207 1815 1295 1876 alium
1316 1835 1381 1876 esse
1406 1815 1544 1892 cilonem,

236 1922 325 1982 aliurn
354 1920 514 2002 chilonem,
546 1929 576 1981 et
604 1920 715 1981 cilones
753 1923 850 1981 vocari
883 1921 1017 1982 homines
1054 1924 1170 2001 angusti
1207 1925 1311 2002 capitis
1346 1933 1377 1984 et
1409 1924 1538 2006 oblongi,

236 2029 368 2088 chilones
401 2047 471 2088 vero
503 2027 735 2105 improbioribus
771 2027 860 2088 labris
894 2029 1030 2089 homines
1060 2049 1075 2089 a
1105 2048 1211 2107 graeco
1246 2021 1335 2111 παρὰ
1366 2021 1404 2090 roi
1437 2030 1540 2111 χείλη.
1556 2054 1582 2093 ro

238 2136 302 2197 talis
322 2138 455 2214 quaestio
478 2144 524 2195 est
543 2144 571 2196 ct
590 2137 667 2194 circa
688 2135 826 2195 cohortes
846 2144 876 2196 et
894 2146 1021 2216 coortos,
1041 2135 1090 2196 ubi
1110 2136 1256 2196 diversam
1276 2136 1433 2197 voluerunt
1452 2140 1542 2217 signi-

236 2245 402 2304 licationem
423 2263 488 2303 esse
508 2245 699 2322 grammatici,
723 2253 755 2303 ut
775 2252 892 2304 coortas
912 2246 971 2303 sint
990 2243 1133 2324 villarum,
1156 2244 1235 2303 unde
1255 2244 1390 2305 homines
1409 2248 1543 2307 coorien-

237 2359 286 2410 tur
315 2352 426 2431 pariter
454 2345 541 2432 (oriri
570 2352 649 2411 enim
678 2350 754 2430 apud
783 2353 920 2429 antiquos
944 2369 1067 2429 surgere
1093 2352 1266 2429 frequenter
1289 2351 1485 2432 significabat,
1509 2362 1544 2414 ut

237 2466 358 2537 apparet
375 2477 409 2517 er
429 2477 464 2517 ee
484 2458 563 2536 quod
589 2457 697 2518 dicitur
722 2453 862 2517 ‘ori-ens
887 2456 1012 2516 consul
1039 2459 1247 2535 magistrum
1272 2456 1396 2536 populi
1420 2456 1543 2541 dicat',

237 2565 315 2642 quod
339 2572 385 2624 est
405 2559 558 2648 surgens):
581 2573 611 2625 at
630 2564 768 2624 cohortes
787 2564 913 2623 militum
933 2581 948 2622 a
969 2571 1069 2623 mutua
1089 2561 1301 2623 cohortatione.
1335 2582 1402 2623 nam
1422 2563 1591 2626 1111111111-

238 2671 373 2731 audimus
404 2672 524 2751 quidem
554 2672 649 2751 vulgo,
680 2670 730 2731 sed
762 2669 886 2730 barbare
917 2670 983 2729 dici.
1030 2668 1066 2728 de
1094 2671 1248 2748 superiore
1276 2669 1442 2731 dillerentia
1469 2673 1541 2733 mihi

238 2778 317 2837 alind
343 2779 458 2839 videtur
487 2773 570 2860 (oum
594 2781 732 2858 superius
756 2778 792 2837 de
816 2777 1015 2856 adspiratione
1039 2776 1187 2857 loquerer,
1218 2776 1335 2836 ostendi
1358 2776 1387 2837 id
1412 2797 1542 2862 quoque,

326 2969 415 3024 Codro
436 2970 585 3023 Parrhasii
623 2969 721 3039 turbs
741 2970 769 3022 et
787 2966 870 3035 nupsi
889 2969 917 3020 et
935 2966 1015 3035 plebs
1088 2965 1274 3023 4deolinatio
1290 2969 1340 3021 aut
1358 2967 1465 3023 sordidi
1484 2986 1541 3024 ser-

237 3048 327 3104 monis
345 3049 412 3103 uiris
431 3048 574 3118 coeperint
646 3053 662 3101 ὅ
681 3047 730 3101 sed
748 3045 943 3101 consuetudini
962 3045 1011 3100 sed
1028 3061 1119 3100 nouae
1138 3048 1167 3099 et
1185 3048 1274 3100 ueteri
1293 3047 1469 3103 adnotationi

237 3129 358 3199 'tpossit
429 3132 609 3200 Spoeniteat
682 3135 713 3181 11
734 3126 914 3196 generaliter]
934 3142 1017 3180 canes
1097 3132 1129 3179 14
1149 3129 1178 3181 et
1196 3127 1322 3198 oblongi]
1342 3132 1372 3182 et
1389 3129 1468 3198 longi

237 3215 269 3263 15
282 3209 503 3282 inprobioribus]
523 3211 552 3264 in
573 3208 763 3280 proprioribus
819 3212 850 3260 16
866 3209 908 3260 111
922 3205 995 3260 eirca
1051 3212 1082 3260 19
1097 3209 1216 3275 apparet
1228 3206 1258 3260 in
1274 3224 1306 3262 eo
1360 3215 1395 3263 20
1414 3211 1540 3282 chortes]

238 3289 365 3344 cohortes
447 3297 481 3345 22
502 3293 536 3346 de
556 3289 788 3360 adspirationem,
807 3287 854 3341 sed
871 3286 906 3339 de
920 3286 1016 3354 prima
1033 3304 1118 3341 maran
1137 3289 1219 3343 delete

324 3467 339 3514 3
365 3461 460 3515 sorbui
479 3461 630 3516 secundum
650 3457 848 3515 auctoritatem
866 3456 894 3510 R
984 3462 1000 3509 4
1024 3457 1093 3510 haee
1112 3456 1263 3511 declinatio
1283 3457 1388 3512 sordidi
1406 3461 1542 3515 sermonis

235 3539 310 3594 virus
329 3541 435 3610 ceperit
453 3542 481 3595 11
571 3548 587 3594 o
611 3541 658 3594 sed
678 3536 884 3603 consuetudini,
909 3537 958 3591 sed
980 3551 1070 3591 nouae
1089 3537 1118 3590 et
1142 3537 1231 3590 ueteri
1249 3536 1424 3591 adnotationi
1442 3538 1470 3591 R

237 3625 251 3674 7
272 3637 336 3673 eum
354 3620 444 3689 possit
462 3621 557 3675 dicere
573 3618 600 3672 R
681 3624 697 3672 8
717 3617 826 3687 necte]
852 3617 928 3686 Vorp.
949 3617 1033 3671 bucol.
1053 3622 1083 3682 2,
1102 3621 1138 3671 34
1217 3623 1233 3671 9
1253 3616 1330 3687 hinc]
1356 3616 1432 3686 Verp.
1452 3635 1540 3689 peorp.

236 3699 347 3752 11141
440 3705 471 3753 10
495 3699 615 3753 actarios
639 3717 676 3752 an
699 3695 839 3753 arbitorius
858 3701 940 3753 -,16
965 3693 1041 3763 χείλη
1067 3695 1159 3749 Veliae
1181 3696 1294 3766 Loapus
1319 3698 1396 3765 aperi
1420 3693 1541 3753 Cassiod.

232 3795 261 3846 p.
280 3783 361 3834 2287
421 3784 452 3830 11
479 3794 542 3831 enm
561 3777 699 3831 actuarios
718 3793 799 3831 eanes
818 3774 930 3844 quidem
949 3774 984 3828 R.
1004 3774 1122 3829 actuarii
1139 3776 1319 3830 nominantur
1337 3776 1453 3832 dirersis
1472 3779 1541 3833 1111-

153 3857 156 3862 ’
235 3858 286 3911 bus
299 3857 468 3927 generaliter
481 3859 610 3928 occupati
624 3856 926 3926 excerptaOoastoaortt
991 3861 1023 3908 13
1037 3855 1104 3908 item
1119 3855 1207 3909 alium
1221 3872 1281 3910 esse
1296 3856 1457 3912 cilonem—
1470 3866 1541 3928 'tho

235 3939 350 4006 possent
368 3943 521 4006 1161111
599 3943 633 3990 14
656 3937 724 3990 item
748 3934 826 3990 aliud
848 3936 892 3989 est
914 3951 974 3989 asse
999 3934 1130 4001 cilonem,
1154 3934 1232 3989 aliud
1256 3936 1402 3991 chilonem.
1436 3939 1541 3994 cilones

234 4019 370 4071 vocantur
388 4018 515 4074 homines
534 4018 647 4089 angusti
666 4016 766 4086 eapitis
782 4019 811 4069 et
829 4015 919 4085 longi,
939 4019 968 4069 et
985 4015 1204 4085 adspirationem
1218 4033 1274 4071 non
1293 4017 1387 4072 habet.
1417 4019 1541 4074 chilones

234 4114 299 4153 vero
323 4115 385 4152 eum
408 4099 597 4168 adspiratione
622 4097 719 4167 scripti
742 4113 759 4150 a
782 4094 955 4150 brevioribus
978 4094 1061 4149 labiis
1086 4096 1212 4151 homines
1237 4097 1397 4152 vocitantur
1414 4105 1541 4167 excerpta

236 4181 412 4237 Cassiodoria'.
441 4179 546 4235 cilones
566 4178 695 4234 dicuntur
713 4193 830 4247 quorum
846 4176 941 4246 capita
955 4176 1078 4245 oblonga
1091 4178 1121 4230 et
1139 4193 1298 4245 compressa
1317 4180 1394 4244 sunt,
1414 4179 1540 4234 chilones

234 4261 329 4316 antem
348 4277 411 4315 curn
425 4259 613 4330 adspiratione
633 4276 666 4313 ex
684 4275 785 4329 graeco
806 4276 823 4312 a
841 4256 927 4311 labris
945 4256 1171 4325 improbioribus,
1190 4275 1261 4327 quae
1280 4258 1324 4313 illi
1342 4261 1445 4313 vocant
1462 4261 1540 4328 χείλη

236 4340 379 4396 0111111111
393 4359 424 4412 p.
443 4346 508 4406 102,
527 4345 551 4393 1.
581 4338 685 4392 cilones
704 4354 821 4407 quornm
841 4336 936 4406 capita
956 4336 1081 4405 oblonga·
1098 4337 1211 4392 Placidi
1227 4340 1332 4408 plossae
1347 4355 1376 4406 p.
1396 4344 1444 4403 25,
1464 4345 1480 4391 5
1499 4339 1538 4392 ed.

234 4421 387 4492 Dcuerliag
464 4427 496 4475 16
516 4419 581 4474 talis
601 4418 729 4488 quaestio
748 4421 790 4472 est
809 4418 882 4472 circa
900 4418 928 4471 it
1014 4424 1046 4471 19
1074 4420 1191 4487 apparet
1208 4418 1237 4471 in
1257 4434 1290 4471 eo
1308 4417 1336 4470 it
1422 4423 1456 4471 20
1475 4433 1539 4470 nam

235 4502 325 4555 cortes
348 4502 476 4556 audimus
494 4501 522 4555 R
625 4508 657 4555 21
678 4501 792 4567 sortasse
811 4500 860 4554 sed
883 4499 1000 4552 barbare
1024 4498 1127 4553 dicitur
1226 4497 1296 4551 mihi
1319 4497 1397 4551 eliud
1420 4496 1540 4563 videtur,
1569 4557 1570 4560 Ἴ

234 4580 310 4647 quod
330 4596 392 4634 eum
406 4582 533 4651 superins
552 4583 586 4636 de
601 4579 773 4651 aspiratione
792 4577 934 4649 loquerer',
953 4578 1071 4634 ostendi.
1099 4577 1131 4630 ld
1149 4593 1260 4645 quoque
1279 4576 1359 4630 illum
1373 4575 1427 4630 sibi
1446 4576 1539 4631 laeum

235 4659 333 4715 iecisse
347 4660 382 4715 R.
397 4663 461 4716 hoec
479 4680 548 4732 qaae
565 4679 599 4716 aa
612 4662 751 4730 superiore
764 4660 950 4728 disputatione
963 4662 995 4714 dc
1009 4658 1197 4726 adspiratione
1212 4673 1242 4724 p.
1253 4661 1342 4722 68,14
1352 4673 1406 4724 sqq.
1418 4673 1436 4708 o
1449 4671 1539 4723 prom-

234 4741 335 4796 melico
353 4743 481 4810 repetita,
499 4743 545 4796 sed
562 4759 618 4797 non
636 4741 705 4794 satis
722 4745 785 4808 apte
802 4741 851 4793 boo
869 4741 925 4793 loco
943 4739 1105 4808 interposita
1122 4741 1201 4802 sant,
1218 4736 1259 4790 eei
1272 4742 1337 4805 post
1357 4743 1389 4790 1o
1408 4733 1485 4804 παρὰ
1504 4733 1538 4789 τὰ

235 4822 312 4892 χείλη
331 4820 372 4873 vel
385 4826 448 4888 post
468 4825 508 4886 te,
530 4827 545 4874 6
565 4821 641 4891 φῦλα
660 4817 691 4875 dt
712 4815 813 4887 φύλοις
831 4819 959 4873 videreta-r
977 4817 1182 4886 trampencnda
1202 4831 1255 4870 ease
