3316 5474
587 334 591 342 ’
647 379 696 434 nn
715 379 1003 435 ouruoeuueuu
1454 381 1474 443 9

168 575 240 628 suut
262 585 347 646 quae,
371 567 505 645 quamvis
528 583 588 625 nou
612 566 762 625 nominato
787 573 908 627 auctore
932 566 1099 646 tradantur,
1123 576 1220 628 tamen
1244 567 1315 625 satis
1339 564 1474 644 prohabi-

167 673 236 734 liter
259 672 295 733 ad
319 671 480 732 Varronem
504 672 611 732 relerri
634 674 757 751 possint.
794 690 897 732 rerum
924 671 970 732 his
1002 675 1119 732 omissis
1143 673 1293 733 satisfuit
1317 673 1407 731 certis
1430 673 1474 731 in·

167 780 254 840 diciis
276 778 446 859 probavisse
471 777 666 838 varronianae
690 777 842 839 doctrinae
866 781 987 858 vestigia
1011 798 1064 858 per
1089 788 1183 851 totum
1206 778 1316 839 librum
1339 778 1472 857 dispersa

169 905 246 966 esse,
268 904 304 946 ex
328 884 436 964 quibus
460 884 495 944 de
519 884 642 963 rquuis
665 884 826 965 probabilis
849 887 1019 946 coniectura
1043 887 1107 946 deri
1130 896 1240 964 posset.

258 992 361 1053 Restat
389 999 423 1052 ut
451 990 566 1052 dicatur
594 992 630 1051 de
661 993 698 1051 iis
726 1010 801 1070 quae
829 1000 897 1070 post
924 990 1031 1052 librum
1060 992 1096 1052 de
1125 991 1333 1070 orthographia
1365 993 1475 1071 scripta

168 1108 239 1160 suut
262 1098 298 1160 de
318 1097 456 1159 adverbio
480 1101 623 1178 temporis
642 1094 743 1180 ‘cum',
768 1100 804 1159 de
825 1117 880 1158 usu
900 1109 997 1178 atque=
1013 1091 1390 1179 scriptura'adrerbiorum
1413 1100 1474 1158 sire

169 1209 422 1287 praepositionum
445 1203 596 1286 localium,
624 1205 659 1265 de
683 1209 831 1286 scriptura
855 1225 909 1285 per
932 1209 942 1266 i
966 1205 1010 1265 vel
1034 1207 1062 1265 ci
1093 1205 1206 1266 litteras
1231 1204 1318 1265 etde
1342 1203 1475 1284 apicibus

169 1313 350 1393 litterarum,
373 1311 481 1391 quibus
506 1310 604 1371 addidi
627 1321 766 1391 excerpta
790 1314 826 1373 de
849 1311 1119 1392 praepositionibus
1143 1311 1275 1372 locorum
1306 1330 1342 1370 ex
1371 1311 1476 1371 eodem

169 1421 251 1479 loute
275 1420 371 1493 ducta,
395 1417 447 1478 sed
471 1420 501 1477 in
525 1418 734 1497 compendium
758 1420 876 1480 redacta
900 1428 930 1480 et
953 1438 1028 1479 noro
1053 1418 1251 1479 additamento
1275 1426 1376 1497 ancta,
1399 1436 1475 1496 quae

168 1530 200 1586 in
223 1525 325 1586 codice
349 1524 484 1585 Parisino
510 1522 596 1585 7520
619 1544 694 1585 saec.
720 1526 757 1585 xt
782 1544 850 1586 cum
874 1529 1023 1605 excerptis
1047 1545 1082 1585 ex
1112 1524 1264 1586 catholicis
1288 1523 1377 1584 Probi
1406 1542 1474 1584 cou-

168 1635 270 1692 iuncta
288 1631 427 1711 leguntur
447 1631 465 1690 l.
487 1630 515 1711 1,
534 1631 594 1690 Ars
614 1633 709 1691 Probi
727 1636 764 1693 de
789 1637 898 1693 ultimis
921 1636 1045 1709 opilabis
1069 1637 1156 1693 citius
1179 1636 1239 1691 sint
1263 1633 1475 1691 declinationis

170 1743 221 1800 rrel
242 1742 296 1798 ubi
316 1741 478 1798 terminent
497 1741 674 1814 penitiuruq.
714 1742 957 1816 Praepositioncs
975 1745 1109 1800 locorum
1130 1772 1170 1780 —-
1192 1740 1349 1798 irridebam.
1388 1738 1476 1797 Nrtnc

170 1850 209 1906 dc
231 1848 390 1907 catholicis
409 1848 560 1905 nominum
582 1847 804 1921 uerborumque
823 1849 985 1906 doceamus
1005 1853 1068 1924 sqq.
1088 1840 1191 1928 (Proh.
1211 1843 1315 1904 cathol.
1335 1862 1362 1922 p.
1382 1840 1411 1923 3,
1430 1840 1476 1923 2).

169 1952 217 2012 illa
242 1953 340 2032 igitur,
359 1969 434 2029 quae
454 1968 522 2011 cnm
542 1951 647 2011 Scauri
671 1951 746 2012 libro
766 1971 876 2012 conexa
896 1957 926 2013 in
946 1952 1099 2014 codicibus
1123 1954 1272 2033 leguntur,
1291 1969 1387 2029 neque
1408 1968 1475 2010 cum

170 2058 235 2139 hoc,
258 2061 336 2118 sicut
358 2057 432 2138 dixi,
460 2058 621 2118 cohaerent
651 2067 681 2119 et
710 2062 787 2120 inter
817 2080 848 2120 se
872 2062 970 2121 minus
994 2070 1074 2121 certa
1100 2060 1293 2140 dispositione
1318 2061 1475 2119 coniuncta

171 2171 249 2224 sunt.
287 2166 442 2249 maximqm
473 2172 571 2224 autem
595 2183 699 2225 eorum
722 2176 836 2245 partem
870 2167 994 2228 Varroni
1028 2167 1215 2229 tribuendam
1248 2184 1313 2227 esse
1347 2163 1475 2226 animad-

169 2273 258 2331 vertit
277 2269 482 2330 Lachmannus
504 2272 535 2330 in
554 2270 672 2331 Lucret.
692 2291 719 2351 p.
741 2271 812 2334 186.
846 2292 935 2352 quem
959 2282 1080 2336 secutus
1101 2274 1312 2334 Wilmannsius
1336 2272 1372 2332 de
1391 2270 1474 2332 Varr.

139 2426 142 2431 .
168 2377 235 2438 libr.
258 2394 379 2456 gramm.
403 2395 430 2455 p.
457 2374 520 2437 113
543 2379 663 2438 reiectis
688 2381 798 2460 patrois²
821 2398 896 2458 quae
920 2381 1126 2460 interpolatori
1151 2379 1307 2440 tribuenda
1331 2397 1397 2438 esse
1421 2396 1474 2456 pu-

170 2486 255 2563 tarit,
283 2482 395 2562 reliqna
423 2502 459 2543 ex
488 2483 627 2544 Varronis
656 2484 731 2545 libro
761 2486 796 2546 de
826 2490 1014 2565 grammatica
1047 2491 1139 2566 petita
1169 2489 1263 2566 iisque
1293 2485 1476 2562 interpositis

170 2590 319 2669 epilogum
340 2591 444 2651 Scauri
468 2593 497 2651 in
521 2590 594 2651 diras
617 2593 718 2671 partes
737 2592 919 2672 discerptum
939 2612 1005 2654 esse
1025 2597 1149 2654 censuit.
1185 2613 1251 2654 nam
1271 2593 1305 2652 ad
1328 2592 1477 2670 epilogum
1511 2628 1515 2637 ·

170 2696 238 2755 libri
261 2696 296 2756 de
320 2695 529 2775 orthographia
554 2716 587 2756 ea
611 2716 729 2777 quoque
755 2718 828 2778 quae
852 2700 921 2759 huic
950 2703 1027 2778 parti
1052 2700 1220 2779 subscripta
1244 2707 1314 2760 sunt
1337 2719 1363 2776 p.
1388 2694 1476 2756 2264

170 2806 347 2864 breuitatem
376 2806 467 2863 hotius
495 2806 590 2864 libelli
611 2823 675 2883 sqq.
699 2806 862 2865 revocanda
891 2825 956 2865 esse
980 2809 1165 2866 existimarit.
1200 2814 1302 2884 postea
1326 2803 1477 2863 Usenerus

170 2895 245 2969 mus.
269 2909 362 2969 Rhen.
390 2929 416 2968 r.
441 2909 531 2970 xxtv
556 2905 595 2992 (a.
622 2905 723 2993 1869)
746 2932 774 2990 p.
799 2909 842 2970 94
865 2930 928 2990 sqq.
957 2911 994 2972 de
1026 2921 1085 2972 tuta
1117 2913 1172 2972 hac
1200 2919 1298 2991 parte,
1326 2927 1412 2988 qnam
1441 2928 1476 2968 ex

81 3016 89 3027 ‘
172 3015 316 3076 Beruensi
345 3014 447 3076 codice
480 3015 663 3076 emendatam
693 3016 839 3099 exhibuit,
868 3020 908 3078 ita
932 3019 1105 3101 disputavit,
1133 3029 1166 3079 ιιι
1196 3036 1255 3079 nun
1285 3016 1381 3076 solum
1404 3015 1477 3075 haec

170 3124 277 3201 omnia,
300 3140 375 3200 quae
399 3124 428 3182 in
453 3122 502 3182 illu
526 3122 627 3182 codice
651 3131 717 3201 post
738 3124 843 3184 Scauri
861 3124 969 3186 librum
990 3129 1101 3205 scripta
1120 3134 1198 3204 sunt,
1222 3145 1257 3184 ex
1277 3126 1381 3203 quinto
1400 3121 1476 3182 libro

171 3229 207 3288 de
236 3246 372 3289 sermone
401 3228 491 3289 latino
520 3231 697 3307 transcripta
725 3239 755 3290 et
782 3230 897 3291 duabus
920 3232 1055 3310 partibus
1079 3231 1187 3310 epilogi
1212 3231 1385 3307 interposita
1409 3246 1475 3287 esse

171 3335 401 3416 demonstraret,
429 3338 644 3396 verumetiam
668 3346 805 3415 excerpta
830 3338 940 3398 codicis
963 3337 1105 3411 Parisini,
1136 3355 1210 3415 quac
1234 3334 1322 3395 modo
1345 3334 1420 3414 disi,
1449 3343 1478 3393 et

172 3439 277 3501 similia
300 3440 444 3519 quaedam
467 3441 504 3501 de
527 3441 796 3520 praepositionibus
824 3442 956 3504 locorum
984 3454 1159 3523 praecepta,
1191 3461 1266 3522 quae
1297 3440 1373 3519 apud
1406 3439 1478 3499 alios

171 3549 377 3626 grammaticos
406 3546 560 3628 leguntur,
595 3548 631 3609 ah
662 3548 708 3608 his
739 3568 774 3609 ex
805 3549 909 3610 eodem
941 3559 1041 3611 vetere
1076 3551 1169 3629 sonte,
1200 3551 1286 3609 cuius
1317 3566 1389 3608 usus
1420 3545 1478 3605 illis

171 3663 291 3732 paratus
319 3655 439 3734 luisset,
468 3657 594 3733 repetita
621 3675 687 3716 esse
716 3658 906 3717 existimaret.
945 3666 975 3717 et
1004 3657 1142 3718 Varronis
1174 3656 1292 3736 quidem
1322 3661 1479 3732 praecepta

172 3778 238 3820 esse
258 3778 332 3838 quae
352 3761 381 3818 in
401 3758 454 3819 hac
475 3768 558 3839 parte
578 3763 750 3823 reseruntur
770 3773 885 3823 certum
906 3773 958 3823 est.
997 3782 1063 3824 nam
1083 3773 1113 3823 et
1133 3781 1240 3823 nomen
1260 3764 1324 3820 eius
1348 3760 1477 3838 disputa-

173 3869 246 3927 tioni
269 3866 305 3925 de
324 3864 471 3926 adverbiis
488 3866 632 3928 localibus
650 3871 866 3949 praescriptum
886 3878 931 3930 est
949 3890 977 3948 p.
993 3868 1089 3950 2262,
1109 3879 1139 3930 et
1159 3888 1191 3929 ea
1211 3887 1286 3947 quae
1306 3867 1342 3926 de
1362 3865 1477 3925 diversa

172 3976 319 4052 scriptura
349 3974 465 4032 numeri
493 3974 649 4052 singularis
679 3983 708 4035 et
732 3975 854 4054 pluralis
878 3980 964 4057 peri
988 3977 1032 4037 vel
1057 3981 1084 4037 ei
1107 3984 1264 4056 praecepta
1288 3982 1358 4034 suut
1382 3971 1478 4032 eidem

173 4079 346 4142 tribuuntur
365 4098 391 4157 p.
411 4075 507 4140 2255.
539 4081 591 4141 sed
616 4100 675 4141 non
698 4085 797 4142 minus
820 4092 935 4144 certum
960 4104 1025 4145 esse
1048 4093 1121 4165 puto
1145 4083 1287 4163 quaedam
1312 4098 1387 4158 quae
1408 4078 1477 4138 Var-

172 4189 255 4248 ronis
278 4205 338 4247 non
362 4192 430 4246 sunt
454 4187 585 4249 immixta
614 4207 710 4267 neque
740 4192 836 4249 omnia
862 4192 904 4250 sic
929 4198 961 4251 ut
985 4210 1064 4251 nrrnc
1088 4191 1226 4269 leguntur
1250 4186 1345 4248 abeo
1369 4185 1479 4262 scripta

173 4313 249 4354 esse.
286 4292 433 4372 epilogum
461 4300 560 4354 autem
585 4295 688 4354 Scauri
712 4295 815 4356 alienis
839 4298 987 4375 excerptis
1011 4297 1195 4374 interpositis
1221 4297 1251 4354 in
1281 4292 1354 4350 duas
1377 4297 1478 4367 partes

173 4401 299 4460 divisum
323 4417 389 4458 csse
413 4417 517 4477 parum
546 4399 695 4478 probabile
720 4410 774 4462 est.
813 4421 879 4461 nom
903 4411 936 4462 nt
959 4400 1088 4461 clausula
1118 4400 1185 4459 libri
1209 4400 1245 4459 de
1269 4395 1478 4474 orthographia

173 4524 227 4586 per
247 4523 278 4565 se
297 4505 428 4585 perlecta
448 4513 478 4565 et
501 4505 633 4567 absoluta
658 4516 713 4588 est,
736 4510 776 4567 ita
800 4526 836 4567 ue
860 4511 889 4567 iu
914 4507 960 4567 his
984 4507 1103 4585 quidem
1127 4524 1202 4584 qnae
1227 4512 1377 4564 extremae
1401 4505 1479 4582 parti

173 4612 342 4691 subscripta
366 4621 436 4672 sunt
459 4612 619 4691 quidquam
648 4612 842 4673 desideratur.
880 4611 1079 4672 memorabilis
1103 4630 1172 4671 vero
1196 4619 1242 4671 est
1264 4610 1353 4670 huius
1377 4612 1479 4689 partis,

174 4719 211 4780 de
240 4737 296 4797 qua
327 4718 468 4797 dicimus,
497 4718 658 4779 similitudo
687 4736 754 4778 cum
784 4716 859 4777 libro
889 4717 925 4777 de
954 4717 1170 4797 orthographia.
1208 4735 1274 4777 nam
1300 4735 1358 4776 uun
1382 4715 1478 4775 solum

174 4823 295 4885 eaedem
320 4842 368 4884 res
392 4843 467 4903 quae
491 4827 521 4885 in
545 4825 594 4886 illo
620 4833 759 4885 tractatae
784 4826 840 4885 iam
865 4832 950 4884 erant
973 4826 1081 4884 iterum
1105 4832 1270 4886 tractantur
1288 4824 1318 4882 in
1337 4822 1383 4882 his
1403 4839 1478 4901 quae
