3316 5474
620 381 669 434 DE
689 382 977 438 ORTHOGRAPHIA
1403 389 1447 452 45

138 565 377 626 observaverunt
413 570 537 642 atridam
573 576 607 627 at
640 573 776 645 paullum
807 573 934 646 repetito
965 571 1067 630 eodem
1098 574 1240 631 elemento
1270 574 1451 648 scriberem,

138 675 222 746 quod
243 675 319 733 milti
339 690 399 735 aaa
423 677 556 749 uidetur,
580 679 721 750 quoniam
745 681 903 738 carentiari
924 681 1006 738 raalio
1029 678 1124 755 motio⁸
1135 686 1247 754 potest,
1271 687 1300 739 et
1323 698 1382 741 raon
1405 687 1451 741 est

140 797 264 840 neeesse
287 783 321 841 id
341 782 488 856 seribere,
511 785 594 857 qaod
617 786 647 842 in
672 786 763 845 rerho
786 802 846 857 nep
869 792 962 844 sonet.
1000 786 1071 843 item
1095 802 1258 860 reprensus
1282 793 1312 845 et
1331 804 1449 846 remens

142 887 206 946 sine
230 885 429 966 adspiratione
453 887 608 949 scribenda
633 909 699 950 esse
724 890 865 951 docuerat
889 889 1020 951 Scaurus
1042 908 1071 968 p.
1094 886 1192 971 2256,
1214 894 1353 953 similiter
1375 911 1448 969 pec·

140 999 213 1053 caret
235 1026 272 1035 —
294 997 362 1054 item
386 999 441 1069 qai
462 998 665 1072 reprehensas
688 1015 757 1057 cam
776 1000 986 1073 adspiratione
1004 999 1152 1072 scribunt,
1177 1016 1244 1058 eam
1264 1018 1329 1059 eam
1345 1002 1449 1076 prima

136 1104 329 1176 positionem
353 1103 473 1183 haheat,
496 1110 527 1163 et
547 1105 687 1163 similiter
711 1106 874 1178 uehemens,
898 1121 965 1163 eam
990 1122 1010 1163 a
1034 1107 1064 1162 ri
1090 1108 1196 1165 mentis
1220 1107 1352 1166 dicatur.
1390 1123 1448 1183 quo

140 1215 275 1286 spectare
302 1218 427 1288 possunt
455 1209 527 1270 haec
556 1211 632 1289 apud
662 1210 794 1290 Longum
818 1232 847 1292 p.
871 1207 967 1284 2229,
991 1219 1020 1270 et
1043 1213 1081 1272 de
1104 1214 1123 1271 a
1147 1216 1250 1273 littera
1279 1215 1449 1288 queaeritar,

139 1333 219 1389 quae
246 1333 280 1376 se
305 1323 360 1377 aat
383 1320 513 1377 inseruit
536 1319 691 1377 vocalibus
714 1326 769 1378 aut
788 1322 982 1396 praeposuit:
1005 1321 1142 1394 inseruit,
1166 1328 1199 1380 at
1221 1323 1253 1380 in
1277 1322 1338 1391 liis,
1363 1320 1448 1378 relte-

134 1429 221 1482 'mens
240 1425 446 1499 reprehendit,
469 1442 537 1484 eam
556 1429 758 1500 elepantiores
779 1433 808 1486 rt
827 1434 987 1487 remeatum
1003 1428 1110 1486 dicant
1123 1434 1152 1487 et
1171 1428 1328 1502 reprendit
1342 1444 1449 1487 seran·

140 1531 210 1589 dam
221 1533 355 1607 primam
369 1535 565 1608 positionem
582 1537 702 1609 prendo
724 1537 802 1594 enim
819 1536 956 1609 dicimus,
975 1552 1034 1594 raon
1051 1536 1217 1610 prehendo.
1254 1535 1352 1594 minus
1367 1541 1448 1593 certa

139 1644 209 1697 sunt
234 1648 309 1716 quae
333 1636 370 1698 de
384 1657 457 1699 sono
481 1658 603 1719 graecae
627 1639 743 1701 litterae
767 1640 796 1702 Ψ
819 1641 895 1721 apud
919 1639 1039 1701 Latinos
1058 1658 1112 1719 per
1130 1659 1166 1719 ps
1185 1639 1230 1700 vel
1245 1639 1280 1700 hs
1296 1638 1446 1699 eliciendo

139 1742 281 1823 leguntur
295 1744 372 1825 apud
388 1744 533 1807 Scaurum
546 1766 574 1826 p.
590 1743 687 1827 2261,
711 1750 853 1822 paeoniam
872 1766 973 1825 perp
996 1754 1062 1807 ets
1085 1765 1123 1807 ea
1147 1748 1340 1821 scribuntur,
1369 1764 1449 1821 quae

139 1853 225 1927 apud
244 1852 379 1912 Graecos
402 1855 434 1919 in
458 1851 488 1913 Ψ
510 1855 652 1914 desinant
669 1888 706 1896 —
723 1857 779 1915 sed
800 1856 885 1915 arabis
910 1861 1070 1928 attritasque
1089 1873 1148 1930 per
1168 1871 1205 1929 ps
1227 1855 1349 1913 uidetur
1371 1855 1448 1913 seri·
1475 1896 1487 1919 ,

140 1958 278 2033 heredum,
302 1961 445 2033 quoniam
464 1978 504 2019 ex
522 1962 569 2021 his
589 1959 618 2021 Ψ
636 1965 739 2022 littera
758 1968 881 2036 constet,
905 1968 935 2020 et
954 1960 1030 2041 apud
1054 1960 1189 2040 Longum
1212 1979 1239 2039 p.
1255 1956 1353 2041 2224,
1376 1977 1447 2034 pao·

139 2067 223 2125 aiam
250 2083 288 2126 ea
316 2083 396 2140 qaae
419 2068 505 2144 apud
530 2085 584 2128 nos
608 2065 637 2127 Ψ
660 2071 792 2128 litteram
818 2074 929 2128 sonaret
954 2074 1065 2143 pataret
1088 2069 1230 2143 plerique
1255 2085 1313 2143 per
1337 2087 1360 2144 p
1383 2074 1449 2127 ets

138 2173 317 2246 scribenda,
348 2175 489 2247 quoniam
517 2181 548 2234 et
577 2176 692 2235 Graeci
712 2177 994 2251 praememoratam
1022 2172 1052 2234 Ψ
1079 2177 1212 2234 litteram
1240 2181 1383 2236 constare
1413 2168 1448 2234 ἐκ

138 2275 200 2340 τοῦ
226 2285 268 2340 πῖ
291 2272 346 2340 καὶ
375 2293 406 2359 a,
435 2289 465 2342 et
496 2299 523 2360 p.
549 2277 635 2341 2233
663 2285 805 2356 paeoniam
834 2299 1043 2357 qaaecumque
1072 2282 1158 2358 apud
1181 2282 1317 2342 Graecos
1336 2301 1396 2358 per
1420 2280 1450 2342 Ψ

138 2386 320 2447 sarriuntur
343 2390 428 2463 apud
448 2406 502 2449 aas
521 2407 623 2465 perp
647 2397 675 2449 et
697 2409 712 2448 s
734 2391 900 2450 scribenda
922 2390 990 2448 sint.

229 2491 354 2554 Nomina
378 2503 546 2568 auctorum,
576 2512 704 2573 quorum
727 2503 882 2575 praecepta
906 2495 1116 2574 grammaticus
1139 2494 1173 2554 ad
1198 2504 1293 2556 artem
1317 2495 1447 2556 scrihen·

140 2598 207 2660 dam
230 2599 373 2675 adhibuit,
396 2600 540 2681 appellata
563 2611 633 2662 sunt
656 2600 737 2663 haec.
775 2602 881 2663 Accius
905 2602 940 2662 de
964 2603 1161 2681 geminatione
1185 2602 1330 2662 vocalium
1354 2605 1446 2662 nomi·

141 2714 229 2767 natus
252 2715 299 2767 est
322 2727 349 2787 p.
373 2705 469 2768 2220.
512 2707 617 2768 Lucilii
641 2708 677 2767 de
697 2709 906 2787 orthographia
933 2716 1092 2788 praccepta
1116 2728 1151 2769 ex
1177 2727 1254 2769 nono
1279 2717 1447 2770 saturarum

140 2812 216 2873 lihro
236 2813 384 2893 adscripta
402 2823 471 2875 sunt
490 2834 518 2894 p.
533 2812 630 2876 2220.
646 2812 742 2875 2225.
762 2813 857 2876 2227.
894 2834 930 2876 ex
950 2814 1103 2875 Ciceronis
1123 2815 1247 2877 Oratore
1266 2818 1358 2895 petita
1379 2824 1448 2876 sunt

139 2929 299 3000 praecepta
326 2920 363 2982 de
391 2924 610 3001 praepositione
639 2924 683 2981 ab>
708 2942 736 3002 p.
760 2919 848 2982 2224
871 2933 901 2983 et
923 2922 960 2983 de
984 2941 1009 2981 v.
1029 2926 1276 2997 posmeridianas
1299 2942 1327 3002 p.
1352 2920 1449 3002 2231,

140 3045 176 3087 ex
206 3025 292 3087 lihris
321 3025 358 3087 de
388 3036 520 3108 oratore,
550 3036 584 3088 ut
614 3028 743 3109 videtur,
778 3028 918 3090 iudicium
950 3028 986 3088 de
1017 3031 1168 3090 rusticano
1200 3032 1347 3090 sermonis
1375 3048 1449 3090 sono

139 3152 168 3212 p.
192 3128 288 3194 2216.
326 3133 460 3194 eiusdem
484 3136 687 3195 testimonium
711 3135 747 3195 dc
770 3137 886 3213 gemina
910 3138 919 3194 i
943 3138 1136 3196 consonantis
1159 3135 1225 3196 loco
1248 3138 1345 3215 posita
1369 3134 1448 3195 uude

140 3243 267 3321 petitum
286 3242 334 3321 sit,
356 3260 416 3301 non
435 3248 558 3301 constat.
596 3240 735 3302 Varronis
755 3242 918 3302 doctrinam
937 3241 1086 3322 adscripto
1106 3245 1224 3302 nomine
1248 3250 1302 3303 ter
1320 3260 1447 3302 comme-

140 3349 280 3429 morarit,
302 3347 339 3409 dc
363 3367 388 3408 v.
412 3349 531 3408 larena
554 3366 581 3426 p.
605 3344 707 3428 2230,
731 3348 767 3409 de
791 3367 816 3407 v.
841 3351 956 3408 deliras
979 3368 1006 3428 p.
1031 3345 1132 3430 2233,
1161 3349 1197 3409 de
1222 3368 1246 3408 1.
1271 3349 1449 3408 Mercurius

140 3474 168 3535 p.
187 3451 284 3535 2236,
308 3473 383 3534 quae
402 3456 500 3515 omnia
522 3452 607 3514 libris
630 3453 667 3513 de
687 3472 823 3514 sermone
842 3453 933 3516 latino
953 3455 1058 3517 trihuit
1075 3454 1289 3516 Wilmannsius
1308 3455 1344 3516 de
1363 3453 1446 3515 Varr.

141 3560 189 3622 lih.
212 3579 335 3641 gramm.
357 3580 386 3641 p.
410 3558 453 3621 92
477 3579 520 3639 sq.
559 3559 654 3620 Verrii
677 3559 775 3621 Flacci
794 3563 959 3622 sententiae
984 3561 1020 3622 de
1044 3561 1152 3623 litteris
1175 3565 1247 3623 item
1271 3570 1317 3623 ter
1338 3561 1448 3622 relatae

141 3676 212 3729 arnt
229 3688 258 3750 p.
273 3664 370 3729 2215.
394 3664 489 3761 2216.
515 3663 610 3728 2238.
646 3666 699 3728 has
723 3666 756 3727 0.
776 3666 938 3729 lltrelleras
960 3669 1051 3747 praei.
1071 3667 1149 3729 Fest.
1168 3688 1195 3748 p.
1214 3667 1279 3728 lllV
1302 3668 1338 3729 ad
1357 3667 1449 3729 lihros

140 3774 176 3835 de
196 3775 415 3855 orthographia,
434 3793 509 3854 quos
524 3773 661 3834 Verrium
681 3775 837 3853 scripsisse
857 3774 1019 3835 Suetonius
1038 3774 1075 3834 de
1094 3774 1199 3836 illustr.
1218 3793 1340 3855 gramm.
1360 3794 1385 3836 c.
1408 3771 1447 3834 19

140 3891 245 3944 auctor
274 3890 335 3962 est,
368 3883 524 3942 revocavit.
568 3879 664 3940 Verrii
687 3879 784 3940 Flacci
820 3889 914 3942 aetate
946 3899 1006 3943 non
1047 3880 1139 3942 multo
1169 3882 1328 3942 inleriores
1358 3882 1449 3941 luisse

140 3988 279 4050 ridentur
302 3988 448 4050 Antonius
471 3987 567 4048 liuius
589 3996 620 4048 et
642 3986 740 4049 Nisus.
778 4005 794 4047 e
818 3987 928 4066 quibas
952 3989 1097 4050 Antonius
1120 3988 1216 4050 liuius
1239 3988 1329 4049 semel
1355 3990 1447 4048 nomi·

141 4103 228 4156 uatus
252 4103 299 4156 est
320 4114 348 4175 p.
367 4090 453 4155 2231
474 4094 510 4154 de
529 4113 548 4173 q
567 4093 678 4175 littera3
701 4102 855 4173 praeterea
879 4095 956 4175 apud
977 4114 1069 4157 unum
1089 4094 1303 4166 Quintilianum
1322 4094 1334 4154 l
1354 4091 1385 4175 5,
1403 4090 1446 4153 43
1531 4150 1537 4155 .

142 4205 206 4263 eius
229 4204 341 4263 mentio
365 4209 452 4263 extat.
494 4201 557 4262 Nisi
586 4218 693 4261 nomen
721 4199 777 4260 suh
805 4202 895 4261 finem
923 4201 992 4262 lihri
1015 4200 1193 4282 appellatum
1217 4210 1263 4261 est
1286 4201 1445 4279 quinquies

141 4328 169 4388 p.
193 4303 290 4369 2235.
318 4303 415 4369 2236.
442 4304 538 4369 2237.
580 4307 707 4386 denique
736 4326 824 4368 suum
856 4310 951 4387 ipsius
983 4327 1090 4369 nomen
1120 4310 1151 4367 in
1182 4305 1315 4384 exemplo
1345 4306 1446 4383 posuit

142 4417 351 4496 grammaticus
374 4433 401 4494 p.
426 4412 523 4495 2224,
546 4432 605 4474 raon
629 4417 773 4474 dicebant
795 4433 815 4475 a
840 4415 952 4490 leupo,
975 4417 1032 4475 sed
1053 4413 1092 4488 as
1110 4414 1223 4487 Lonpo.

677 4642 914 4652 —--.-——-·
