3316 5474
236 382 299 446 196
770 380 999 437 casslobuml

227 494 242 529 p
265 483 319 522 asos
334 482 359 520 r.

228 568 297 644 quia
321 584 349 625 m
373 565 471 626 littera
495 568 662 645 praeposita
686 568 865 644 scripturam
888 568 1024 626 mutavit:
1048 567 1147 624 ferveo
1171 568 1274 646 etiarn,
1302 567 1328 625 si
1351 567 1381 624 in
1404 570 1538 642 praeter·

229 674 270 732 itu
298 673 431 751 perlecto
461 673 534 733 iervi
562 673 644 751 lacit,
667 691 720 751 per
745 692 774 754 v,
802 675 851 733 oui
873 675 962 733 etiam
985 690 1041 750 ego
1066 675 1158 750 magis
1180 672 1345 748 adsentior,
1372 672 1398 729 si
1429 668 1539 749 terbui,

227 797 282 858 per
301 778 320 838 h
338 789 450 840 mutam
470 779 631 865 scribeturj
651 781 690 838 ita
710 789 817 859 tamen,
836 782 862 838 si
881 782 993 858 primae
1008 781 1225 857 coniugationis
1243 797 1276 838 ac
1297 780 1407 858 primae
1426 778 1538 856 speciei

227 886 317 947 verba
346 876 405 947 nbn
435 887 554 947 scierint.
591 886 638 946 illa
667 890 745 947 enim
774 906 828 966 per
852 886 871 946 b
899 896 1011 946 mutam
1039 886 1223 965 scribentur,
1255 895 1288 946 ut
1310 883 1404 944 libero
1425 882 1538 943 liberas

228 992 363 1073 liberavi,
392 992 526 1072 guberno
551 993 699 1071 gubernas
723 993 899 1074 gubernavi,
926 992 1058 1054 exubero
1081 992 1228 1053 exuberas
1250 990 1422 1069 exuberari,
1449 987 1568 1049 sibilo⁵

228 1099 329 1160 sibilas
358 1100 489 1181 sibilavi,
521 1098 624 1160 dubito
652 1100 770 1161 dubitas
798 1099 942 1180 dubitari,
974 1098 1082 1159 hebeto
1109 1099 1233 1158 hebetas
1260 1097 1408 1177 hebetavi,
1440 1094 1538 1156 titubo

228 1206 339 1267 titubas
364 1207 500 1288 titubavi,
523 1206 623 1267 habitu
647 1205 761 1266 habitas
785 1205 921 1266 habitari.
958 1208 1147 1285 excipiuntur
1166 1208 1259 1269 invito
1278 1213 1309 1264 et
1331 1203 1433 1264 derivo
1456 1205 1538 1263 iuxta

228 1315 374 1374 rationem
393 1333 482 1392 quam
502 1317 641 1393 superius
657 1313 793 1393 diximus,
808 1331 927 1373 omnem
945 1314 1072 1391 primam
1088 1310 1245 1372 verborum
1260 1310 1398 1390 syllabam
1417 1319 1539 1389 praeter

229 1419 302 1479 haec
326 1439 400 1499 quae
424 1420 512 1500 paulo
535 1429 604 1481 ante
629 1423 849 1482 numeravimus
872 1438 926 1499 per
950 1438 967 1476 v
991 1418 1094 1499 scribi,
1124 1421 1262 1497 quoniam
1287 1421 1316 1478 iu
1340 1427 1370 1478 et
1392 1416 1429 1478 de
1452 1435 1537 1497 prae·

229 1531 392 1607 positiones
415 1547 481 1588 esse
506 1542 593 1588 nemu
616 1526 739 1588 dubitat.
780 1528 883 1605 navigo
902 1528 981 1586 enim
1000 1534 1031 1585 et
1052 1544 1156 1585 acervo
1181 1519 1233 1586 ἐπὶ
1255 1522 1317 1585 τοῦ
1341 1515 1479 1604 nuperius
1503 1541 1538 1583 ae
1553 1534 1582 1574 ¹⁰

229 1634 296 1694 talia
320 1637 349 1694 in
375 1637 493 1695 numine
513 1634 589 1694 datis
614 1633 805 1694 subserviunt
828 1632 947 1711 regulis.
985 1640 1015 1692 et
1038 1631 1111 1692 haeo
1131 1650 1249 1710 quoque
1270 1633 1385 1710 species
1408 1620 1448 1689 iu'
1462 1628 1538 1689 duas

228 1750 328 1821 partes
355 1742 503 1802 dividitur.
545 1760 613 1802 nam
642 1744 666 1800 si
695 1739 834 1818 disyllaba
863 1740 988 1818 luerint,
1015 1740 1192 1817 scripturam
1218 1736 1386 1816 mutabunt,
1417 1746 1450 1797 ut
1472 1735 1539 1795 levo

228 1849 307 1909 levas
326 1847 430 1930 levavi,
454 1867 539 1907 servo
559 1866 659 1908 servas
678 1849 806 1927 servavi,
830 1863 921 1905 curvo
940 1863 1046 1905 curvas
1065 1847 1198 1925 curvavi,
1222 1863 1296 1904 novo
1317 1861 1406 1904 novas
1424 1845 1538 1923 novavi,

229 1973 283 2014 ovo
308 1973 376 2014 ovas
400 1958 496 2034 ovavi,
520 1963 644 2034 excepto
667 1953 750 2014 orbo.
788 1970 855 2012 nam
885 1951 972 2011 turbo
996 1971 1012 2010 a
1036 1951 1122 2012 turba
1147 1954 1265 2012 nomine
1289 1950 1473 2011 descendens
1500 1950 1538 2010 ba

320 2150 333 2196 1
354 2161 438 2213 quam
456 2143 582 2196 litteram
601 2142 762 2211 praeposita
780 2140 917 2209 scriptura
935 2139 1056 2194 mutauit
1074 2139 1164 2194 ABG
1216 2140 1302 2194 etiam
1321 2140 1364 2209 ei].
1377 2139 1430 2194 etsi
1449 2138 1541 2193 ABG

265 2230 282 2276 2
302 2223 347 2277 cui
366 2226 440 2278 esset
458 2240 526 2280 corr.
542 2223 585 2277 cui
601 2222 686 2277 etiam
700 2220 729 2274 B
748 2220 826 2274 onius
840 2219 898 2273 AO
950 2220 973 2272 si
988 2219 1078 2273 ierbni
1092 2220 1119 2273 B
1138 2220 1198 2274 fieri
1217 2220 1306 2274 ferbui
1321 2221 1348 2274 A
1366 2219 1457 2274 ferbui
1475 2221 1538 2287 (oar.

230 2302 265 2371 ai)
285 2304 309 2356 0
330 2303 419 2358 ferbui
441 2305 536 2357 tamen
557 2301 655 2355 Carrio
727 2299 975 2354 ‘inumeranimus
994 2303 1054 2356 AB
1075 2301 1333 2356 memorauimueC
1403 2306 1437 2354 1o
1454 2316 1538 2353 nemo

230 2384 344 2438 rubrus
354 2384 382 2436 Β
396 2400 452 2437 non
467 2382 597 2436 auertant
607 2380 667 2434 au
715 2381 973 2435 emrurroeeru
983 2381 1011 2434 Β
1025 2383 1314 2446 maurannetus,
1324 2397 1375 2434 om.
1385 2379 1414 2446 u,
1430 2375 1538 2432 aarum

230 2457 344 2530 σωρεόω
359 2462 473 2516 editores
529 2466 562 2513 14
576 2461 613 2514 ba
627 2459 754 2528 syllabae
769 2458 876 2526 Carrio,
895 2460 932 2514 ha
946 2462 1054 2530 syllabis
1068 2464 1093 2515 A
1114 2463 1151 2515 ha
1166 2461 1276 2530 syllaba
1289 2460 1317 2513 B
1336 2459 1373 2512 ha
1392 2457 1541 2527 syllabae¹

657 2641 771 2647 ..—.--
784 2643 1081 2651 --.---...---..---

684 2760 867 2817 MARTYRII
886 2762 935 2817 DE
955 2764 976 2817 B
995 2765 1042 2818 ET
1061 2765 1086 2817 V

231 2933 328 2991 servio
348 2931 468 3008 serviri,
492 2929 623 3006 exceptis
647 2926 743 2987 lambo
768 2928 885 2989 lambivi
904 2949 938 2989 ac
962 2929 1083 3010 talibus,
1106 2931 1174 3008 quia
1200 2948 1227 2988 m
1249 2929 1345 2989 littera
1370 2930 1538 3008 praeposita

231 3039 409 3116 scripturam
429 3037 565 3095 mutavit:
589 3035 688 3094 iervuo
708 3039 812 3115 etiam,
831 3036 995 3114 perlectum
1016 3039 1041 3096 si
1062 3037 1134 3096 iervi
1154 3037 1233 3114 lacit,
1252 3054 1306 3113 per
1326 3055 1341 3093 v
1361 3035 1538 3114 digammon,

230 3147 278 3204 cui
304 3146 392 3203 etiam
416 3162 470 3221 ego
495 3144 587 3220 magis
610 3141 758 3221 adsentio,
782 3143 807 3201 si
831 3141 928 3202 lcrbui
951 3144 1034 3222 lacit,
1057 3161 1111 3222 per
1134 3140 1153 3200 b
1178 3151 1287 3202 mutam
1312 3140 1474 3202 scribetur:
1497 3144 1537 3201 ita

230 3260 343 3330 tamen,
367 3252 392 3309 si
415 3251 526 3329 primae
551 3249 768 3327 coniugationis
792 3267 825 3308 ac
854 3250 966 3325 primae
994 3251 1103 3327 speciei
1131 3247 1219 3308 verba
1245 3266 1303 3307 nun
1333 3248 1452 3308 luerint.
1488 3246 1538 3307 illa

229 3359 308 3417 enim
332 3373 386 3435 per
410 3354 428 3414 b
452 3364 562 3415 mutam
588 3352 757 3414 scribentur
765 3402 773 3433 ,
797 3361 830 3414 ut
858 3353 951 3414 libero
975 3353 1083 3413 liberas
1106 3354 1240 3435 liberavi,
1269 3353 1402 3433 guberno
1430 3352 1567 3431 guber-⁶

231 3480 284 3520 nas
303 3458 479 3540 gubernavi,
498 3459 584 3520 sibilo
603 3459 703 3519 sibilas
723 3460 849 3540 sibilavi,
868 3459 971 3519 dubito
990 3458 1107 3519 dubitas
1126 3459 1270 3540 dubitaui,
1289 3460 1395 3520 hebeto
1416 3460 1537 3520 hebetas

232 3565 382 3647 hebetari,
407 3566 501 3625 titubo
526 3564 636 3626 titubas
655 3564 791 3643 titubavi,
815 3564 914 3624 habitu
934 3563 1047 3624 habitas
1067 3565 1201 3627 habitavi.
1239 3568 1427 3644 excipiuntur
1446 3569 1537 3627 invito

232 3680 263 3730 ct
281 3672 383 3730 derivo
403 3673 483 3730 iuxta
505 3672 650 3730 rationem
669 3688 758 3748 quam
777 3672 915 3747 superins
934 3669 1074 3750 diximus,
1097 3690 1215 3731 omnem
1234 3675 1358 3751 primam
1378 3672 1537 3733 verborum
1575 3738 1578 3743 ,

231 3775 368 3855 syllabam
397 3785 515 3854 praeter
551 3776 623 3835 haec
652 3794 727 3853 quae
761 3774 848 3853 paulo
877 3783 944 3835 ante
973 3779 1211 3837 enumeravimus
1239 3797 1292 3857 per
1320 3798 1337 3836 v
1370 3778 1536 3857 digammon

230 3881 334 3963 scribi,
362 3883 500 3960 quoniam
525 3884 555 3941 in
579 3889 609 3940 ct
638 3881 675 3941 de
699 3882 938 3959 praepositiones
962 3899 1027 3941 esse
1051 3901 1067 3940 a
1091 3885 1208 3943 nemine
1233 3883 1395 3944 dubitatur.
1433 3887 1537 3963 navigo
1554 3898 1580 3935 10

231 3990 309 4050 enim
339 3998 370 4049 et
396 4007 501 4048 acervo
531 3981 582 4048 ἐπὶ
611 3984 672 4046 τοῦ
700 3979 838 4066 superior
867 4005 900 4046 ac
932 3986 998 4047 talia
1030 3989 1060 4048 in
1091 3991 1210 4050 nomine
1241 3991 1316 4050 datis
1348 3983 1539 4050 subserviunt

230 4095 349 4174 regulis.
382 4106 412 4156 et
435 4095 507 4155 haec
527 4112 645 4173 qrroque
666 4096 780 4172 species
803 4094 834 4152 in
853 4093 926 4153 diras
949 4103 1049 4173 partes
1073 4095 1221 4156 dividitur.
1258 4115 1325 4155 nam
1349 4098 1374 4155 si
1397 4094 1537 4175 disyllaba

230 4204 355 4284 luerint,
387 4205 565 4281 scripturam
595 4199 763 4279 mutabunt,
791 4208 824 4259 ut
851 4199 916 4260 lcvu
944 4200 1023 4260 levas
1051 4200 1155 4282 levavi,
1183 4221 1269 4262 scrv'o
1293 4221 1392 4262 servas
1415 4205 1538 4281 servavi,

230 4328 321 4370 curvo
350 4329 456 4370 curvas
484 4310 617 4388 curvavi,
645 4325 721 4368 novo
744 4325 834 4366 novas
857 4310 974 4386 novavi,
1002 4327 1057 4367 ovo
1081 4315 1149 4367 uvas
1177 4311 1273 4389 ovavi,
1300 4316 1424 4388 excepto
1453 4308 1539 4367 orbo.

230 4435 297 4476 nam
330 4416 416 4478 turbo
445 4436 460 4476 a
490 4415 576 4476 turba
607 4417 725 4475 nomine
754 4413 938 4474 descendens
970 4414 1006 4474 ha
1034 4414 1161 4495 syllabae
1193 4416 1376 4494 posteritatis
1408 4413 1537 4474 detinuit
1552 4428 1578 4465 15

319 4603 333 4649 1
355 4595 477 4665 exceptis
495 4595 588 4648 lambo
603 4594 690 4648 lambi
709 4595 742 4647 N
757 4595 867 4649 lambeo
886 4594 992 4648 lambni
1006 4595 1130 4664 exceptis
1148 4594 1176 4646 P
1225 4594 1293 4662 qnia
1306 4609 1356 4648 om.
1370 4592 1409 4658 N,
1428 4593 1492 4647 acici.
1513 4592 1541 4644 P

283 4680 299 4725 3
322 4673 392 4727 lacit
410 4681 473 4742 pont
499 4674 589 4730 ferbui
610 4691 660 4727 om.
680 4673 708 4725 P
794 4674 953 4742 bgubernu
972 4692 1002 4728 as
1021 4676 1067 4730 avi
1086 4675 1206 4729 exubero
1225 4690 1256 4727 as
1274 4672 1320 4727 avi
1338 4672 1420 4726 sibilo
1440 4672 1468 4724 P

230 4759 247 4808 8
264 4754 381 4821 fortasse
399 4754 487 4808 invito
506 4759 536 4809 et
554 4754 649 4810 devito
735 4759 750 4806 9
770 4754 994 4808 enumeravimus
1012 4755 1041 4808 P
1055 4752 1260 4809 numeravimus
1279 4752 1312 4806 N
1395 4757 1429 4805 10
1452 4767 1469 4804 a
1489 4769 1535 4806 ne·

230 4832 317 4905 mine]
336 4831 442 4887 nemini
461 4833 489 4885 P
560 4840 592 4886 13
611 4832 717 4887 fuerint
736 4831 764 4886 P
780 4830 864 4886 inerit
881 4830 915 4883 Itv
