3316 5474
733 378 925 434 exosum
1411 373 1476 440 347

175 478 328 529 amma

266 563 412 642 Tempora
449 562 606 624 verborum
644 572 718 642 quot
755 561 847 625 sunt?
896 563 979 643 Tria,
1020 579 1175 642 praesens,
1216 563 1409 640 praeteritum
1446 568 1476 621 et
1498 573 1572 623 waes

177 671 310 731 futurum
326 716 333 729 .
348 670 399 730 sed
419 672 573 750 praeteriti
592 672 735 749 temporis
754 672 870 750 species
893 678 955 730 tres
975 678 1059 748 sunt,
1082 668 1270 751 imperfecta,
1292 668 1424 747 perfecta
1448 674 1478 727 et

176 776 472 856 plusquamperfecta.
510 775 563 836 llic
590 794 694 837 eorum
724 785 890 857 temporum
918 776 1107 836 differentias.
1145 775 1290 836 Praesens
1318 782 1380 856 est,
1410 792 1478 835 cum

176 885 302 964 agimus,
331 893 364 944 ut
390 883 467 963 lege:
496 901 563 944 nam
591 902 650 944 non
679 903 801 963 possum
830 884 929 945 dicere
959 881 1038 963 lego,
1071 883 1127 943 nisi
1158 881 1228 944 dum
1257 884 1288 942 in
1317 885 1381 963 ipso
1410 891 1477 943 actu

149 1003 242 1051 osum
266 1039 273 1051 .
297 992 430 1053 futurum
459 1000 516 1072 est,
544 1010 612 1052 cum
641 991 736 1053 adhuc
764 1011 851 1072 agere
879 991 1035 1071 polliceor,
1063 998 1096 1050 ut
1123 989 1217 1069 legam
1249 1037 1256 1049 .
1284 990 1479 1070 praeteritum

175 1099 382 1178 imperfectum
424 1108 483 1180 est,
529 1117 597 1160 cum
639 1100 772 1179 coepisse
814 1097 969 1178 aliquando
1007 1095 1116 1175 aliquid
1154 1105 1184 1158 et
1220 1115 1279 1157 non
1316 1098 1478 1178 perfecisse

176 1224 230 1266 nos
262 1206 441 1280 indicamus,
473 1214 507 1267 ut
539 1204 698 1267 clamabam
727 1253 734 1264 .
764 1207 959 1286 praeteritum
991 1205 1157 1283 perfectum
1190 1213 1248 1286 est,
1281 1222 1349 1264 cum
1382 1221 1479 1283 nuper

176 1311 286 1391 aliquid
310 1331 364 1373 nos
389 1314 494 1374 fecisse
519 1313 732 1394 significamus,
760 1322 792 1374 ut
822 1312 880 1392 legi
903 1360 910 1374 .
933 1313 1127 1391 praeteritum
1155 1311 1479 1391 plusquamperfectum

176 1430 236 1501 est,
258 1439 327 1481 oum
350 1439 409 1482 non
434 1439 543 1502 nuper,
567 1421 619 1482 sed
642 1420 814 1482 iamdudum
837 1420 949 1499 aliquid
971 1421 1132 1500 perfecisse
1156 1437 1211 1479 nos
1234 1420 1418 1499 intimamus,
1446 1425 1480 1477 ut

138 1542 163 1580 ro
177 1525 314 1604 legeram.

264 1634 412 1696 Personae
435 1633 594 1694 verborum
618 1642 690 1712 quot
713 1629 805 1695 sunt?
841 1633 931 1714 Tres,
953 1635 1049 1713 prima
1072 1651 1147 1713 quae
1171 1633 1316 1714 loquitur,
1343 1640 1377 1692 ut
1399 1630 1479 1713 lego;
1500 1646 1572 1697 19833

176 1741 306 1802 secunda
328 1741 364 1801 ad
388 1759 475 1821 quam
499 1740 645 1819 loquitur,
669 1751 702 1801 ut
725 1740 812 1822 legis3
836 1743 924 1802 tertia
947 1740 983 1801 de
1007 1759 1066 1821 qua
1088 1740 1235 1820 loquitur,
1259 1750 1292 1801 ut
1316 1739 1394 1818 legit.

265 1848 413 1909 Defectiva
437 1847 525 1908 verba
549 1866 623 1927 quae
648 1844 740 1908 sunt?
777 1847 858 1918 Quae
882 1849 913 1906 in
937 1846 1133 1908 declinatione
1152 1847 1306 1929 deliciunt,
1330 1846 1360 1907 id
1378 1854 1425 1907 est
1447 1848 1478 1906 in
1498 1861 1559 1912 aeae

175 1974 284 2033 genere
309 1955 355 2015 vel
378 1974 506 2034 persona
529 1955 574 2015 vel
597 1956 804 2034 coniugatione
829 1953 874 2014 vel
897 1963 1045 2034 tempore,
1073 1962 1103 2014 et
1131 1957 1199 2034 quia
1226 1955 1369 2016 uniformi
1391 1953 1478 2014 modo

136 2076 162 2116 ιι
177 2062 283 2122 durare
312 2081 372 2123 non
400 2071 541 2142 possunt,
571 2060 609 2121 oh
638 2060 668 2121 id
696 2060 839 2122 defectiva
867 2061 1009 2122 dicuntur
1036 2107 1043 2122 .
1072 2079 1181 2140 genere
1210 2064 1301 2141 igitur
1328 2060 1479 2141 deficiunt,

176 2188 243 2230 cum
268 2178 372 2230 neutra
396 2169 610 2249 significatione
634 2177 768 2248 tempore
790 2170 941 2248 praesenti
964 2167 1000 2228 ad
1023 2170 1169 2246 passivam
1193 2170 1322 2248 speciem
1345 2170 1376 2228 in
1394 2185 1478 2248 prae·

176 2280 264 2338 terito
288 2285 422 2356 tempore
445 2283 623 2360 transeunt,
638 2284 671 2335 ut
694 2275 790 2336 audeo
813 2294 903 2337 ausus
922 2294 1003 2357 sum,
1026 2274 1139 2354 gaudeo
1158 2277 1276 2354 gavisus
1295 2293 1376 2355 sum,
1399 2274 1480 2335 soleo

176 2383 281 2445 solitus
305 2402 370 2444 sum
394 2403 402 2443 :
426 2401 485 2443 non
508 2383 588 2442 enim
611 2400 771 2462 possumus
794 2382 831 2444 de
854 2385 1016 2462 praeterito
1038 2390 1173 2462 tempore
1201 2382 1302 2444 dicere
1332 2381 1449 2461 gaudini
1472 2429 1479 2442 .

176 2493 315 2570 quoniam
339 2488 446 2550 durum
472 2498 500 2549 et
524 2499 612 2568 turpe
636 2487 773 2569 sonabat,
795 2499 984 2551 mutaverunt
1002 2489 1044 2550 illi
1064 2492 1227 2569 scriptores
1246 2492 1354 2550 artium
1373 2507 1480 2550 sonum

136 2611 163 2650 ιο
177 2597 213 2658 de
233 2599 394 2677 praeterito
412 2605 546 2675 tempore
565 2598 674 2674 passivi
692 2595 788 2677 verbi,
811 2608 845 2658 ut
863 2597 979 2658 conlido
998 2598 1128 2658 confisus
1147 2617 1226 2659 sum:
1250 2615 1317 2658 nam
1336 2596 1480 2658 absonum

177 2712 240 2765 erat
260 2704 359 2765 dicere
383 2696 520 2785 confidi!

672 2841 732 2907 DE
755 2841 983 2908 ADVERBIO

267 2954 343 3026 Quid
368 2964 413 3015 est
436 2949 630 3014 adverbium?
666 2952 738 3013 Pars
767 2956 923 3035 orationis,
950 2972 1008 3033 qua
1036 2953 1149 3014 adiecta
1178 2952 1268 3013 verbo
1296 2955 1480 3015 manifestior
1499 2985 1573 3037 203„

177 3065 270 3123 oratio
290 3060 439 3142 redditur,
462 3071 496 3121 ut
514 3060 600 3120 docte
620 3060 708 3140 dixit,
730 3059 854 3140 pulchre
874 3062 953 3143 fecit,
977 3060 1053 3121 hene
1072 3062 1200 3140 scripsit.
1237 3059 1381 3122 adverbia
1400 3060 1479 3122 unde

138 3181 164 3221 2⁶
180 3165 364 3231 nascuntur?
401 3168 459 3227 lat
486 3186 502 3227 a
530 3187 584 3229 sua
611 3169 757 3248 positione
786 3176 837 3229 aut
865 3167 902 3227 ab
930 3167 994 3228 aliis
1022 3167 1157 3248 partibus
1186 3170 1328 3228 orationis
1351 3188 1359 3229 τ
1382 3187 1397 3228 a
1426 3188 1479 3230 sua

178 3281 255 3339 enim
278 3278 425 3357 positione
450 3283 627 3356 nascuntur,
656 3285 689 3336 ut
712 3275 777 3336 lieri
800 3293 909 3356 nuper;
937 3274 973 3335 ab
997 3274 1061 3335 aliis
1084 3285 1183 3335 autem
1206 3274 1418 3359 traducuntur,
1447 3286 1480 3338 ut

177 3386 282 3446 doctus
312 3383 411 3464 docte,
441 3384 559 3461 sapiens
588 3383 737 3461 sapienter
765 3429 772 3443 .
800 3380 938 3442 adverbia
965 3391 1064 3442 autem
1092 3399 1166 3460 quae
1197 3383 1227 3441 in
1255 3400 1273 3442 e
1299 3381 1479 3460 productam

178 3502 287 3553 exeunt
310 3490 346 3551 ab
371 3509 405 3550 eo
429 3491 547 3550 nomine
571 3491 708 3569 veniunt,
731 3488 810 3568 quod
833 3492 864 3549 in
887 3488 985 3550 dativo
1009 3489 1151 3569 singulari
1174 3487 1339 3549 olitteram
1363 3491 1481 3572 accipit,

268 3655 500 3723 fTempora-
532 3660 564 3706 12
583 3653 655 3723 legit
672 3669 722 3707 orn.
742 3652 785 3720 M,
812 3653 923 3708 auae
1013 3651 1400 3722 seauteumagtmuen

179 3734 430 3806 acum]qu0u13
502 3733 606 3804 legam]
625 3733 690 3804 lega
708 3750 771 3804 gam
792 3732 820 3786 Β
892 3732 1003 3804 deum]
1023 3736 1055 3787 ui
1072 3734 1100 3787 Β
1173 3741 1205 3789 12
1225 3735 1262 3789 ed
1285 3750 1367 3801 quem
1390 3731 1480 3801 loqui·

177 3819 223 3870 tur
241 3820 273 3871 ut
289 3815 366 3884 leges
385 3814 412 3866 Β
484 3814 560 3883 leget
573 3814 601 3867 Β
673 3819 707 3868 13
725 3813 755 3867 in
773 3813 923 3868 declinatio
943 3813 981 3867 M
1048 3811 1078 3867 id
1097 3819 1112 3868 e
1129 3814 1160 3868 in
1178 3831 1281 3884 genera
1299 3813 1345 3868 uel
1363 3829 1481 3882 persona

178 3899 224 3951 uel
243 3915 293 3966 per
311 3895 508 3965 coniugatione
527 3894 573 3949 uel
590 3897 717 3964 tempore
735 3894 771 3961 B,
790 3910 841 3948 om.
862 3894 899 3947 M
971 3899 1005 3948 14
1023 3895 1053 3948 el
1070 3894 1148 3967 quia]
1172 3898 1204 3948 ul
1221 3894 1289 3964 quia
1306 3893 1379 3947 ΒΜ
1448 3900 1480 3947 15

178 3977 264 4047 igilur
282 3978 309 4030 Β
328 3992 395 4046 ergo
416 3974 452 4028 M
522 3982 555 4029 16
573 3992 637 4029 cum
656 3976 756 4029 neuim
772 3973 801 4027 Β
820 3991 882 4028 oum
901 3973 1041 4029 neutralia
1060 3973 1115 4029 M.
1127 3975 1244 4042 sortasse
1257 3991 1321 4029 cum
1334 3992 1368 4029 ex
1382 3978 1482 4030 neuim

178 4057 380 4129 significatione
407 4055 540 4125 temporis
567 4053 722 4124 praesentis
802 4054 967 4126 praeterito]
995 4055 1136 4124 praesenti
1163 4054 1191 4108 B
1273 4061 1305 4108 17
1333 4057 1365 4109 ut
1390 4055 1480 4109 audeo

178 4156 260 4194 ausus
288 4156 350 4192 sum
376 4135 484 4204 gaudeo
513 4133 625 4203 gauisus
652 4151 714 4187 sum
741 4132 818 4188 soleo
845 4134 944 4189 solitus
969 4152 1031 4189 arun
1055 4176 1061 4188 .
1085 4151 1142 4189 non
1169 4135 1244 4189 enim
1272 4151 1418 4203 possumus
1445 4135 1480 4187 de

179 4219 331 4289 praeterito
349 4219 475 4284 tempore
493 4213 601 4284 passini
619 4215 698 4270 uerbi
716 4215 819 4283 (deletio
837 4214 941 4284 passini
959 4215 1048 4281 uerbi)
1067 4215 1159 4270 dicere
1178 4214 1294 4284 gaudini
1308 4214 1439 4282 quoniam
1452 4213 1480 4267 Β

179 4304 212 4355 ul
230 4300 339 4370 gaudeo
354 4296 466 4367 gauisus
480 4314 541 4350 sum
555 4312 610 4350 non
624 4294 739 4366 gaudini
754 4311 809 4364 que
823 4293 861 4347 M
930 4301 962 4349 te
977 4294 1095 4349 sonabat
1108 4296 1289 4349 mutauerant
1301 4296 1482 4349 mutauerant

178 4381 221 4435 illi
241 4381 278 4434 M
302 4379 441 4434 sonabant
467 4377 647 4431 mutauerant
675 4377 725 4430 auf
745 4374 788 4430 illi
811 4375 839 4428 Β
911 4375 1102 4446 mutaverunt]
1129 4374 1249 4429 mutuati
1276 4376 1342 4428 sunt
1368 4374 1481 4429 emieat

181 4461 286 4515 Therai
310 4474 389 4513 revue
411 4457 526 4525 critique
549 4474 575 4512 a.
594 4462 713 4526 187712.
732 4462 789 4512 308
861 4472 959 4510 sonum
977 4470 1027 4510 orn.
1048 4455 1091 4521 M,
1111 4455 1174 4509 add.
1192 4454 1221 4508 Β
1293 4460 1327 4507 20
1346 4455 1480 4509 absonum

179 4560 223 4596 me
247 4543 308 4595 erat
329 4540 357 4592 Β
438 4543 472 4591 22
500 4536 548 4590 Dia
572 4536 760 4592 ADVERBIO
783 4553 835 4591 om.
852 4536 888 4592 B.
925 4535 969 4589 De
986 4535 1123 4601 adomnia,
1141 4536 1174 4589 de
1188 4534 1350 4604 participia,
1368 4535 1401 4589 de
1419 4550 1480 4591 ωπ-

179 4624 331 4687 iunctione,
354 4620 386 4674 dc
406 4618 610 4687 praepositione
627 4619 659 4672 ia
683 4618 846 4673 Monacensi
868 4618 958 4673 codiee
977 4633 1072 4685 pauca
1095 4617 1200 4684 scripta
1222 4619 1301 4682 auat,
1325 4631 1360 4670 aa
1381 4617 1481 4686 gaidae

178 4702 364 4772 discrepantia
390 4699 545 4766 scripturae
564 4703 675 4766 praem
697 4700 833 4769 integram
855 4699 956 4753 adea
972 4697 1122 4752 Beraeaaa'a
1144 4697 1282 4751 festiorem
1297 4697 1397 4765 paucio
1415 4697 1481 4752 locis

178 4786 312 4838 adnotata
330 4786 376 4836 est.
458 4786 492 4834 23
513 4780 579 4850 qua]
600 4797 653 4849 que
672 4779 719 4847 M,
738 4796 788 4835 orn.
806 4780 834 4834 Β
915 4785 950 4834 26
968 4779 1004 4833 ab
1023 4778 1087 4834 aliis
1105 4779 1155 4833 aul
1172 4777 1356 4832 traducantur
1373 4776 1401 4830 Β

178 4871 212 4918 ‘ft
232 4864 259 4917 in
279 4861 443 4933 productum
462 4861 489 4913 Β

1211 4951 1266 5002 2²3*
