3316 5474
645 383 935 438 coracesiensis
1379 386 1442 450 301

136 497 158 534 p.
173 487 233 526 2834.
247 485 273 525 35
287 485 313 524 Ρ.

137 570 194 631 boc
220 579 266 631 est
290 572 402 630 vitium.
441 568 637 648 Exspectatur
661 577 818 646 venturus,
842 577 996 648 spectatur
1019 571 1068 647 qui
1093 569 1209 629 videtur
1233 569 1279 630 rel
1301 569 1446 650 probatur

137 696 192 757 per
215 696 237 736 s.
285 676 441 735 Exercitus
470 673 633 753 laboribus,
663 678 842 736 exercitatus
865 675 981 735 studiis.
1027 674 1189 735 Exstruere
1218 686 1264 735 est
1292 679 1322 736 in
1350 677 1442 736 altum

137 791 271 862 struere,
295 784 445 842 iustruere
469 783 562 840 aciem
586 781 632 841 sel
656 784 815 859 actionem,
838 781 994 841 adstruere
1018 781 1186 855 adfirmare,
1215 791 1390 843 construere
1414 785 1444 843 iu

136 889 279 950 struendo
307 891 503 967 coniungere,
535 888 710 948 substruere
738 909 774 948 re
802 887 898 966 aliqua
931 906 1021 966 supra
1056 891 1150 967 prosita
1180 887 1285 949 subter
1316 897 1444 949 struere.

109 995 308 1057 eEoruudem
336 1005 367 1054 et
394 993 555 1054 earundem
583 1014 693 1074 pern,
722 1013 780 1054 non
808 1013 862 1074 per
885 1012 923 1055 m.
971 993 1013 1054 Ex
1043 998 1222 1074 praepositio
1251 995 1445 1074 sequentibus

137 1102 156 1162 h
180 1103 198 1163 d
222 1122 241 1181 g
264 1102 272 1162 Ι
297 1120 325 1161 m
350 1120 368 1161 n
397 1100 504 1160 litteris
533 1109 563 1159 et
586 1120 602 1157 r
627 1110 657 1160 et
680 1103 689 1159 i
716 1102 781 1160 loco
815 1084 1040 1160 consonantium
1065 1120 1082 1160 x
1109 1100 1236 1162 litteram
1264 1104 1384 1181 amittit,
1412 1110 1446 1162 ut

137 1207 231 1267 ebibit
254 1207 346 1266 edidit
369 1209 477 1285 egessit
502 1206 589 1266 elusit
624 1210 745 1267 emicuit
773 1209 935 1285 enervatum
964 1217 1107 1285 sequente
1136 1227 1205 1267 rero
1230 1210 1243 1268 l
1268 1212 1297 1269 iu
1322 1209 1444 1269 eandem

137 1334 155 1374 x
186 1323 292 1393 mittat,
321 1323 354 1373 ut
382 1314 510 1373 curando.
560 1312 603 1373 Ex
633 1315 813 1393 praepositio
841 1312 876 1373 ad
905 1314 920 1372 l
951 1312 1079 1373 litteram
1109 1314 1266 1389 formatur,
1294 1326 1327 1375 ut
1356 1317 1445 1377 ellltro

138 1421 244 1481 allodio
273 1422 363 1481 ellero
387 1421 484 1480 ellroio
507 1430 538 1479 et
562 1418 690 1499 reliqna,
719 1429 750 1480 et
773 1419 845 1480 baec
869 1419 936 1479 ideo
959 1437 1014 1498 per
1038 1419 1096 1480 duo
1120 1421 1133 1479 l
1153 1420 1317 1482 scribenda.
1364 1423 1446 1503 Esto,

99 1546 124 1583 ιο
138 1546 208 1587 ecee
228 1529 390 1587 consentio.
427 1525 559 1604 Expecto
579 1524 615 1585 ab
635 1543 670 1584 eo
693 1525 771 1603 quod
796 1533 842 1585 est
864 1527 983 1604 pectino
1002 1528 1066 1585 sine
1087 1546 1101 1586 s
1120 1527 1319 1588 scribendum.
1356 1527 1444 1588 Exire

139 1636 202 1693 sine
227 1653 241 1693 s
264 1627 323 1715 (ire
344 1635 422 1693 enim
443 1642 488 1692 est
512 1626 651 1714 simplex)
676 1643 706 1693 et
732 1651 936 1712 quaecumque
956 1651 992 1691 ex
1015 1631 1071 1692 boc
1095 1634 1269 1706 formantur,
1293 1643 1326 1694 ut
1349 1637 1445 1696 exitus

138 1741 260 1800 exitium
281 1739 405 1800 exitiale.
442 1738 556 1817 Ecquid
576 1757 630 1818 per
649 1759 665 1798 c
685 1743 715 1799 in
734 1742 828 1819 prima
847 1739 970 1818 syllaba,
989 1743 1127 1816 quoniam
1147 1741 1292 1819 signifieat
1307 1760 1344 1801 eu
1364 1742 1445 1823 quid,

139 1851 206 1907 niu
227 1866 242 1906 c
262 1866 414 1907 corrrerso.
452 1847 601 1907 Exscindo
625 1846 766 1926 exsculpo
786 1854 907 1906 exstruo
927 1848 1038 1905 exsisto
1061 1865 1150 1924 pers
1172 1847 1312 1908 dicimus:
1335 1851 1441 1909 sistere

138 1957 217 2014 euim
242 1964 287 2014 est
310 1953 442 2032 simplex.
485 1953 548 2012 Edu
572 1953 608 2014 ab
633 1953 746 2015 edendo
771 1955 895 2014 incites
919 1963 972 2013 est.
1016 1953 1145 2032 Exiguae
1169 1957 1233 2013 siue
1257 1973 1280 2015 s.
1322 1954 1366 2014 Ex
1390 1975 1444 2035 pro

99 2077 124 2115 ix
138 2069 220 2119 extra
250 2062 398 2120 iuvenitur
425 2062 509 2140 poni,
538 2069 572 2121 ut
598 2060 722 2121 excludo
752 2060 937 2139 extracludo,
967 2060 1051 2120 exsul
1079 2069 1162 2120 extra
1190 2060 1299 2122 solum:
1324 2059 1328 2139 1
1359 2062 1445 2122 modo

137 2184 192 2246 pro
215 2166 310 2247 ualde,
339 2177 373 2227 ut
401 2167 535 2227 excelsus
564 2186 618 2246 pro
643 2167 724 2227 ratde
748 2167 862 2227 celsus:
891 2165 977 2226 modo
1006 2169 1181 2245 privativum
1205 2177 1251 2227 est
1274 2168 1319 2228 rel
1350 2171 1443 2229 inten-

138 2275 229 2334 tivum
249 2274 293 2333 vel
313 2276 517 2353 perfectivum,
533 2284 566 2334 ut
584 2277 714 2352 exstirpo
730 2273 857 2333 extendo
872 2273 985 2353 expleo.
1014 2292 1030 2333 e
1051 2276 1080 2333 in
1101 2276 1306 2352 conpositione
1326 2279 1444 2354 prirati·

138 2397 206 2438 rum
226 2388 271 2439 est
291 2379 337 2440 vei
355 2382 547 2459 intentivum,
567 2388 600 2440 ut
614 2375 737 2441 ‘enodes
753 2374 877 2458 trunci',
896 2398 1011 2440 enarro.
1044 2379 1244 2459 Expergiscor
1259 2390 1289 2441 et
1308 2384 1445 2461 experior

139 2486 252 2546 lacirmt
271 2489 463 2564 praeteritum
488 2495 629 2565 expertus
653 2504 728 2546 sum.

98 2609 125 2647 ao
229 2592 388 2653 Formosus
417 2595 480 2653 siue
509 2612 527 2652 u
558 2596 587 2652 in
616 2593 746 2653 secunda
774 2593 882 2673 syllaba
913 2593 1102 2654 scribendum
1132 2604 1191 2672 est,
1220 2603 1252 2654 ut
1282 2594 1445 2656 harenosus

140 2699 299 2759 lroudosus
322 2718 452 2778 aquosus
480 2698 635 2760 herbosus.
674 2703 828 2780 participia
851 2720 921 2760 vcro
950 2700 1058 2761 habent
1083 2720 1117 2780 u,
1146 2711 1179 2761 ut
1208 2711 1311 2762 tonsus
1339 2711 1446 2761 tunsus

139 2823 266 2884 prausus
289 2825 409 2884 pensus.
448 2805 550 2866 Feriae
570 2824 704 2884 quoque,
730 2825 787 2866 non
807 2809 905 2867 lereae
925 2806 1115 2866 scribendum
1135 2815 1188 2866 est.
1227 2805 1341 2886 Flavus,
1364 2809 1446 2885 prior

139 2912 247 2991 syllaba
271 2913 307 2973 ab
327 2915 350 2993 l,
374 2932 503 2993 sequeus
522 2911 558 2972 ab
578 2932 595 2970 s
619 2915 748 2992 incipiat.
786 2914 872 2974 Fides
896 2914 970 2981 ndei.
988 2917 1081 2993 prima
1105 2912 1214 2991 syllaba
1239 2911 1349 2986 brevis,
1373 2913 1446 2973 tides

140 3019 204 3079 srdis
233 3019 269 3079 de
293 3020 402 3079 chorda
427 3029 552 3100 utraque
581 3021 674 3099 longa.
719 3020 808 3081 Fidus
832 3020 868 3080 de
893 3023 1002 3100 amico,
1025 3019 1120 3079 tidelis
1143 3018 1179 3078 de
1203 3000 1297 3078 serre.
1340 3018 1445 3080 Fastus

99 3142 125 3181 as
140 3125 176 3184 de
200 3126 338 3205 superbia
364 3130 432 3187 lacit
456 3128 585 3187 lastrurm
604 3129 773 3205 genetivum
797 3126 955 3206 pluralem,
979 3127 1071 3186 lastus
1094 3123 1131 3185 tle
1158 3123 1240 3185 libris
1264 3126 1333 3185 lacit
1357 3128 1444 3187 lasto-

139 3249 214 3291 rum.
253 3230 347 3311 Fungi
370 3252 456 3311 agere
481 3241 539 3311 est,
568 3233 689 3311 deluugi
713 3251 866 3311 peragere.
908 3232 1032 3292 Fremor
1056 3242 1102 3291 est
1126 3250 1260 3291 mtrruuu·
1284 3232 1446 3312 trerminum,

139 3337 276 3398 lremitus
300 3340 438 3399 terarum.
477 3339 606 3401 Ferreum
628 3342 746 3419 nigrum
770 3339 910 3420 dicimuS,
934 3340 1039 3399 llarum
1064 3337 1205 3417 rubeum,
1229 3336 1339 3398 ltrlrum
1364 3328 1464 3400 certe'

139 3463 244 3503 aurum
265 3448 313 3505 otri
337 3446 371 3505 ad
396 3446 534 3507 decorem
559 3445 726 3525 splendoris
745 3449 791 3505 sui
815 3445 914 3524 nigelli
937 3445 1046 3523 aliquid
1071 3444 1203 3504 addatur.
1242 3443 1310 3504 Feri
1330 3464 1443 3507 mascu-

139 3550 232 3611 linum
257 3551 353 3612 tabula
380 3563 424 3613 est
449 3557 581 3633 navium,
602 3552 652 3612 ubi
671 3553 798 3629 remiges
817 3551 936 3630 sedent,
955 3561 984 3611 et
1003 3560 1123 3631 semper
1140 3550 1302 3630 pluraliter.
1339 3550 1446 3633 Fedus,

231 3729 243 3774 1
265 3722 448 3792 Exspectatur
467 3728 602 3778 uenturus
617 3741 639 3792 p
660 3724 839 3791 exspectatur
857 3721 903 3776 ide
921 3725 1055 3778 uenturus
1073 3723 1095 3777 S
1113 3723 1265 3792 Exspectat
1282 3740 1333 3793 per
1351 3742 1364 3776 s
1382 3725 1447 3778 seri·

140 3801 222 3855 batur
245 3805 423 3872 exspectatur
446 3804 492 3857 ide
516 3806 650 3857 uenturus
671 3804 705 3856 M
777 3808 793 3855 ‘t
816 3820 898 3871 pers
921 3821 971 3857 om.
992 3805 1030 3858 M
1100 3803 1237 3857 exereitus
1263 3802 1405 3858 laboribus
1425 3823 1446 3873 p

140 3887 282 3937 exercetur
301 3884 441 3938 laboribus
461 3884 525 3937 SM
587 3884 754 3939 exercitatus
772 3885 872 3938 studiis
892 3885 929 3938 M
946 3885 1114 3940 exercitatus
1132 3883 1281 3950 (exercitus
1295 3889 1327 3952 p)
1347 3885 1446 3939 studiis

140 3963 198 4017 sine
217 3982 229 4017 s
245 3965 294 4032 pS
347 3973 411 4018 tre
431 3982 480 4018 oue.
500 3963 565 4017 SM
568 3980 589 4031 p
652 3965 845 4019 onrundem
866 3965 894 4017 et
911 3965 1064 4019 earundem
1083 3963 1237 4032 euphoniae
1256 3980 1340 4017 causa
1358 3980 1409 4033 per
1428 3985 1445 4018 u

140 4060 195 4097 non
214 4063 265 4113 per
282 4064 310 4099 m
335 4045 482 4099 scribenda
503 4046 569 4096 suut
589 4045 625 4096 Μ
714 4052 730 4099 9
754 4043 855 4099 allodio
876 4042 968 4097 allicio
987 4048 1017 4099 et
1039 4044 1149 4112 reliqua
1167 4048 1196 4099 et
1217 4044 1286 4097 haec
1309 4043 1372 4097 ideo
1395 4060 1445 4112 per

141 4123 195 4177 dno
215 4124 391 4180 l'seribenda
413 4125 449 4176 M
470 4122 572 4177 effodio
593 4122 677 4178 effero
696 4125 786 4178 efficio
808 4124 872 4177 ideo
892 4126 997 4187 (autem
1017 4125 1081 4176 aad.
1098 4126 1129 4190 p)
1152 4122 1275 4191 perduc
1295 4122 1309 4175 l
1328 4122 1445 4175 scriben-

140 4203 207 4257 dum
226 4210 279 4270 (est
298 4206 360 4259 aaa.
380 4207 411 4273 p)
426 4205 476 4273 pS
550 4209 735 4259 aceessum
756 4204 793 4256 M
861 4207 893 4253 12
912 4201 1021 4270 Ecquid
1039 4220 1090 4271 per
1108 4219 1123 4255 e
1143 4203 1171 4256 in
1190 4200 1280 4271 prima
1299 4201 1409 4269 syllaba
1423 4219 1445 4269 p

141 4300 204 4337 ecce
222 4301 273 4353 per
291 4303 322 4339 ce
342 4285 369 4338 in
390 4285 481 4354 prima
499 4283 609 4351 syllaba
628 4283 649 4336 S
674 4284 820 4352 ecquidem
839 4283 866 4336 in
892 4281 984 4351 prima
1002 4282 1110 4350 syllaba
1134 4299 1185 4350 per
1203 4298 1234 4334 ee
1253 4281 1390 4334 scribatur
1410 4281 1445 4333 M

182 4382 217 4417 en
236 4366 304 4433 quid
325 4367 361 4418 Μ
379 4383 412 4418 cu
432 4365 463 4418 fit
483 4365 504 4416 S
577 4372 610 4417 13
629 4363 768 4418 Exscindo
787 4361 905 4429 exculpe
923 4361 1035 4414 exstruo
1054 4378 1104 4430 per
1122 4380 1135 4413 s
1154 4359 1282 4413 similiter
1301 4359 1446 4414 scribenda

141 4447 216 4499 suut.
248 4446 360 4499 Exsisto
385 4445 514 4498 similiter
544 4444 661 4498 dicimus
684 4441 786 4496 Sistere
810 4441 884 4496 euim
912 4442 956 4493 est
982 4439 1102 4507 simplex
1130 4440 1165 4491 M
1264 4446 1296 4492 tl
1326 4437 1444 4508 simplex

140 4542 190 4579 osu.
209 4526 258 4594 pS
338 4527 462 4578 Examen
486 4523 544 4578 sine
568 4542 581 4577 a
604 4523 729 4593 Exiguae
752 4521 882 4575 similiter
905 4518 1053 4572 scribenda
1075 4521 1140 4571 sunt
1164 4519 1200 4571 M
1284 4525 1317 4571 22
1343 4518 1445 4573 Flauus

139 4605 242 4670 (saluus
260 4607 307 4671 M)
323 4606 413 4673 prima
427 4604 536 4672 syllaba
550 4603 586 4656 ab
600 4603 614 4657 l
630 4600 753 4658 secunda
766 4601 803 4655 ab
817 4618 836 4654 u
852 4596 970 4667 incipiat
984 4598 1050 4665 pM
1120 4605 1154 4650 at
1174 4602 1292 4667 utraque
1313 4614 1342 4652 es
1361 4597 1446 4668 longa

139 4686 218 4739 Beda
237 4703 266 4754 p.
286 4690 355 4748 272,
381 4690 425 4747 17,
449 4685 497 4738 ubi
520 4687 638 4752 utraque
661 4684 704 4738 est
726 4680 811 4750 leuga
832 4680 911 4733 taba
933 4680 1016 4734 codex
1041 4679 1191 4732 1'urisiusss
1266 4686 1299 4733 at
1323 4679 1444 4733 Fuscum

140 4764 249 4832 nigrum
265 4767 308 4817 est
326 4764 452 4817 faluuum
466 4764 583 4816 rubeum
599 4763 701 4817 dicitur
717 4763 752 4815 M
815 4766 849 4815 28
871 4759 1027 4828 splendoris
1045 4758 1088 4814 sui
1103 4759 1139 4812 M
1156 4759 1350 4828 splendoribus
1368 4760 1447 4814 suiS

203 4844 322 4898 addatur
342 4845 378 4896 M
384 4845 405 4896 S
424 4844 573 4912 additurp
641 4844 715 4897 loros
735 4842 769 4894 M
846 4847 880 4894 29
899 4840 1028 4895 mbulala
1046 4841 1160 4893 navium
1178 4839 1257 4893 Beda
1271 4858 1301 4908 p.
1320 4845 1390 4905 272,
1409 4846 1446 4894 30
