3316 5474
701 360 892 417 EXCERPTA
1377 361 1441 424 317

138 551 397 630 grammaticorum
435 549 604 610 nominibus
641 550 837 628 conpositum
875 557 922 609 est
962 551 992 608 in
1034 546 1136 607 codiee
1173 546 1307 608 Parisino
1346 545 1441 629 7560,

135 666 302 735 praetereo
320 661 415 732 siquis
434 675 601 718 venenosae
620 664 697 718 tetro
718 660 853 717 inuidiae
873 656 1023 732 fermento
1043 655 1173 730 insectus
1193 660 1240 716 uel
1257 659 1442 728 temerantia,

138 773 236 826 motre
259 769 389 826 omnium
414 782 568 836 errorum,
600 773 628 824 et
656 767 792 824 nudncio
817 768 942 840 proprii
968 767 1084 837 inpenii
1107 767 1291 839 conpellente
1314 765 1442 822 inlectus

138 875 194 932 dos
219 876 443 948 prnmrrruticne
472 876 549 931 ortis
576 875 731 931 normulns
759 889 861 931 morsu
894 875 1009 947 aspidis
1039 880 1067 930 et
1095 874 1237 945 penrrinis
1266 873 1442 944 sonpnineis

138 983 281 1039 iorernre
303 981 444 1050 uoluerit,
467 981 546 1038 scint
568 997 601 1038 se
621 979 778 1038 Prisciani
800 981 848 1037 rel
864 979 989 1051 Borinti,
1016 980 1110 1038 Predu
1128 981 1175 1037 oei
1191 980 1337 1051 Andocir',
1369 977 1444 1038 Vetti

137 1086 237 1160 Lonpi
262 1089 310 1146 oei
336 1087 480 1159 Romani,
510 1063 651 1144 Floriuni
677 1088 725 1145 rel
751 1085 913 1161 Eutychis,
951 1085 1100 1144 Victorini
1122 1088 1170 1145 oei
1191 1086 1304 1156 Focoe,
1333 1087 1444 1160 Asperi

138 1196 184 1253 rel
202 1195 326 1269 Pompei
347 1196 428 1251 lutus
451 1195 573 1251 iuniore
591 1200 620 1251 et
638 1208 696 1250 non
718 1194 862 1252 cicentem
882 1194 1028 1251 rusticum
1050 1191 1166 1266 infestis
1186 1194 1296 1251 iaculis
1316 1193 1441 1265 insequi,

136 1302 192 1360 sed
210 1303 365 1375 puluerem
388 1307 576 1358 mortuorum
600 1301 756 1358 rhetorum
779 1301 964 1359 etcinerem
988 1301 1151 1372 snpitture,
1175 1301 1248 1372 pitin
1272 1316 1328 1358 nec
1351 1301 1442 1356 tinius

135 1410 236 1467 soittm
260 1424 364 1466 romus
388 1410 515 1481 repulse
538 1410 568 1465 in
593 1407 650 1465 icoc
673 1407 772 1465 lideilo
796 1408 928 1465 insertus
950 1407 1118 1479 reperitur,
1147 1409 1201 1478 qui
1227 1421 1285 1464 non
1310 1407 1441 1464 alicuius

136 1517 243 1574 domun
266 1518 306 1573 sit
328 1517 438 1573 radice
458 1512 583 1588 sortiter
603 1511 768 1588 [crudatus.-
791 1511 827 1570 ci.
847 1511 883 1570 de
902 1528 1023 1589 gramm.
1043 1509 1123 1588 quib.
1143 1509 1190 1570 iat.
1210 1511 1260 1571 ini.
1276 1520 1331 1571 aet.
1346 1531 1373 1590 p.
1389 1507 1440 1570 26.

136 1628 289 1699 praeterea
318 1616 448 1700 ‘quidam
476 1620 686 1698 grammaticus
709 1618 809 1678 Audax
843 1612 973 1677 nomiue'
1002 1620 1167 1696 Augustino
1195 1616 1325 1697 aequalis
1349 1618 1440 1677 iuisse

136 1727 246 1789 dicitur
275 1731 305 1788 in
334 1730 482 1806 «scennis
511 1726 622 1786 codicis
646 1724 806 1786 Bernrusis
835 1721 890 1805 83,
924 1723 1024 1803 Hagen
1053 1725 1154 1784 anecd.
1183 1725 1295 1784 lleiret.
1325 1745 1351 1804 p.
1385 1724 1441 1805 CV,

136 1838 217 1895 urtde
238 1843 363 1895 structus
388 1837 588 1908 Ampitstinus,
612 1851 680 1893 etim
704 1851 771 1893 eum
795 1836 918 1907 putidum
940 1835 1162 1906 prnrrrnrutirus
1186 1832 1299 1892 Aeetine
1322 1835 1441 1892 nomine

135 1951 324 2004 sacratorem
349 1943 448 2017 prieiris
476 1943 527 2000 dei
552 1944 748 2014 nominasset,
782 1933 883 2014 ‘quid’
913 1942 1011 2012 inquit
1039 1933 1097 1999 ‘me
1123 1947 1314 1999 sncrntorem
1344 1940 1441 2015 piebis

136 2053 314 2110 detinens?
338 2052 379 2108 do
403 2051 519 2108 verrium
544 2051 682 2107 multum:
711 2050 764 2106 cui
784 2049 921 2120 loquoris
945 2049 1083 2119 iquorem,
1113 2049 1166 2105 cui
1191 2054 1347 2106 sncrntnm
1377 2065 1441 2107 esse

136 2175 278 2233 ntnpnum
293 2151 361 2219 ,est'
387 2205 393 2217 .
416 2157 506 2235 petita
532 2154 604 2214 liaeo
628 2163 698 2215 sunt
721 2173 756 2214 er
777 2152 902 2232 epistula
922 2152 1078 2231 Augustini
1098 2153 1132 2212 ad
1152 2152 1300 2212 Audacem
1320 2156 1440 2234 scripta,

135 2283 210 2344 quae
235 2283 292 2324 uua
316 2281 383 2323 cum
412 2265 506 2342 ipsius
530 2261 656 2320 Audueis
684 2259 809 2339 epistuia
838 2260 947 2338 iegitur
975 2262 1004 2320 in
1035 2258 1170 2338 epistulis
1194 2260 1351 2339 Augustini
1375 2259 1441 2323 260

136 2381 165 2432 et
189 2369 266 2452 261,
291 2372 412 2448 August.
437 2388 482 2448 op.
508 2389 532 2428 r.
554 2367 578 2427 ΙΙ
598 2388 625 2447 p.
646 2365 710 2428 672
730 2367 775 2427 ed.
795 2367 933 2446 Antrerp.
953 2386 978 2426 a.
1001 2364 1086 2427 ttoo
1100 2413 1107 2426 .
1122 2367 1174 2427 sed
1194 2367 1229 2427 de
1249 2371 1439 2447 grammatica

136 2478 261 2539 Audacis
285 2478 420 2537 doctrina
444 2478 474 2535 in
499 2478 534 2535 iis
559 2475 694 2554 epistulis
722 2474 794 2534 mnu
823 2476 969 2552 scriptum
999 2481 1058 2553 est;
1089 2493 1185 2552 neque
1215 2459 1293 2534 iiunc
1323 2477 1374 2553 qui
1402 2475 1439 2535 de

135 2593 197 2644 arte
226 2585 415 2662 grammatica
444 2584 564 2661 scripsit
587 2583 745 2660 Augustini
775 2589 871 2641 aetate
899 2582 1021 2661 vixisse,
1050 2581 1102 2640 sed
1133 2583 1178 2641 rix
1208 2590 1291 2641 sexto
1320 2581 1438 2642 saeculo

135 2693 320 2769 superiorem
344 2691 435 2750 inisse
460 2698 541 2768 puto.

222 2792 270 2857 Ex
282 2795 398 2857 duobus
408 2796 560 2857 codicibus
575 2815 651 2875 qnos
665 2815 755 2876 supra
770 2795 837 2876 dixi,
853 2815 869 2856 e
884 2796 993 2875 quibus
1008 2797 1214 2857 monacensem
1225 2796 1438 2857 Maximiiianus

135 2904 333 2965 lileenrannus
352 2904 565 2984 descripserat,
584 2903 766 2964 Beruensem
785 2907 892 2984 partim
912 2907 974 2984 ipse
994 2903 1224 2985 descripseram,
1243 2907 1350 2984 partim
1370 2923 1438 2964 cum

134 3011 302 3091 apographo
322 3012 505 3072 Monacensis
526 3011 637 3071 codicis
656 3010 794 3090 Hagenus
814 3011 994 3085 contulerat,
1013 3010 1139 3071 Audacis
1154 3011 1263 3071 librum
1282 3031 1335 3090 per
1354 3030 1437 3072 occa·

134 3121 247 3181 sionem
262 3120 494 3180 academicarum
510 3121 704 3198 scriptionum
719 3117 796 3178 edidi
807 3117 887 3178 llaiis
897 3137 922 3178 a.
935 3114 1161 3199 1872-1877,
1175 3137 1262 3197 quam
1278 3118 1437 3179 editionem

135 3245 213 3287 nunc
228 3225 364 3306 pluribus
384 3225 457 3285 loeis
472 3235 636 3286 correctam
652 3227 796 3304 repetivi.
812 3243 988 3304 quamquam
1004 3228 1083 3285 enim
1099 3228 1128 3285 in
1147 3228 1247 3305 priore
1266 3235 1349 3305 parte
1369 3224 1437 3285 iibri

134 3333 258 3413 piurima
274 3352 340 3394 cum
357 3332 474 3394 duobus
488 3333 571 3393 libris
586 3333 727 3393 Victorini
742 3330 779 3392 de
794 3340 856 3392 arte
871 3334 1059 3410 grammatica
1080 3341 1110 3393 et
1128 3333 1164 3392 de
1180 3335 1283 3394 metris
1301 3342 1332 3392 et
1351 3332 1436 3393 irena·

134 3450 229 3502 metro
249 3441 333 3520 piane
358 3443 547 3502 consentiunt
571 3443 702 3518 itemque
725 3442 756 3500 in
780 3441 945 3518 posteriore
969 3449 1052 3519 parte
1077 3439 1180 3500 simiiis
1204 3459 1368 3501 consensus
1392 3449 1438 3501 est

134 3566 201 3607 cum
216 3550 360 3608 institutis
376 3551 484 3608 artium
494 3546 597 3627 Probi,
612 3555 710 3607 tamen
725 3564 784 3606 rron
800 3545 895 3606 solum
911 3547 1053 3625 quaedam
1069 3550 1182 3608 rectius
1196 3549 1273 3628 apud
1288 3548 1435 3609 Audacem

133 3673 220 3734 quarn
236 3656 311 3734 apud
328 3655 393 3715 iilos
412 3658 530 3737 scripta,
550 3655 602 3715 sed
622 3657 709 3714 etiam
729 3653 793 3734 alia,
812 3672 886 3732 quiae
907 3653 982 3734 apud
999 3655 1064 3715 iilos
1079 3658 1199 3716 omnino
1215 3675 1273 3716 nou
1289 3657 1436 3739 leguntur,

134 3762 229 3822 addita
254 3772 336 3842 sunt,
361 3780 455 3840 eaque
477 3765 585 3841 partini
605 3762 681 3822 haud
702 3761 845 3842 vulgaria,
868 3762 919 3822 sed
940 3780 975 3823 ex
995 3765 1162 3842 antiquiore
1182 3764 1315 3824 doctrina
1335 3767 1436 3845 petita,

134 3887 192 3946 quo
221 3872 319 3928 reiero
349 3872 377 3928 in
407 3872 511 3948 primis
539 3888 572 3929 ea
601 3887 675 3948 quae
704 3868 741 3929 de
770 3886 908 3929 mensura
936 3888 961 3930 v.
985 3889 1068 3945 aquo
1096 3888 1164 3929 cum
1193 3889 1281 3931 versu
1305 3870 1436 3931 Lucretii

133 3973 239 4036 tradita
263 3986 333 4035 suut
356 3995 382 4054 p.
408 3973 441 4054 8,
465 3976 500 4035 de
525 3978 629 4036 metris
652 3994 720 4036 cum
744 3974 861 4036 duobus
885 3975 1021 4037 versibus
1045 3977 1184 4037 Varronis
1208 3978 1321 4038 Atacini
1346 3978 1434 4038 etde

133 4080 258 4161 pedibus
282 4100 421 4141 uersuum
446 4102 473 4160 p.
495 4078 549 4163 12,
573 4100 632 4141 noir
657 4081 735 4142 nulla
759 4085 789 4142 iu
814 4085 1034 4143 commentariis
1057 4083 1094 4143 de
1117 4087 1336 4163 praepositione
1356 4095 1386 4144 et
1404 4087 1435 4144 in

133 4198 264 4250 extrema
288 4198 372 4268 parto
397 4187 432 4247 de
457 4187 630 4248 accentibus
654 4236 660 4248 .
685 4191 782 4267 aptius
806 4199 905 4249 autem
929 4207 995 4249 esse
1019 4192 1114 4249 risum
1138 4198 1184 4250 est
1208 4199 1301 4250 totum
1326 4190 1434 4250 librum

133 4299 266 4375 quamvis
290 4314 377 4375 saepe
402 4312 469 4354 cum
497 4297 534 4355 iis
558 4313 632 4373 quae
662 4302 746 4354 antea
775 4294 853 4355 edita
881 4305 965 4356 erant
995 4298 1230 4356 consentientem
1258 4314 1435 4378 proponere,

134 4421 220 4481 quam
245 4421 277 4462 ea
303 4421 377 4481 quae
402 4403 526 4461 maxime
550 4401 636 4481 digua
661 4412 762 4462 essent
786 4403 939 4482 memoria,
968 4402 997 4461 id
1026 4401 1105 4481 quod
1134 4402 1203 4462 oiim
1231 4405 1435 4484 promiseram,

134 4528 310 4590 excerpere,
340 4528 398 4588 quo
427 4510 538 4568 certius
565 4508 602 4568 de
631 4516 735 4568 natura
764 4517 794 4569 et
821 4511 996 4569 auctoritate
1024 4508 1092 4569 iibri
1127 4509 1268 4569 iudicium
1300 4519 1433 4590 paratum
1486 4488 1490 4495 ¹

133 4625 213 4676 esset
240 4663 247 4675 .
276 4619 374 4695 itaque
399 4615 556 4676 lectionem
580 4615 708 4676 duorum
736 4614 871 4676 codicum
896 4618 1201 4697 manuscriptorum,
1230 4617 1337 4696 quilnrs
1362 4637 1434 4679 usus

132 4740 213 4802 sum,
240 4724 384 4800 integram
414 4721 546 4803 exhilnri3
577 4725 606 4783 in
635 4724 855 4783 commentariis
887 4722 924 4782 de
951 4732 1076 4783 accentu
1105 4724 1283 4802 scripturam
1312 4723 1433 4784 alterius

133 4830 243 4890 codicis
275 4828 459 4889 Monacensis
492 4829 589 4890 addidi
617 4879 624 4890 .
657 4848 693 4889 ex
725 4828 868 4890 Victorini
900 4828 984 4891 libris
1017 4848 1157 4909 eaquae
1194 4830 1230 4891 ad
1263 4841 1433 4910 corruptam
