3316 5474
164 359 230 424 412
655 363 831 421 haustum
848 364 969 421 nnssn

162 475 186 511 12·
200 465 239 506 229
253 464 280 508 L,

252 549 374 629 Excipio
398 548 439 608 illi
463 551 521 629 rei,
544 546 628 629 Verg.
653 550 723 610 deu.
747 549 825 625 11111
850 551 943 625 (271)

360 658 534 736 excipiam
558 659 648 717 sorti
671 658 740 717 iam
764 677 857 719 nnuc
880 667 940 719 tua
963 661 1132 739 praemia,
1154 657 1241 720 Nise
1267 708 1276 721 .

253 763 343 825 Exuit
374 762 429 822 hac
461 781 494 822 re
526 761 604 822 illam
637 781 714 838 rem,
748 762 808 825 Cic.
830 782 885 844 pro
909 763 1047 826 Deiotaro
1071 767 1112 843 (p.
1136 767 1203 841 Lep.
1227 768 1325 844 sne)
1361 788 1491 831 nonne

164 888 300 932 omnem
323 869 583 930 humanitatem
607 866 793 930 exuisses?

252 976 368 1039 Exosus
391 976 479 1058 illud,
502 974 586 1054 Verg.
610 976 681 1035 den.
705 974 758 1035 Xll
783 977 876 1050 (517)
900 995 1046 1038 exosum
1069 978 1161 1039 bella
1184 978 1402 1044 Menoetem
1427 1032 1436 1044 .
1501 1002 1514 1043 s

252 1084 387 1146 Exterris
410 1083 470 1164 his,
493 1081 578 1162 Verg.
601 1084 672 1143 hen.
697 1081 750 1142 llll
774 1083 869 1157 (616)
898 1083 1037 1146 linibus
1064 1087 1238 1166 extorris,
1268 1086 1332 1148 Sal.
1358 1089 1438 1152 hist.
1461 1090 1489 1152 11

164 1193 251 1254 orbe
275 1203 455 1254 terrarum
479 1200 648 1252 extorres
672 1238 678 1250 .

252 1299 387 1360 Edormit
419 1298 489 1380 hoc,
520 1297 587 1358 Ter.
620 1297 700 1358 Adel.
733 1298 780 1370 (1
808 1299 891 1373 211)
923 1299 1159 1360 edormiscam
1190 1299 1257 1360 hoe
1292 1305 1391 1386 vini,
1426 1305 1487 1367 Cic.

163 1407 268 1489 Philip.
292 1407 318 1467 ll
342 1407 466 1482 (12,30)
490 1405 626 1466 edormi
649 1404 834 1486 crapulam
858 1414 894 1467 et
916 1406 1072 1468 exhala.

252 1514 296 1575 Ex
319 1513 488 1593 commodo,
515 1511 572 1573 Sal.
595 1512 658 1591 lug.
682 1512 781 1587 (821)
804 1512 933 1574 melius
966 1533 1046 1575 esse
1079 1521 1179 1574 ratus
1211 1531 1252 1574 ex
1287 1519 1523 1581 commodos·

164 1630 314 1702 pugnam
338 1622 457 1682 lacere
481 1668 488 1682 .

253 1729 389 1790 Escendo
413 1747 536 1809 eqrrum,
560 1727 617 1788 Sal.
640 1726 702 1806 lug.
726 1727 830 1802 (97‚5)
853 1745 938 1807 pars
961 1745 1071 1806 equos
1095 1727 1309 1810 escendere,
1334 1731 1485 1795 obviam

164 1840 216 1898 ire
240 1835 414 1897 hostibus.

252 1943 390 2023 Erumpit
416 1962 449 2004 se
476 1943 557 2023 inde,
586 1941 670 2022 Verg.
694 1941 846 2021 geonllll
871 1943 965 2016 (368)
994 1942 1085 2003 unde
1118 1940 1212 2002 altus
1245 1945 1407 2022 primum
1443 1965 1483 2008 se

164 2052 322 2131 erumpit
343 2049 505 2129 Enipeus
529 2096 535 2108 .
1496 2071 1521 2112 u

253 2157 445 2236 Emergitse,
464 2154 602 2215 Sallust.
619 2154 671 2214 llll
689 2154 750 2216 ubi
770 2173 807 2215 so
825 2154 957 2216 laniata
977 2157 1116 2234 navigia
1135 2155 1245 2216 fundo
1265 2167 1481 2241 emergunt,

164 2264 232 2324 Ter.
256 2264 329 2324 dnd.
354 2265 426 2335 (III
444 2264 535 2338 3,30)
558 2281 599 2322 ex
622 2262 697 2322 illis
720 2281 757 2322 se
781 2280 1003 2323 emersurum
1028 2263 1130 2324 malis
1154 2311 1160 2322 .

253 2372 385 2432 Exorsus
408 2372 586 2450 orationem,
615 2368 671 2429 Sal.
695 2368 765 2429 hist.
789 2368 841 2428 llll
871 2387 1026 2448 magnam
1055 2388 1206 2431 exorsus
1233 2372 1478 2435 orationem.

253 2476 414 2559 Expostulo
443 2495 510 2536 cnm
538 2495 587 2556 eo,
615 2476 720 2536 Teren.
744 2475 817 2536 dud.
846 2476 1014 2550 (11116)
1046 2485 1081 2537 et
1112 2496 1189 2538 curn
1221 2496 1262 2537 eo
1296 2480 1477 2543 iniuriam

165 2585 253 2645 lustro
277 2583 498 2665 expostulem
524 2630 530 2643 .
1491 2608 1518 2649 η

253 2690 360 2752 Evolve
392 2699 422 2751 te
454 2689 524 2770 hoc,
556 2689 623 2750 Ter.
656 2690 753 2751 Eunu.
786 2691 851 2763 (11
879 2692 969 2765 ddi)
1001 2690 1064 2749 hac
1097 2709 1134 2749 re
1168 2699 1200 2750 te
1233 2695 1330 2752 omui
1363 2695 1476 2756 turba

165 2798 315 2859 evolves.

252 2904 378 2986 illapsus
401 2905 455 2965 hac
480 2905 617 2986 muliere,
640 2904 707 2965 Ter.
731 2903 819 2984 llecy.
844 2904 879 2975 (1
898 2904 988 2977 2111)

232 3058 238 3067 .
274 3011 445 3092 paulatim
469 3011 612 3091 elapsus
636 3021 693 3072 est
715 3010 893 3071 Bacchide
917 3018 1023 3088 atque
1047 3007 1140 3070 hunc
1165 3012 1358 3072 transtulit

275 3139 427 3181 amorem
452 3168 458 3180 .
1491 3143 1517 3183 rs

165 3226 281 3307 elapsus
304 3227 340 3287 de
364 3227 419 3288 hac
443 3247 490 3308 re,
522 3228 607 3302 Vera.
632 3229 705 3288 Aen.
730 3228 768 3286 II
788 3226 883 3300 (526)
974 3207 980 3219 ’

351 3353 433 3394 ecce
457 3343 574 3395 autem
598 3333 741 3413 elapsus
765 3333 893 3412 Pyrrhi
917 3332 958 3393 de
982 3333 1089 3392 caede
1113 3332 1249 3393 Polites
1273 3381 1280 3393 .

252 3441 387 3521 Emungo
406 3441 459 3501 hac
478 3461 511 3501 re
530 3440 626 3521 illum,
645 3441 712 3500 Ter.
726 3439 815 3500 Phor.
833 3440 897 3512 (11
908 3441 972 3514 II)
991 3442 1135 3501 emunxi
1154 3448 1305 3519 argento
1324 3459 1474 3505 senem.

254 3667 344 3722 Oodea
373 3667 521 3720 Parrhasii
562 3667 736 3720 sMenetem
817 3666 916 3737 61111]
937 3665 976 3721 ΙΙΙ
1058 3672 1092 3720 14
1109 3683 1139 3722 se
1158 3683 1208 3720 om.
1292 3673 1324 3721 19
1345 3671 1374 3723 ei
1394 3670 1474 3743 cum]

165 3764 260 3801 eccum
333 3753 366 3800 13
387 3747 448 3801 Ter.
468 3746 558 3814 Hercy
630 3752 664 3800 16
684 3745 719 3800 de
737 3746 792 3800 hnc
812 3762 876 3801 eece
893 3749 1002 3816 entem,
1020 3764 1153 3817 superscr.
1172 3748 1232 3802 aiio
1249 3764 1336 3802 manu
1354 3749 1436 3821 Virg.

164 3884 376 3893 ----—.-.—----

255 3966 270 4013 3
290 3964 354 4014 ante
379 3959 518 4015 Ciceronis
544 3961 694 4029 exemplam
719 3961 849 4015 eandism
874 3960 983 4015 oiddur
1005 3962 1154 4030 exemptum
1176 3961 1252 4015 andi
1275 3976 1337 4014 cum
1362 3962 1475 4019 duodus

165 4041 273 4096 emetur
291 4041 443 4107 coniuncti,
461 4045 492 4094 ut
510 4045 548 4094 est
566 4040 635 4096 Sall.
655 4042 719 4109 Iup.
735 4046 801 4107 883
819 4041 966 4110 ipsumque
984 4058 1079 4111 regem
1098 4041 1172 4096 heud
1191 4040 1289 4110 procul
1307 4041 1343 4095 ab
1357 4043 1473 4112 oppido
1548 4090 1551 4095 .

164 4121 242 4176 Cirta
260 4119 346 4175 manis
368 4123 508 4176 exuerat.
530 4138 593 4175 ream
616 4114 647 4175 in
666 4121 789 4175 oratione
806 4138 860 4191 pro
882 4121 1014 4177 Deiotaro
1038 4137 1137 4177 exuere
1159 4138 1216 4176 non
1239 4122 1379 4177 invenitur

166 4202 269 4256 'turbs
291 4199 437 4271 petrisque
461 4204 583 4256 extorres
606 4202 720 4255 editores
742 4201 870 4257 Sallustii
892 4220 925 4257 ea
947 4204 1037 4257 codice
1061 4201 1227 4268 Frontonis,
1255 4218 1310 4256 non
1337 4204 1475 4262 editiones

165 4283 315 4348 drusiani,
334 4287 365 4335 ut
379 4282 419 4335 ait
433 4281 561 4336 Kritaius
576 4283 643 4338 Sall.
657 4284 718 4337 hist.
733 4283 832 4353 sraarn.
843 4301 873 4352 p.
888 4288 940 4337 191
1015 4289 1047 4335 11
1063 4283 1212 4337 ascendere
1226 4283 1329 4336 codices
1338 4283 1474 4340 Sallustii

202 4368 234 4417 14
254 4362 383 4431 Erumpit
406 4379 435 4416 se
453 4361 518 4415 inde
537 4363 670 4417 Heinsius
688 4364 766 4432 apud
788 4364 926 4418 Blendium
949 4365 1000 4417 tes.
1020 4363 1144 4418 Scribon.
1163 4381 1186 4416 o.
1207 4361 1329 4430 erumpit
1352 4381 1383 4431 p.
1404 4369 1473 4434 379,

164 4459 198 4496 ea
216 4443 242 4496 G
260 4442 346 4495 edidit
365 4442 574 4496 Lindemannus
644 4442 710 4497 inde
728 4443 802 4497 altus
820 4442 942 4513 primum
961 4444 1082 4514 erumpit
1100 4442 1223 4512 Enipeus
1244 4445 1281 4497 M
1358 4453 1391 4501 16
1412 4448 1471 4503 Sat

164 4526 229 4580 hist
244 4522 310 4593 llll]
326 4523 396 4575 Isid.
407 4523 474 4589 oria.
488 4522 582 4574 XIII
590 4529 654 4590 18‚5
704 4523 828 4594 navigia]
844 4523 964 4592 vestigia
979 4526 1077 4579 Maius
1091 4526 1122 4578 in
1136 4526 1252 4579 salitione
1263 4525 1473 4583 Mediolanensi

200 4603 298 4670 fundo]
318 4601 456 4671 profundo
476 4601 605 4653 Isidorus
691 4608 722 4655 11
743 4619 776 4655 ex
799 4603 856 4657 illis
875 4619 935 4657 sese
954 4620 1124 4659 emersurum
1144 4604 1225 4658 malis
1248 4605 1392 4660 Terentius
1413 4650 1419 4661 .
1440 4625 1471 4663 se

165 4701 194 4738 se
213 4699 384 4737 emersurum
403 4682 495 4750 ispius
512 4680 621 4734 videtur
639 4682 799 4735 Arusianus
879 4689 911 4737 11
932 4684 984 4738 hac
1002 4701 1032 4737 re
1052 4687 1126 4739 etta
1146 4684 1222 4738 omni
1247 4684 1331 4739 turbs
1354 4687 1472 4743 evolres

165 4765 195 4818 et
211 4761 255 4815 illi
273 4762 385 4829 gratum
403 4760 503 4815 feceris
525 4759 668 4814 Terentius
738 4767 773 4815 14
791 4761 876 4833 hunc]
898 4763 951 4818 hnc
971 4765 1054 4818 codsa
1071 4765 1222 4819 Bernhinus
1243 4765 1378 4834 Terentii,
1402 4767 1473 4825 huic

164 4843 264 4911 reliqui
282 4839 385 4894 codices
456 4846 490 4894 18
509 4855 588 4892 senes
610 4839 765 4907 Terentius,
784 4858 878 4896 senem
895 4842 1006 4897 Nonius
1020 4861 1051 4912 p.
1070 4848 1107 4898 36
