3316 5474
226 1279 361 1338 hrtxsiani
382 1277 479 1338 llessii
499 1278 631 1359 exempla
655 1278 854 1341 elocutionum
875 1279 1093 1342 liurlemannus
1116 1285 1146 1342 in
1170 1285 1265 1362 primo
1289 1281 1436 1343 volumine

137 1387 395 1463 grammaticorum
423 1385 581 1446 latinorum
605 1405 640 1447 ex
665 1387 797 1448 Gudiano
827 1388 927 1449 codice
956 1388 1048 1449 edidit
1071 1407 1094 1448 a.
1122 1384 1206 1449 1830
1230 1437 1236 1448 .
1261 1398 1327 1450 unte
1356 1389 1436 1449 huuc

137 1492 267 1570 Angelus
290 1492 384 1552 Maius
407 1493 534 1553 eundem
557 1492 666 1553 librum
691 1493 819 1554 Cornelii
844 1494 1002 1554 Frontonis
1025 1495 1142 1554 nominc
1167 1496 1358 1575 inscriptum,
1382 1495 1433 1556 sed

138 1599 237 1659 multis
261 1599 477 1660 elocutionibus
504 1598 549 1659 vel
577 1600 719 1680 exemplis
746 1603 863 1663 omissis
892 1604 921 1662 iu
945 1600 1112 1661 breviorem
1137 1602 1259 1661 sormam
1283 1600 1435 1662 redactum

137 1725 172 1767 ex
197 1706 390 1766 Ambrosiauo
413 1707 514 1767 codice
539 1706 671 1768 ediderat
693 1726 750 1767 una
775 1727 842 1768 cum
866 1708 1001 1787 epistulis
1022 1716 1053 1768 et
1071 1707 1254 1768 orationibus
1277 1708 1435 1770 Frontonis

137 1823 199 1874 tum
222 1816 351 1893 primum
375 1810 803 1894 editisllediolania.1815,
827 1833 914 1895 quam
938 1814 1097 1876 editionem
1121 1824 1261 1894 quattuor
1284 1815 1436 1877 codicibus

137 1919 282 1981 Vaticanis
306 1920 443 1981 adhibitis
463 1921 571 1981 Romae
591 1939 615 1981 a.
635 1918 717 1982 1823
738 1924 895 2002 repetivit.
910 1940 965 2001 ego
985 1924 1014 1983 in
1035 1940 1107 1981 nora
1127 1921 1256 1982 editione
1280 1922 1437 1983 lectionem

137 2027 204 2087 libri
228 2028 263 2088 ad
287 2028 374 2088 fidem
405 2028 514 2089 codicis
538 2027 720 2107 Neapolitani
735 2028 946 2110 ,bibliothecae
971 2031 1068 2108 regiae
1092 2027 1129 2088 lV
1154 2032 1177 2089 Α
1204 2027 1241 2090 11
1267 2048 1436 2110 expressam

136 2134 287 2196 exhibui.
316 2138 340 2195 is
374 2137 452 2195 euim
486 2153 521 2195 ex
554 2143 654 2195 vetere
687 2135 788 2197 codice
822 2135 974 2216 Bobieusi,
1007 2155 1066 2216 quo
1099 2135 1161 2196 solo
1195 2137 1330 2197 drusiani
1362 2136 1438 2197 liber

138 2245 295 2303 memoriae
319 2242 454 2323 proditus
478 2250 554 2322 erat,
583 2241 751 2322 descriptus
779 2253 825 2305 est
848 2291 855 2304 .
879 2262 914 2304 ex
939 2242 995 2303 hoc
1019 2252 1119 2304 autem
1143 2242 1249 2322 reliqui
1273 2243 1353 2325 libri,
1386 2245 1436 2325 qui

137 2367 216 2409 nunc
244 2358 358 2430 extant,
390 2350 472 2409 direti
505 2358 574 2410 sunt
598 2397 604 2410 .
629 2350 680 2410 sed
714 2352 852 2430 quoniam
885 2351 1041 2431 depravata
1074 2353 1139 2411 eius
1171 2349 1237 2411 libri
1271 2351 1437 2431 apographa

136 2453 205 2515 olim
224 2475 240 2515 u
261 2456 360 2516 multis
379 2464 519 2535 usurpata
539 2465 621 2538 sunt,
640 2456 676 2518 do
696 2457 742 2518 his
761 2477 879 2538 quoque
898 2457 1056 2519 dicendum
1075 2466 1136 2539 est,
1160 2466 1193 2518 ut
1207 2458 1437 2538 demonstretur,

136 2561 303 2642 exquibus
327 2563 458 2623 lontibus
482 2582 516 2623 ea
538 2562 668 2624 derivata
691 2566 765 2646 sint,
790 2584 886 2644 neqtre
909 2564 997 2625 ullam
1021 2567 1226 2626 auctoritatem
1250 2563 1437 2625 tribuendam

136 2689 201 2731 esso
226 2668 402 2731 lectionibus
426 2689 461 2730 ex
484 2671 521 2729 iis
544 2669 727 2751 depromptis
750 2665 989 2755 intellegatur*).

224 2777 416 2838 Bohieusis
440 2779 531 2856 igitur
554 2778 646 2838 codex
669 2780 700 2839 iu
724 2780 856 2860 catalogo
880 2778 1015 2840 codicum
1035 2777 1225 2839 Bohiensium
1248 2797 1325 2838 auno
1353 2775 1434 2839 1461

137 2886 226 2964 lacto,
250 2904 338 2964 quem
362 2883 508 2945 Amedeus
528 2883 643 2964 Peyron
666 2893 734 2964 post
757 2885 909 2947 Ciceronis
933 2887 1100 2946 orationum
1125 2887 1286 2964 fragmenta
1305 2903 1330 2946 a.
1352 2882 1436 2946 1824

137 2992 242 3074 edidit,
266 2992 434 3072 descriptus
458 3001 503 3052 est
525 2993 581 3073 ita,
603 3011 631 3071 p.
651 2989 693 3052 29
713 3010 766 3074 sq,
793 2995 917 3055 l'sidori
938 2997 1073 3071 episcopi
1093 2994 1255 3055 Tractatus
1279 2996 1316 3054 de
1339 3001 1435 3054 astro-

136 3103 237 3160 narnia
261 3149 267 3160 .
294 3101 433 3161 Eiusdem
457 3101 534 3160 liber
562 3101 600 3159 de
632 3118 688 3161 usn
717 3103 919 3163 litterarum.
948 3102 1072 3162 l'sidori
1102 3105 1231 3162 senioris
1262 3102 1340 3162 liber
1365 3119 1436 3177 pro·

136 3210 262 3267 mierum
287 3256 293 3268 .
318 3210 459 3267 Eiusdem
492 3208 569 3268 liber
601 3210 640 3267 de
671 3211 733 3269 nita
765 3213 812 3270 ael
842 3210 925 3270 obitu
957 3215 1132 3270 sanctornm
1164 3211 1218 3283 qni
1253 3211 1284 3268 in
1317 3209 1436 3268 domino

132 3325 364 3390 precesserunt.
377 3317 517 3376 Eiusdem
536 3314 697 3376 Tractatus
711 3317 749 3376 de
763 3318 1014 3393 interpretatione
1028 3319 1180 3376 nominum
1194 3316 1435 3390 hedrapcornm.

140 3420 300 3483 Tractatns
337 3426 479 3498 aelilonpi
509 3425 546 3482 de
578 3424 800 3499 orthoprapltia
833 3470 839 3483 .
873 3424 1011 3484 Prisiani
1043 3426 1212 3498 pramntiei
1243 3427 1290 3484 uel
1316 3428 1435 3499 porte.

136 3531 302 3590 adamanti
322 3534 385 3592 sire
407 3534 543 3591 martirii
566 3533 604 3590 de
624 3531 652 3589 B
667 3538 750 3591 muta
773 3538 803 3592 et
830 3532 996 3592 Uaoeali.
1017 3531 1062 3591 De
1085 3531 1294 3591 emendatione
1312 3536 1341 3590 et
1359 3532 1437 3589 notis

136 3644 269 3697 veterum
292 3640 440 3699 librorum
458 3686 464 3699 .
485 3639 530 3698 Ile
553 3639 823 3699 distinctionibus.
844 3639 1075 3715 depositione.
1091 3640 1254 3712 Anpnstini
1275 3636 1436 3697 Traetntns

136 3746 179 3802 ad
197 3751 319 3820 petrum
342 3746 379 3804 de
402 3763 475 3805 aera
495 3746 589 3817 fide.
618 3744 741 3805 l'sidori
762 3748 896 3822 episcopi
917 3746 995 3806 liber
1017 3747 1169 3807 secandas
1192 3746 1230 3805 de
1253 3747 1434 3820 interpreta-

137 3852 249 3910 tntione
271 3855 422 3912 ironinnrn
445 3854 670 3928 ltebrapcornrn
694 3899 700 3911 .
727 3852 827 3913 Cielns
851 3855 987 3929 pascalis
1010 3854 1068 3912 aid.
1092 3853 1197 3912 modus
1221 3853 1438 3911 adinveniendi

132 3955 242 4031 sesnnn
264 3977 359 4033 piasce
382 4007 388 4019 .
414 3960 561 4019 drusiani
582 3963 671 4020 messi
691 3957 735 4020 aa.
759 3977 803 4020 or.
827 3962 944 4020 comitis
973 3961 1069 4036 primi
1096 3961 1213 4019 ordinis
1237 3959 1436 4034 Exemplaria

136 4068 335 4125 elocutionum
359 4084 398 4126 en
429 4066 554 4141 l⁷irpilio
577 4067 710 4126 Sabatia
737 4066 893 4127 Terrentio
921 4067 1066 4127 Cicerone
1090 4068 1207 4140 dipesta
1231 4084 1291 4140 per
1317 4068 1435 4125 litteras

136 4174 310 4248 alphabeti.
325 4176 425 4233 ornrria
448 4176 661 4250 suprascripta
685 4176 716 4233 in
739 4176 841 4234 littera
865 4174 1055 4247 lorrpoharda
1078 4173 1209 4233 obscura
1229 4217 1235 4230 .
1252 4174 1344 4247 parvi
1367 4174 1415 4231 aiot
1427 4217 1434 4229 .

136 4296 171 4336 ex
196 4278 251 4340 hoc
274 4280 375 4340 codice
399 4289 466 4361 post
489 4298 597 4340 annum
625 4275 722 4359 1493,
751 4297 809 4358 quo
837 4297 914 4339 auno
938 4277 1100 4338 Bohienses
1128 4275 1246 4336 codices
1269 4295 1285 4335 u
1309 4277 1435 4356 Georgio

136 4383 247 4446 llerula
276 4389 410 4447 inventos
439 4405 504 4446 csse
532 4388 656 4465 scimus,
690 4395 808 4466 praeter
836 4385 909 4447 Velii
939 4384 1030 4464 Longi
1061 4395 1092 4445 et
1115 4383 1278 4444 Adamantii
1303 4382 1435 4462 Martyrii

137 4508 346 4517 —-.——-..

206 4567 231 4636 *i
250 4568 373 4622 Plurima
392 4585 487 4623 eorum
506 4584 577 4636 quae
596 4568 631 4622 de
649 4567 728 4622 libris
746 4582 830 4620 manu
853 4564 966 4634 scriptis
984 4564 1114 4619 drusiani
1137 4579 1221 4631 supro
1244 4563 1349 4633 scripta
1371 4566 1437 4619 suni

136 4668 222 4720 nuper
249 4651 278 4703 in
305 4649 398 4703 indice
425 4649 577 4703 lectionum
596 4647 760 4702 Helensium
784 4645 882 4700 aestir.
901 4661 926 4700 a.
948 4650 1015 4699 1879
1035 4642 1164 4714 exposui,
1192 4660 1263 4712 quae
1291 4644 1343 4698 hoe
1372 4644 1435 4699 loeo

136 4729 266 4801 repetivi,
285 4728 389 4797 nequid
408 4727 623 4795 desideraretur,
642 4727 717 4796 quod
736 4725 772 4780 ad
791 4725 1008 4780 confirmandam
1027 4723 1164 4779 rationem
1183 4725 1211 4778 in
1227 4739 1298 4777 nova
1312 4723 1435 4778 editione

135 4811 293 4865 institutam
312 4808 472 4877 pertineret.
