3316 5474
217 349 282 412 286
804 348 924 402 BEDAE

215 459 235 496 p.
250 450 309 490 arao.
323 450 348 490 oa
363 449 387 488 a.

303 533 397 614 Pene,
420 532 499 612 quod
523 542 569 592 est
592 533 778 613 coniunctio,
801 552 855 612 per
878 552 910 594 e:
941 551 1049 613 poena,
1079 530 1157 612 quod
1182 540 1229 592 est
1251 531 1442 613 supplicium,
1465 551 1520 612 per

214 659 263 701 oe:
288 641 424 701 similiter
447 649 477 700 et
500 638 632 718 PoenuS,
656 638 683 698 id
709 649 755 699 est
778 639 856 700 Ater.

303 746 518 826 Praegnantem
542 764 610 807 oum
634 748 745 826 scripto
769 747 1101 829 diridis‚gsee11ndae
1125 747 1251 827 syllabae
1275 752 1383 810 nectis:
1411 751 1520 828 pignus

218 862 248 914 et
271 872 368 933 pugna
388 853 525 914 similiter
543 862 573 914 et
596 862 695 913 cetera
718 853 914 915 huiusmodi.
950 845 1086 934 propter,
1110 856 1140 914 in
1164 854 1308 915 divisione
1332 854 1480 915 scribendi
1499 875 1519 934 p

215 960 362 1021 seeuntlae
386 958 512 1040 syllabae
535 963 647 1040 iungis:
670 979 828 1042 prospere,
851 979 865 1021 s
889 960 1045 1022 secundae.
1530 970 1544 1011 ⁵

301 1067 401 1128 Partio
426 1068 534 1147 populo
558 1068 668 1147 praedo
686 1063 689 1149 l
706 1070 800 1129 activo
824 1086 933 1147 genere
953 1086 1011 1129 non
1033 1087 1192 1148 numquam
1211 1069 1414 1148 proteruntur.
1446 1071 1518 1130 item

213 1175 286 1236 baec
317 1178 381 1254 ipsa
410 1177 575 1235 communis
608 1176 727 1255 generis
754 1173 843 1235 rerba
873 1177 990 1254 saepius
1018 1177 1224 1257 inveniuntur,
1251 1179 1363 1255 partior
1392 1177 1519 1256 populor

215 1282 349 1362 praedor.

302 1389 385 1449 Pono
408 1388 583 1468 simpliciter
605 1388 714 1472 aliquid
739 1397 882 1450 statuens,
919 1388 1043 1468 dispono
1068 1388 1177 1468 aliquid
1201 1391 1300 1468 operis
1329 1391 1519 1468 impensioris

215 1494 262 1557 vel
290 1495 406 1556 consilii
433 1496 580 1556 tacturus:
608 1504 654 1556 est
681 1498 769 1557 etiam
792 1495 949 1575 disponere
974 1494 1102 1556 foederis
1129 1496 1260 1557 ineundi.
1296 1514 1430 1575 propono
1457 1514 1518 1557 non
1534 1505 1561 1544 ¹⁰

214 1620 374 1681 numquam
401 1601 437 1662 ad
464 1601 707 1681 interrogandum
736 1605 866 1682 pertinet
894 1610 923 1663 et
951 1604 1164 1682 quaestionem.
1201 1601 1316 1682 adpono
1345 1602 1519 1664 adiectionis

215 1717 274 1790 est,
296 1711 416 1788 impono
441 1708 586 1769 insuendi.
624 1718 794 1788 superpono
818 1708 945 1788 aliquem
965 1727 1087 1769 sensum
1111 1707 1156 1767 vel
1180 1707 1310 1767 laborem
1334 1710 1386 1769 uni
1409 1710 1518 1786 enique

215 1815 358 1876 indicens.
397 1834 547 1895 praepono
571 1815 681 1894 aliquid
709 1817 896 1895 praeterens:
926 1817 968 1876 sie
992 1823 1022 1875 et
1045 1824 1201 1895 antepono.
1237 1823 1383 1894 postpono
1407 1814 1518 1893 aliquid

215 1922 340 1982 inlerius
370 1921 511 1983 iudicans
553 1941 698 2002 compono
726 1923 849 1983 ornandi
878 1932 928 1983 aut
956 1922 1065 2002 eloquii
1093 1931 1143 1984 aut
1171 1923 1286 1983 artificii
1316 1931 1374 2003 est,
1406 1940 1518 2001 sepono

215 2028 379 2106 separandi.
417 2048 551 2109 suppono
582 2029 690 2109 aliquid
720 2029 826 2091 subtus
853 2029 1008 2090 inducens.
1043 2029 1159 2108 depono
1185 2003 1450 2088 labeiaetandiest
1472 2027 1560 2089 rel¹⁶

216 2135 273 2194 vita
297 2134 467 2195 excedendi.

303 2239 483 2319 Peregrinus
503 2261 610 2303 nomen
630 2260 717 2322 saepe
737 2245 850 2304 socium
869 2241 958 2303 habet
977 2251 1007 2303 et
1024 2244 1215 2303 coniunctum
1235 2240 1291 2302 sibi
1310 2259 1418 2302 nomen
1438 2241 1515 2302 aliutl

217 2345 305 2407 dativi
329 2365 431 2427 casus,
456 2358 488 2408 ut
511 2350 605 2409 saneti
628 2348 769 2411 dicuntur
792 2351 943 2429 peregrini
965 2349 1035 2409 hnic
1059 2347 1184 2408 saeculo.

304 2452 494 2537 Praestolari‚
518 2475 576 2516 non
600 2457 789 2538 praestulari,
813 2459 881 2535 quia
905 2444 984 2516 venit
1007 2475 1023 2516 a
1047 2454 1136 2517 verbo
1160 2465 1278 2534 praesto
1302 2473 1376 2515 sunt.

304 2559 416 2640 Puppis
435 2564 634 2623 accusativum
653 2581 754 2623 casum
774 2565 865 2624 inem
885 2570 916 2623 et
934 2564 964 2622 in
979 2564 1018 2622 im
1034 2563 1134 2642 mittit,
1153 2560 1310 2622 ablativum
1328 2563 1390 2621 ine
1410 2564 1484 2623 etin
1499 2564 1517 2623 i.
1532 2569 1560 2609 ²⁰

304 2667 401 2728 Psallo
423 2670 592 2748 perlectum
615 2670 685 2730 lacit
707 2670 821 2749 psallui.

304 2773 406 2835 Potior
429 2778 542 2855 potitus
566 2795 631 2837 sirm
655 2785 685 2837 et
708 2778 848 2855 periruor
870 2776 1043 2856 perfructus
1066 2793 1132 2836 sum
1156 2794 1191 2835 ex
1216 2794 1275 2836 urm
1299 2792 1406 2854 graeco
1429 2777 1519 2856 venit,

215 2879 295 2957 quod
319 2888 365 2940 est
387 2871 555 2944 ἀπολαύω.

304 2986 454 3049 Praeoello
478 2989 551 3050 aliis.

305 3094 434 3156 Pascuas
457 3115 566 3176 genere
591 3099 733 3158 leminino
756 3105 787 3158 et
809 3115 917 3177 pascua
941 3104 1048 3158 neutro
1072 3095 1225 3175 pluraliter
1249 3095 1382 3157 dicimus.
1533 3102 1560 3142 ²⁵

305 3202 455 3264 Primitiae
479 3222 603 3265 numero
632 3213 746 3265 tantum
775 3203 880 3283 plurali
909 3203 1059 3282 dicuntur,
1087 3201 1137 3262 sed
1162 3203 1338 3280 aliquotiens
1362 3203 1519 3282 singularis

217 3307 446 3397 intellegemus,
470 3313 556 3371 utin
580 3310 691 3390 psalmo
716 3304 788 3392 (77,
807 3310 856 3369 51.
880 3310 958 3383 104,
977 3301 1038 3392 36)
1063 3303 1259 3388 ‘primitias
1282 3310 1395 3369 omnis
1419 3307 1518 3368 labo·

217 3409 299 3475 ris’:
322 3418 353 3476 in
377 3434 483 3494 graeco
507 3419 586 3477 enim
610 3416 800 3495 singulariter
823 3406 976 3496 ἀπαρχήν
999 3414 1103 3476 babes:
1134 3417 1176 3475 sie
1199 3417 1283 3476 etin
1306 3413 1438 3494 apostolo
1461 3407 1521 3496 (od

220 3520 353 3580 Corinth.
379 3522 467 3601 115,
490 3515 548 3605 23)
572 3517 770 3602 ‘primitiae
795 3517 986 3582 Christus'.

306 3625 391 3696 Quod
414 3635 444 3687 et
468 3631 535 3706 qnia
559 3637 589 3689 et
613 3637 716 3689 curet
739 3647 830 3708 quare
849 3627 948 3688 verbis
966 3627 1123 3689 subiuncta
1146 3627 1302 3706 aliquando
1325 3626 1516 3689 indicativum
1530 3632 1558 3672 ³⁰

216 3731 339 3793 verbum
363 3733 498 3815 trahunt,
520 3735 676 3814 aliqnando
700 3737 936 3796 coniunctivum:
962 3733 1123 3812 Gregorius
1147 3729 1311 3794 ‘noverat
1335 3736 1416 3812 quia
1441 3737 1518 3796 sine

217 3838 320 3918 eulpa
344 3858 423 3900 esse
446 3842 501 3900 vix
530 3837 708 3922 possunt'‚
737 3851 766 3902 et
796 3859 916 3902 rursum
941 3836 1106 3901 ‘noverat
1134 3843 1214 3920 quia
1243 3841 1408 3901 diluendi
1435 3851 1519 3903 sunt

290 4016 391 4079 lquae
406 4014 450 4066 est
461 4013 628 4081 supplicium
645 4013 707 4066 ML
757 4011 900 4082 3pignus]
915 4013 1074 4082 pugnusM
1122 4012 1326 4083 9simpliciter]
1343 4011 1522 4067 similiterM

270 4090 401 4161 dispono]
426 4091 575 4160 disponens
596 4093 633 4146 M
704 4097 735 4144 11
759 4091 796 4145 ad
817 4089 1046 4160 interrogandum
1070 4091 1307 4163 (interrogandam
1325 4092 1375 4161 Μ)
1397 4091 1521 4162 pertinet

218 4169 410 4240 quaestionem
429 4170 498 4224 PM
514 4171 550 4225 ad
568 4170 797 4240 interrogandam
816 4170 1008 4239 quaestionem
1027 4172 1054 4225 L
1141 4178 1173 4226 12
1192 4171 1242 4226 nni
1261 4171 1374 4242 suique]
1394 4171 1443 4225 nni
1461 4171 1519 4225 oni-

218 4266 337 4321 eumque
356 4252 404 4310 eL
422 4251 467 4305 mi.
487 4250 587 4321 cuique
607 4252 643 4305 M
664 4251 693 4304 ui
712 4250 908 4318 cuiuscumque
927 4251 952 4303 P
1024 4258 1056 4306 13
1080 4269 1221 4322 praepono
1241 4252 1363 4321 aliquem
1384 4252 1421 4305 M
1491 4254 1521 4306 et

218 4347 268 4387 om.
288 4331 315 4384 P
383 4333 522 4402 postpono
540 4331 649 4401 aliquid
668 4331 716 4389 aL
733 4334 871 4401 postpono
889 4330 963 4385 enim
983 4332 1060 4386 aliud
1081 4334 1117 4386 M
1133 4349 1207 4402 pono
1226 4331 1299 4386 enim
1319 4331 1426 4399 aliquid
1444 4329 1472 4384 P

219 4415 251 4463 15
274 4409 423 4480 separandi
446 4414 489 4466 est
512 4412 540 4464 P
607 4412 768 4482 depono-
788 4409 940 4465 excedendi
962 4426 1012 4465 om.
1033 4412 1070 4464 M
1141 4417 1173 4465 tr
1198 4412 1351 4466 habetem.
1372 4409 1419 4466 sL
1491 4411 1521 4464 et

218 4504 267 4545 orn.
288 4490 316 4543 P
376 4497 408 4545 19
427 4490 601 4547 Praestolare
621 4495 737 4547 estnon
756 4490 784 4543 P
834 4491 910 4561 qnia]
930 4508 1001 4560 qnae
1021 4492 1059 4544 M
1110 4498 1143 4546 at
1163 4491 1264 4561 psallui
1283 4506 1352 4545 corr.
1372 4489 1467 4559 psallii
1482 4491 1521 4544 M

258 4575 293 4623 23
307 4567 445 4629 onotoe
459 4573 485 4627 L
499 4573 618 4643 apoleuo
632 4573 661 4626 P
671 4571 772 4641 apoleu
789 4570 826 4624 M
867 4577 901 4624 24
915 4571 1055 4640 praecello
1068 4570 1196 4626 aliieom.
1207 4571 1233 4624 L
1288 4576 1323 4624 26
1338 4569 1520 4641 singulariter

222 4648 427 4718 intellegendae
443 4654 542 4706 Albini
560 4654 677 4721 orthogr.
692 4668 722 4720 p.
739 4655 845 4718 307,11
861 4650 960 4719 singul.
976 4648 1176 4719 intelligendae
1190 4649 1263 4703 sient
1281 4649 1309 4702 in
1328 4650 1458 4718 apostolo
1473 4650 1520 4707 §L

269 4735 302 4782 22
323 4734 385 4784 affl
401 4729 510 4784 labores
530 4731 558 4784 P
625 4728 659 4784 '28
678 4730 766 4784 habet
785 4730 822 4782 M
892 4732 926 4780 30
945 4726 1068 4781 subieote
1088 4728 1126 4780 M
1186 4733 1219 4779 31
1240 4728 1479 4782 coniunctatinnm
1497 4728 1525 4781 P

269 4806 430 4878 Gregorius]
450 4825 562 4878 grecum
582 4809 610 4861 P
669 4808 743 4879 quod
762 4807 820 4861 sine
840 4808 876 4861 M
935 4813 970 4860 32
988 4809 1104 4877 possunt
1121 4805 1150 4859 P
1164 4805 1272 4874 possint
1291 4811 1325 4860 M
1340 4809 1454 4877 possent
1473 4807 1521 4864 511
