3316 5474
152 349 159 361 '
217 359 284 425 298
807 362 933 416 annun

216 474 238 512 ρ.
253 463 313 504 2830.
328 463 353 503 st
368 460 393 502 Ρ,

308 547 331 606 Β
356 549 384 607 in
410 566 424 606 s
448 556 580 608 mutatur
604 546 799 627 sequentibus
823 558 834 608 t
857 557 888 608 et
910 567 940 627 c,
964 556 996 608 ut
1019 548 1139 608 sustulit
1162 550 1301 627 suscepit.
1353 547 1530 609 Benedictio

215 664 246 714 et
271 656 365 714 oratio
388 664 418 715 ει
441 654 509 714 talia
534 664 545 715 ι
568 654 678 715 debent
706 654 816 715 babere
841 657 871 714 iu
894 654 1073 735 paenultima
1097 653 1219 734 syllaba,
1248 673 1307 715 non
1331 673 1355 714 c.
1401 654 1453 715 Bis
1477 655 1529 716 ad·

218 760 352 821 rerbium
376 780 430 841 per
454 761 485 842 b,
510 764 553 821 ris
577 780 684 821 nomen
709 780 762 841 ρει
787 781 802 820 ι
827 761 978 823 scribitur.
1014 761 1090 842 Bile,
1120 764 1144 822 si
1168 762 1207 822 iel
1231 763 1389 843 significat,
1415 781 1470 842 per
1494 762 1529 843 b3

217 870 242 926 si
266 867 413 928 abiectum
437 867 561 949 aliquid,
585 869 663 947 qnod
688 879 734 929 est
758 869 828 948 vile,
850 886 905 948 per
924 887 940 926 v
962 867 1152 928 scribendum
1172 877 1225 927 εει.
1263 868 1372 949 Berna,
1396 872 1421 929 si
1445 869 1529 930 domi

216 974 349 1051 genitum
369 976 526 1054 significat,
550 976 578 1035 id
604 985 649 1036 est
673 968 859 1056 οἰκογενής,
882 992 936 1054 ρει
956 973 974 1033 b
998 972 1188 1034 scribendum
1208 982 1266 1055 est3
1289 976 1315 1034 si
1339 984 1474 1054 tempus,
1493 985 1530 1036 ut
1558 991 1572 1028 ⁵

216 1099 305 1141 verna
330 1088 476 1163 tempora,
505 1102 558 1161 ρει·
583 1103 598 1140 v
622 1082 712 1143 scribi
737 1092 875 1143 auctores
898 1080 1065 1142 voluerunt.
1102 1080 1237 1141 Berbena
1260 1091 1386 1161 utraque
1416 1080 1529 1161 syllaba

211 1206 231 1249 a
248 1188 266 1248 b
285 1190 414 1268 incipiat.
452 1188 614 1269 belzebub,
634 1209 692 1250 non
712 1188 865 1269 Belzebnl,
882 1187 987 1269 Belial,
1007 1207 1066 1248 non
1086 1187 1183 1247 Reliar
1201 1188 1259 1267 dici
1281 1187 1378 1249 debet.
1411 1189 1527 1269 Baptis-

217 1313 283 1355 mus
302 1289 307 1376 Ι
329 1294 466 1375 baptismi
494 1316 602 1376 genere
633 1296 807 1376 masculino,
836 1305 866 1355 et
898 1295 1042 1374 baptisma
1076 1295 1259 1374 baptismatis
1287 1307 1316 1356 et
1346 1295 1527 1376 baptismum

217 1401 356 1480 baptismi
385 1406 542 1464 inuenitur.
589 1404 733 1464 Blittera
757 1414 861 1464 contra
885 1405 899 1463 l
924 1413 981 1462 non
1006 1413 1105 1483 sonat,
1134 1401 1186 1463 sed
1215 1404 1244 1462 in
1269 1421 1332 1462 earn
1358 1405 1463 1463 transit
1494 1406 1528 1465 in

216 1512 438 1590 conpositione,
458 1520 493 1570 ut
512 1513 583 1572 ollni
603 1530 662 1571 non
677 1510 773 1586 obici,
793 1513 903 1570 snllero
923 1528 977 1589 pro
997 1509 1127 1570 subfero.
1156 1509 1307 1588 bquoque
1323 1512 1352 1569 in
1368 1529 1382 1569 s
1398 1514 1529 1573 transire
1545 1525 1571 1563 10

216 1613 292 1675 solet
321 1617 420 1677 multis
452 1619 482 1676 in
512 1616 598 1698 locis,
628 1626 662 1676 ut
690 1617 795 1678 sustuli
829 1619 958 1700 suscipio
991 1619 1124 1677 sustineo
1158 1616 1306 1696 suspendo
1335 1635 1389 1697 pro
1413 1616 1555 1679 subtuli*

216 1730 246 1782 et
275 1722 409 1803 subcipio
438 1733 467 1783 et
497 1725 642 1785 subteneo
670 1735 700 1785 et
732 1724 894 1804 subpendo.
945 1723 1002 1784 Bes
1039 1727 1099 1785 sive
1133 1724 1234 1804 besse,
1267 1725 1345 1802 quod
1379 1726 1528 1803 significat

216 1843 280 1889 ιἰιι
306 1833 408 1890 uncias
431 1831 522 1911 pcrb
547 1831 738 1892 scribendum
757 1841 811 1891 εει.
849 1831 952 1891 Bimns
971 1833 1055 1910 quasi
1079 1830 1228 1911 bilriemiS,
1252 1840 1284 1890 ct
1305 1831 1373 1890 inde
1397 1831 1528 1893 bimatus

217 1935 376 2017 derivatur,
404 1938 454 1997 ab
482 1940 598 2018 incipit,
627 1947 656 1997 ct
685 1938 814 2017 biennis,
843 1939 927 2016 qrrasi
957 1937 1084 1998 duorum
1112 1955 1265 1997 annorum.
1308 1937 1466 1998 Benivolus
1496 1949 1528 1999 ει

220 2041 378 2124 benificus,
408 2043 476 2104 licet
500 2065 514 2103 a
539 2025 615 2104 bene
639 2044 778 2105 adverbio
802 2047 840 2105 sit
864 2047 1065 2124 conpositum,
1094 2054 1191 2104 tamcn
1215 2062 1270 2122 ρει·
1294 2047 1319 2123 i,
1348 2063 1406 2104 non
1431 2065 1485 2123 per
1509 2060 1569 2107 e1⁵

218 2147 373 2230 scribitur3
403 2151 538 2212 similiter
563 2162 591 2212 ct
621 2152 773 2214 malivolus
797 2162 827 2212 et
851 2151 1006 2233 maliticus,
1030 2152 1108 2211 sicut
1130 2170 1145 2209 a
1170 2170 1241 2229 pace
1265 2152 1414 2230 pacificus.
1453 2151 1538 2212 Bibo·

218 2273 233 2313 a
262 2265 334 2335 potu
363 2277 416 2336 per
444 2259 502 2318 duo
532 2259 550 2318 b
581 2268 611 2319 ει
639 2261 707 2321 iacit
736 2260 802 2348 bibi,
825 2262 1032 2340 praeteritum,
1061 2261 1125 2318 viro
1152 2277 1167 2316 a
1196 2260 1253 2318 rita
1282 2279 1336 2337 per
1364 2259 1422 2319 duo
1452 2279 1468 2319 v
1496 2269 1528 2322 et

220 2361 288 2421 lacit
315 2366 508 2441 praeteritum
534 2368 605 2446 riri,
634 2377 663 2427 et
690 2367 776 2427 ambo
800 2376 1006 2437 consonantes.
1052 2365 1180 2446 Bivium,
1204 2367 1263 2426 iter
1286 2367 1407 2447 duplex,
1431 2369 1527 2445 prima

219 2469 327 2548 syllaba
347 2490 362 2530 a
382 2470 401 2530 b
421 2473 536 2552 incipit,
557 2475 686 2535 secunda
706 2475 741 2535 ab
763 2496 777 2533 v
797 2483 986 2534 consonante.
1025 2473 1126 2533 Brevis
1145 2473 1274 2533 secunda
1293 2473 1402 2553 syllaba
1425 2492 1481 2553 per
1501 2493 1527 2552 r,

221 2573 288 2636 inde
309 2577 446 2638 brevitor.
483 2579 631 2662 llalteunr,
650 2580 815 2661 cingulum,
837 2599 889 2659 per
909 2600 924 2640 ε
945 2580 1100 2640 scribatur.
1137 2579 1197 2639 lico
1217 2579 1299 2660 beas,
1319 2580 1387 2640 inde
1406 2579 1527 2652 beatus3
1543 2593 1569 2630 2⁰

220 2685 297 2743 sicut
321 2703 387 2744 meo
410 2704 504 2768 meas,
528 2688 595 2749 inde
622 2700 748 2769 meatus3
771 2699 801 2748 et
825 2707 894 2748 creo
919 2704 1016 2769 creas,
1040 2686 1107 2746 inde
1131 2698 1258 2747 creatus.

313 2793 405 2852 Causa
430 2813 484 2872 per
508 2814 599 2855 unum
620 2813 633 2854 s
658 2795 814 2856 scribatur.
852 2796 970 2854 Circum
994 2795 1174 2873 praepositio
1199 2791 1375 2871 quibusdam
1398 2795 1428 2852 in
1453 2791 1527 2853 locis

221 2915 250 2956 m
269 2901 392 2980 amittit,
417 2912 449 2961 ut
468 2904 610 2984 circuirc;
635 2905 664 2962 in
684 2903 860 2982 quibusdam
881 2911 991 2981 serrat,
1014 2909 1048 2961 ut
1067 2901 1276 2978 circumvenit3
1300 2901 1329 2958 in
1349 2898 1527 2977 quibusdam

220 3009 419 3088 postponitur,
444 3017 475 3069 ut
500 3007 645 3088 Vergilius
669 3004 757 3092 (Αειι.
783 3003 879 3093 132)
904 3004 1028 3067 ‘maria
1052 3008 1167 3065 omnia
1192 3001 1353 3066 circum'.
1396 3005 1528 3065 Caverna

222 3131 276 3190 per
299 3131 325 3193 r,
355 3113 474 3175 {alterna
504 3116 600 3195 perb
629 3117 785 3177 scribatur.
823 3116 914 3195 Cana,
943 3117 967 3174 si
997 3114 1094 3175 iocum
1119 3113 1276 3191 significat,
1301 3130 1469 3190 perunum
1495 3127 1570 3192 n32⁵

154 3248 158 3255 ·
221 3220 244 3278 si
269 3238 409 3302 gernren,
432 3240 486 3300 per
510 3223 582 3305 diro,
605 3225 634 3284 id
658 3234 704 3283 εει
727 3242 828 3283 ιειιιιε.
870 3222 1023 3301 Cynomia,
1047 3221 1071 3279 si
1096 3238 1150 3298 ρει·
1174 3239 1189 3297 y
1214 3219 1370 3296 scribatur,
1393 3221 1529 3280 caninam

224 3345 354 3386 muscam
376 3330 533 3411 significat,
554 3350 644 3410 cynos
663 3350 767 3408 gracco
788 3332 869 3389 coriis
887 3331 1011 3390 elicitur:
1031 3328 1182 3387 coenomia
1201 3345 1255 3405 ρει
1274 3325 1477 3405 diphthongon
1493 3345 1529 3385 oc

222 3452 408 3495 communem
430 3455 574 3518 muscam,
598 3437 626 3498 id
652 3449 697 3498 est
717 3440 812 3497 omnis
836 3439 954 3516 generis
974 3452 1120 3514 muscam,
1143 3434 1301 3513 significat,
1325 3435 1393 3511 quia
1413 3452 1528 3493 coenon

221 3558 326 3619 graece
351 3561 507 3602 commune
536 3545 654 3624 dicium,
683 3544 760 3604 unde
789 3542 965 3603 coenobium
989 3542 1154 3601 communis
1183 3539 1324 3600 habitatio
1354 3539 1529 3619 appellatur.

223 3647 357 3707 Cerduus
382 3651 470 3709 trium
496 3650 671 3729 syllabarum
696 3660 755 3730 est,
783 3652 860 3709 sicut
889 3649 999 3708 arduus
1024 3647 1122 3706 latuus
1146 3656 1291 3707 mortuus
1329 3645 1435 3726 Cuspis
1459 3665 1527 3707 cns-
1543 3660 1571 3699 ³0

223 3754 329 3835 spidis,
358 3774 415 3815 non
441 3776 556 3835 ctrspes.
575 3776 581 3785 ·
603 3755 829 3816 Cornnrodnmns
858 3776 932 3834 ιριεε
958 3757 1130 3835 recipimus,
1160 3754 1295 3834 perduc
1319 3774 1348 3813 nr
1372 3754 1531 3836 scribitur;

225 3871 407 3936 mutuamus,
431 3863 500 3923 dnm
525 3864 656 3943 aequalia
682 3866 850 3941 recipimus.
890 3863 1020 3922 Collocat
1043 3881 1096 3941 per
1121 3863 1179 3921 cluo
1204 3861 1212 3920 l
1236 3860 1386 3942 scribitur,
1409 3863 1530 3921 commi-

226 3986 281 4028 nus
304 3988 358 4048 per
382 3969 441 4029 duo
466 3990 508 4050 m,
532 3974 648 4031 eminus
673 3990 725 4050 per
749 3988 841 4030 unum
865 3988 902 4030 nr.
947 3970 1112 4029 comminus
1136 3987 1203 4028 cum
1228 3967 1332 4046 gladiis
1354 3984 1532 4048 pugnamus,

224 4078 340 4137 eminus
360 4096 427 4138 cum
448 4078 571 4158 lanceis,
590 4081 657 4158 quia
678 4078 747 4138 illud
773 4097 788 4138 a
808 4096 896 4137 manu
917 4095 975 4137 non
997 4077 1121 4157 recedit,
1145 4077 1200 4136 lroc
1225 4095 1241 4134 e
1261 4073 1396 4134 manibus
1420 4075 1529 4134 emitti·

315 4285 327 4331 1
349 4278 511 4334 Benedictio
528 4282 560 4333 'et
577 4278 667 4333 oratio
686 4284 698 4331 t
717 4276 820 4330 debent
844 4277 944 4330 habere
964 4276 992 4330 in
1019 4276 1173 4344 penultimo
1191 4274 1300 4343 syllaba
1318 4291 1373 4327 non
1392 4289 1407 4326 c
1427 4273 1532 4327 etalio

225 4357 334 4412 similia.
364 4360 428 4414 Bin
445 4380 457 4413 s
476 4362 600 4413 mutatur
620 4357 798 4426 sequentibus
818 4361 830 4409 l
849 4358 878 4410 ei
897 4375 911 4411 c
931 4361 962 4410 ul
979 4356 1093 4409 sustulit
1111 4355 1235 4423 suscipit.
1264 4353 1408 4407 Beneficus
1427 4354 1462 4406 eb
1482 4353 1530 4405 ad-

225 4438 322 4493 uerbio
336 4441 405 4495 bone
420 4441 606 4511 compositum
622 4456 670 4508 per
685 4438 703 4491 b
718 4436 863 4490 scribatur.
885 4439 930 4491 Bis
944 4436 1107 4491 nduerbium
1125 4437 1160 4488 M
1214 4441 1229 4487 6
1245 4432 1341 4504 scribi]
1358 4433 1478 4487 scribere
1496 4435 1533 4487 Μ

225 4519 347 4572 berbena
362 4522 419 4589 Mp
438 4521 597 4575 borbeneS
653 4527 684 4572 1⁶2
705 4517 889 4585 siuebessop
909 4519 968 4570 siue
987 4517 1060 4570 bisse
1079 4517 1143 4570 SM
1198 4521 1230 4569 13
1250 4513 1330 4581 quasi
1349 4512 1480 4566 bihiemis
1496 4515 1532 4566 M

226 4598 306 4665 quasi
326 4599 433 4655 biennis
454 4604 475 4654 S
493 4603 573 4671 quasi
592 4600 690 4655 hiemis
708 4616 727 4665 ρ
802 4604 833 4650 lb
853 4598 997 4667 benificus]
1017 4594 1153 4665 benignus
1174 4597 1211 4648 M
1273 4601 1307 4647 26
1327 4593 1349 4646 si
1368 4609 1482 4661 germen
1502 4593 1532 4647 id

227 4680 270 4731 εει
288 4695 378 4733 cenna
395 4698 445 4748 per
464 4683 519 4734 dno
539 4681 677 4735 scribatur
697 4681 732 4733 M
804 4675 938 4745 Cynomia
956 4675 979 4728 si
999 4692 1049 4744 per
1066 4694 1084 4743 y
1103 4675 1241 4729 scribetur
1260 4674 1387 4728 caninam
1407 4689 1532 4726 muscam

227 4757 366 4826 significat
391 4760 423 4812 Μ
453 4761 582 4828 cynomia
612 4777 661 4828 per
684 4779 702 4829 y
730 4757 906 4813 scribendum
930 4757 972 4809 est
999 4755 1100 4809 canina
1124 4771 1220 4808 musco
1242 4753 1416 4825 significatur
1439 4751 1461 4806 S

227 4848 260 4897 ‘29
280 4840 445 4894 coenubium
465 4840 529 4896 SM
607 4847 641 4894 32
662 4843 821 4893 mutuamus
841 4837 876 4890 M
893 4839 1027 4890 mutuom.
1047 4836 1069 4891 S
