3316 5474
639 364 687 419 DE
707 364 994 421 ORTHOGRAPHIA
1408 368 1470 433 169

163 474 188 512 ιι.
203 463 265 504 ma
279 463 305 504 st
318 463 345 503 1².

163 545 322 607 benivolus
344 546 502 623 benificus,
532 548 683 611 dumtaxat
706 569 720 610 a
745 550 970 612 benefaciendo:
999 571 1066 612 nam
1089 572 1104 613 a
1128 572 1242 614 veneno
1266 537 1360 631 perv
1384 554 1473 615 scribi

164 652 268 714 nullus
290 655 414 733 ignorat,
453 658 676 717 meminerimus
699 667 798 719 tamen
821 658 940 719 beatum
963 678 979 719 a
999 663 1153 739 superiore
1176 660 1337 721 abhorrere
1361 660 1473 740 regula,

164 759 247 838 ‹yuod
269 762 394 839 primam
414 761 553 841 syllabam
577 764 657 825 nulla
679 768 814 844 sequitur
833 784 1008 826 consonans,
1046 776 1076 827 et
1100 770 1237 846 quoniam
1261 768 1331 828 buic
1350 770 1473 846 opponi·

163 876 218 927 tur
244 867 363 946 regulae
395 869 553 930 vehemens
581 878 611 930 et
637 871 818 946 vehiculum,
846 890 1049 932 ammonemus
1072 873 1091 932 b
1120 874 1217 933 lacere
1246 873 1474 952 adspirationem

131 967 216 1055 s(ut
244 974 275 1035 in
300 975 414 1055 multis,
441 976 489 1036 bic
517 995 636 1057 quoque
660 999 677 1036 v
705 978 864 1058 praelatam
892 975 1056 1061 videmus),
1085 998 1172 1058 quam
1196 983 1266 1059 poni
1290 999 1345 1060 pro
1369 999 1474 1040 conso

166 1089 257 1141 nante
284 1081 424 1160 possibile
455 1092 508 1143 est.
549 1102 584 1144 ve
612 1083 757 1163 producta
788 1084 924 1145 similiter
954 1087 983 1144 iu
1008 1087 1102 1164 capite
1127 1088 1301 1167 constituta,
1329 1086 1475 1166 siquidem

164 1186 322 1249 masculini
349 1188 393 1249 vel
423 1191 521 1249 neutri
549 1194 667 1270 generis
695 1201 784 1252 eruut
812 1194 944 1272 nomina,
972 1194 1002 1251 in
1031 1192 1139 1271 quibus
1168 1192 1240 1253 haec
1266 1194 1364 1269 scierit
1391 1170 1474 1272 prae·

163 1296 262 1373 posita
286 1294 410 1375 syllaba,
432 1315 486 1375 per
510 1316 528 1356 v
551 1296 680 1357 vocalem
703 1316 758 1377 pro
778 1306 959 1358 consonante
980 1297 1157 1380 signabitur,
1181 1309 1214 1360 ut
1237 1310 1359 1362 venator
1377 1301 1474 1361 velum

163 1408 316 1462 veratrum
341 1403 525 1465 venabulum.
572 1406 691 1464 sivero
717 1412 806 1463 erunt
834 1404 974 1463 feminina
998 1404 1214 1486 tantummodo,
1238 1424 1366 1484 quorum
1390 1411 1473 1487 origo

118 1526 182 1568 roa
201 1509 363 1570 masculino
382 1514 483 1572 venire
504 1530 562 1572 non
582 1513 731 1591 cernitur,
753 1530 807 1590 per
826 1509 845 1570 b
869 1519 980 1570 mutam
1003 1509 1185 1591 scribentur,
1209 1519 1242 1571 ut
1264 1511 1363 1571 besica
1387 1512 1474 1575 belua

164 1614 276 1697 bestia,
299 1618 339 1677 ita
362 1625 461 1677 tamen
480 1619 506 1677 si
525 1636 584 1677 non
603 1616 728 1677 duarum
752 1617 864 1677 luerim
883 1616 1074 1695 syllabarum:
1094 1615 1099 1697 Ι
1120 1636 1187 1678 nam
1206 1617 1362 1679 mutabunt
1381 1623 1473 1699 scrip·

165 1731 278 1802 turam,
306 1731 340 1783 ut
368 1742 441 1783 vena
469 1742 556 1803 vespa
584 1733 615 1785 et
641 1723 688 1783 bis
716 1723 829 1783 similia.
866 1722 913 1784 bis
941 1742 1060 1803 quoque
1089 1726 1248 1804 opponitur
1276 1723 1358 1807 beta,
1385 1744 1474 1804 quam

241 1894 407 1948 lbeuilicns
423 1893 451 1962 0,
466 1911 534 1949 cerr.
549 1895 689 1950 beneficus
702 1895 739 1962 B,
753 1895 892 1950 beneficus
906 1895 934 1948 A
989 1897 1112 1968 aquod]
1127 1914 1200 1966 quae
1213 1898 1240 1951 B
1295 1903 1472 1952 tammone-

164 1991 229 2027 mus
247 1974 299 2029 hoc
318 1974 409 2030 lacere
424 1975 656 2044 adspirationem,
674 1977 706 2028 ut
724 1975 753 2029 in
768 1975 864 2030 multis
882 1975 924 2030 ita
941 1975 987 2029 hic
1002 1992 1112 2045 quoque
1127 1995 1144 2031 v
1160 1977 1316 2046 praelatam
1330 1975 1474 2032 videamus

166 2053 267 2108 Carrio
330 2054 361 2125 h]
381 2055 435 2110 hoc
453 2055 544 2110 ABG
605 2055 771 2125 upossibila
785 2059 836 2111 est.
858 2072 911 2111 rae
930 2056 1120 2126 diphthongus
1138 2056 1197 2110 sive
1216 2056 1277 2110 sola
1294 2057 1352 2122 est,
1372 2060 1404 2111 ut
1422 2073 1475 2111 vae

164 2133 269 2189 misero
287 2134 370 2203 mihi,
390 2134 449 2189 sive
468 2152 530 2188 cum
549 2134 661 2188 uomina
680 2135 824 2204 componit
841 2152 921 2203 usus,
939 2139 971 2190 ut
984 2152 1121 2189 vaesanus
1141 2134 1175 2204 (si
1194 2152 1260 2190 uero
1275 2135 1390 2190 minime
1409 2154 1474 2192 cou-

164 2212 249 2283 pouit
265 2232 331 2269 usus
350 2217 382 2268 ut
400 2231 519 2270 tresanus
540 2215 563 2270 Ο
580 2216 604 2268 si
622 2232 657 2269 ue
676 2215 790 2269 minime
807 2218 839 2269 ut
857 2232 975 2269 uesanus
995 2215 1031 2280 A)
1051 2231 1102 2284 per
1120 2233 1137 2267 u
1157 2214 1319 2285 digammon
1333 2215 1473 2285 scribitur,

165 2310 201 2349 va
219 2292 355 2363 producta
370 2295 426 2349 Ao
438 2300 463 2348 et
477 2295 578 2350 Carrio
635 2303 649 2350 'l
669 2294 753 2350 fuerit
767 2311 817 2350 om.
832 2295 922 2349 ABG
974 2301 990 2348 9
1010 2296 1165 2366 veratrum]
1185 2312 1281 2348 uerum
1295 2294 1355 2350 Bu
1365 2313 1433 2350 ueru
1447 2297 1475 2350 A

166 2376 308 2428 ueratrum
326 2370 426 2444 μόριον
446 2390 463 2432 ς
537 2381 569 2429 12
588 2392 673 2444 quam
692 2374 786 2444 graeci
805 2374 865 2429 Aa
881 2392 954 2444 quae
973 2391 1056 2445 grece
1075 2374 1103 2427 B

168 2558 635 2567 --———-—-—-——-

619 2677 803 2732 MARTYRII
821 2677 869 2732 DE
888 2678 911 2731 B
930 2677 978 2731 ΕΤ
997 2678 1023 2733 V

166 2847 319 2907 benificus.
357 2847 578 2905 meminerimus
603 2854 700 2905 tamen
726 2843 845 2905 beatum
869 2864 885 2904 a
908 2848 1045 2924 superius
1068 2845 1145 2905 dicta
1175 2844 1335 2905 abliorrere
1359 2845 1469 2925 regula,

168 2953 248 3033 quod
275 2956 400 3033 primam
429 2950 568 3032 syllabam
595 2951 673 3012 nulla
702 2953 838 3030 sequitur
861 2946 1036 3011 consonans.
1078 2960 1108 3012 et
1131 2953 1270 3030 quoniam
1293 2950 1362 3011 huic
1387 2955 1498 3012 etiam·

168 3063 328 3140 opponitur
356 3059 474 3138 regulae
504 3059 661 3120 vebcmens
690 3067 720 3118 et
747 3057 929 3137 vehiculum,
960 3056 1151 3117 admonemus
1175 3057 1417 3138 adspirationem,
1441 3067 1473 3118 ut

168 3170 199 3227 in
227 3166 340 3247 multis,
367 3166 415 3226 bic
444 3185 561 3245 quoque
589 3166 682 3225 inseri
708 3181 763 3243 pro
791 3173 972 3224 consonante
1007 3161 1155 3242 possibile.
1198 3182 1232 3222 vc
1264 3162 1407 3242 producta
1445 3166 1475 3223 in

140 3273 272 3334 academ
291 3273 360 3333 sede
381 3273 544 3352 conlocata,
568 3271 713 3350 siquidem
732 3269 887 3329 masculini
907 3269 951 3329 vel
975 3271 1074 3330 uerrtri
1097 3272 1216 3348 generis
1235 3278 1323 3329 crunt
1347 3272 1474 3350 uomina,

169 3379 277 3459 quibus
300 3380 372 3440 baec
396 3381 486 3439 luerit
509 3380 676 3458 praeposita
696 3376 817 3456 syllaba,
840 3395 895 3455 per
913 3396 930 3433 v
949 3375 1079 3436 vocalem
1102 3395 1157 3454 pro
1177 3387 1357 3436 consonante
1377 3379 1473 3456 signa·

168 3487 263 3568 bitur,
290 3495 323 3547 ut
352 3494 473 3545 venator
501 3483 596 3545 velum
626 3484 790 3561 [veretrum
818 3476 856 3544 τὸ
881 3477 1015 3566 μόριον]
1045 3492 1194 3543 veratrum
1227 3482 1411 3544 venabulum.
1449 3487 1474 3544 si

170 3601 258 3653 erunt
284 3611 354 3652 vero
385 3593 524 3652 feminina
552 3591 769 3672 tantummodo,
799 3609 926 3670 quorum
955 3592 1037 3671 origo
1063 3609 1078 3650 a
1103 3591 1265 3650 masculino
1289 3594 1389 3651 venire
1415 3610 1472 3651 non

170 3682 316 3780 cernitur,
338 3718 392 3778 per
411 3698 430 3757 b
450 3706 560 3759 mutam
580 3698 763 3778 scribentur,
786 3697 885 3758 besica
904 3687 924 3776 ἡ
944 3695 1051 3778 φῦσα,
1071 3697 1170 3777 belua,
1191 3696 1297 3779 bestia,
1316 3701 1355 3758 ita
1376 3707 1473 3759 tamen

131 3818 155 3856 1⁰
171 3808 195 3866 si
224 3824 282 3866 non
311 3806 435 3866 duarum
464 3807 575 3866 luerint
603 3804 797 3884 syllabarum:
826 3823 893 3865 nam
922 3803 1078 3865 mutabunt
1106 3806 1299 3885 scripturam,
1332 3814 1364 3866 ut
1392 3824 1474 3887 vena,

171 3930 256 3990 vespa
277 3902 440 3992 ἆνθηδών
460 3921 489 3972 ct
508 3912 622 3972 similia.
654 3911 700 3971 bis
720 3929 838 3991 quoque
853 3912 1014 3991 opponitur
1029 3910 1104 3991 beta,
1119 3930 1194 3990 quae
1213 3930 1319 3990 graece
1334 3910 1475 3974 σεῦτλον

170 4007 292 4097 duur&
310 4007 476 4090 Ἀττικοὺς
493 4015 633 4078 τεῦτλον
652 4025 786 4098 vocatur,
810 4021 948 4097 quoniam
971 4021 1002 4080 in
1026 4037 1132 4098 graeco
1155 4018 1233 4079 idem
1257 4038 1351 4098 genus
1374 4020 1474 4081 obser·

171 4143 238 4185 vare
268 4143 328 4185 non
358 4127 462 4203 potuit.
506 4134 659 4205 praeterea
690 4126 875 4205 quaerimus,
905 4142 960 4185 cur
990 4126 1098 4184 veritas
1129 4131 1159 4184 et
1190 4124 1323 4185 seminini
1356 4128 1475 4203 generis

256 4303 269 4351 1
285 4297 424 4352 beneficus
445 4296 473 4348 P
534 4313 552 4349 a
565 4313 614 4350 nm.
629 4295 672 4348 N:
690 4312 708 4348 a
724 4294 850 4364 superius
864 4294 941 4349 dicta
956 4295 1054 4364 regula
1068 4293 1226 4364 discrepare
1247 4296 1275 4348 P
1329 4302 1344 4349 2
1364 4295 1394 4350 et
1411 4301 1474 4350 autc

171 4376 302 4445 quoniam
320 4384 345 4431 ct
362 4377 458 4431 deiude
476 4375 561 4429 etiam
580 4391 631 4428 om.
650 4374 678 4426 P
746 4374 1009 4427 3amm0nemusb
1034 4372 1233 4441 aspirationem
1254 4375 1283 4427 P
1352 4377 1474 4444 tpossi·

172 4455 226 4512 vile
246 4458 275 4512 et
297 4474 348 4511 vae
368 4457 538 4526 dipthongus
557 4453 616 4510 sive
635 4453 696 4507 sola
715 4455 758 4506 eat
781 4455 813 4507 ut
836 4472 871 4508 ve
890 4455 991 4508 misero
1010 4454 1078 4507 mibi
1098 4453 1156 4508 sive
1175 4454 1281 4508 nomini
1300 4453 1475 4524 componitur

172 4538 203 4590 nt
221 4554 357 4591 vaesanus
375 4553 424 4605 per
443 4555 460 4590 v
480 4535 640 4605 digammon
660 4532 796 4588 scribitur.
825 4550 858 4587 re
872 4534 1009 4602 producta
1024 4532 1052 4585 P
1112 4531 1248 4601 liquibus
1269 4535 1297 4587 P
1313 4551 1431 4604 quorum
1445 4536 1479 4590 N

225 4670 352 4725 ivelum
372 4671 513 4723 veratrum
532 4666 700 4721 venabulum
722 4665 750 4719 P
765 4667 857 4722 velum
878 4626 1017 4738 veuitrum
1040 4663 1081 4721 τὸ.
1098 4663 1197 4736 μόριον
1216 4668 1384 4723 venabulum
1402 4675 1427 4723 ct
1447 4670 1477 4724 ia

171 4767 255 4819 ortorp.
280 4752 422 4804 veratrum
445 4748 478 4802 N
548 4754 580 4800 tl
604 4762 676 4815 quae
699 4762 798 4816 graece
822 4748 850 4799 P
871 4747 946 4816 quod
970 4763 1070 4817 graece
1091 4746 1125 4800 N
1196 4752 1227 4800 12
1253 4744 1324 4803 aurci
1342 4743 1477 4812 Ἀττικούς

172 4848 222 4887 cm.
241 4831 269 4887 P
339 4829 487 4884 obseruare
505 4843 560 4881 uon
578 4826 672 4896 potnit
691 4826 719 4880 P
736 4832 771 4882 ub
790 4827 970 4898 obseruabpre
988 4844 1044 4882 non
1061 4826 1155 4896 potuit
1172 4826 1206 4880 N
