3316 5474
256 365 322 429 240
845 366 967 420 BEDAE

252 477 274 514 p.
288 467 347 508 eron.
363 467 389 507 ca
402 467 428 508 Ρ.

252 568 342 631 amer,
365 549 464 612 vel‘in
489 568 538 624 us,
562 559 595 610 ut
618 567 764 631 amamus,
787 550 832 610 vel
855 553 885 611 in
910 559 935 627 t,
958 558 993 612 ut
1015 559 1108 632 amat,
1131 550 1176 611 vel
1199 553 1229 611 in
1246 569 1300 632 re,
1324 557 1356 611 ut
1380 568 1488 631 amaro,
1511 551 1555 610 rel

159 659 164 665 “
253 660 283 717 in
308 659 360 738 tis,
383 666 417 717 ut
440 659 553 717 amatis.

340 763 484 824 Adverbia
511 780 586 842 quae
610 764 640 822 in
664 782 679 822 a
704 766 901 825 terminantur
930 764 1125 845 productione
1154 765 1297 845 gaudent,
1320 773 1353 824 ut
1378 783 1442 824 una.
1481 784 1556 844 quae

165 904 169 911 -
254 888 324 930 vero
343 872 373 930 in
392 889 423 951 e,
447 871 472 930 si
496 888 531 930 ex
551 871 670 930 nomine
690 872 813 931 veniunt
831 879 862 930 et
880 873 1108 950 comparationis
1131 871 1240 949 gradus
1259 879 1390 945 servant,
1414 879 1446 931 ut
1470 871 1555 932 docte

252 977 369 1038 doctius
389 975 578 1057 doctissime,
607 977 827 1057 producuntur3
855 978 880 1036 si
904 986 1002 1037 autem
1026 996 1041 1037 a
1066 996 1098 1037 se
1121 985 1297 1058 nascuntur,
1321 987 1355 1038 ut
1377 997 1479 1058 saepe,
1505 988 1583 1039 aut⁵

251 1101 310 1143 nou
334 1092 559 1164 comparantur,
587 1092 620 1143 ut
649 1084 719 1164 rite,
748 1091 798 1161 aut
827 1085 857 1143 iu
882 1086 1100 1163 comparatione
1124 1085 1278 1165 deficiunt,
1307 1093 1339 1144 ut
1366 1084 1441 1144 bene
1472 1084 1555 1167 male,

250 1188 430 1250 breviantur.
467 1192 477 1250 i
506 1190 602 1270 finita,
629 1198 748 1270 praeter
771 1191 856 1270 quasi
884 1188 925 1250 ibi
948 1198 978 1250 et
1001 1189 1053 1250 ubi
1076 1189 1121 1250 vel
1149 1209 1224 1270 quae
1248 1210 1283 1251 ex
1307 1193 1380 1270 ipsis
1406 1192 1494 1273 liunt,
1522 1202 1555 1252 ut

251 1296 361 1378 sicubi,
378 1296 596 1376 producuntur,
615 1295 740 1356 utheri.
777 1314 795 1355 o
814 1295 1019 1356 indifferenter
1039 1279 1193 1378 accipitur,
1211 1307 1245 1358 ut
1264 1296 1345 1359 lalso.
1378 1317 1396 1357 u
1416 1297 1553 1378 produci·

250 1413 308 1484 tur,
326 1410 361 1464 ut
377 1409 476 1463 noctu
508 1401 592 1463 letr
611 1402 791 1482 breviantur,
815 1411 848 1463 ut
866 1401 958 1464 semel
975 1405 1095 1484 pariter,
1118 1403 1162 1484 ul,
1185 1414 1219 1465 ut
1238 1404 1341 1478 simul,
1366 1423 1409 1485 m,
1433 1413 1466 1465 ut
1485 1413 1552 1465 taur.

251 1529 269 1570 u
294 1527 363 1570 vero
387 1519 511 1589 excepto
534 1528 594 1570 nou
618 1518 648 1568 et
675 1527 712 1568 en
742 1508 852 1588 ubique
881 1507 1062 1591 breviantur,
1091 1520 1124 1571 ut
1152 1512 1260 1588 forsan.
1297 1531 1311 1572 s
1335 1512 1494 1594 breviatur,
1517 1513 1553 1573 ut
1570 1532 1594 1569 ιο

251 1618 342 1695 magis
371 1615 519 1696 funditus,
552 1625 676 1696 excepto
705 1635 773 1678 cum
801 1635 818 1678 a
845 1620 1055 1698 praecesserit,
1082 1627 1116 1679 ut
1143 1617 1222 1679 alias.
1264 1638 1280 1678 c
1308 1619 1493 1702 producitur,
1522 1629 1554 1681 ut

250 1723 298 1784 bic
321 1722 381 1783 illic
399 1722 504 1783 adbuc.
540 1721 739 1803 monosyllaba
762 1723 979 1805 producuntur,
1002 1732 1036 1784 ut
1058 1743 1113 1785 cur
1130 1723 1206 1806 plus,
1225 1729 1357 1805 exceptis
1380 1726 1475 1787 biset
1498 1735 1552 1786 ter.

250 1847 353 1889 vorum
372 1847 409 1888 ne
428 1829 586 1909 dupliciter
609 1830 776 1908 protertur:
798 1847 863 1889 nam
888 1829 1072 1910 producitur,
1091 1849 1159 1892 cum
1179 1831 1363 1911 probibendo
1382 1831 1500 1913 dicitur,
1521 1845 1553 1893 ut

408 1936 568 1996 scrutari
592 1953 633 1995 ne
657 1955 741 1997 cura
765 1955 895 2016 procax
919 1935 1085 1998 abstrusa
1109 1937 1263 2017 laboret,

251 2040 296 2131 vel
320 2059 387 2102 cum
411 2044 531 2121 ponitur
555 2059 609 2122 pro
633 2052 764 2123 utnon,
788 2051 821 2103 ut
843 2042 922 2103 idem
946 2042 1075 2123 Prosper
1098 2046 1138 2104 ait
1568 2064 1592 2101 ιε.

408 2157 443 2209 et
465 2149 624 2210 vindicta
647 2148 767 2209 brevis
791 2151 842 2210 sic
866 2152 971 2211 noxia
994 2152 1144 2211 crimina
1167 2151 1265 2231 linit,

462 2274 503 2316 ne
527 2257 605 2316 siue
629 2257 702 2317 fine
726 2254 855 2317 babeat
877 2255 998 2317 debita
1022 2274 1135 2336 poena
1159 2275 1253 2337 reos3

249 2364 412 2443 corripitur
434 2371 542 2444 autem,
561 2381 629 2424 cum
652 2363 862 2442 interrogando
883 2363 927 2424 vel
950 2362 1130 2443 increpando
1149 2365 1280 2443 ponitur,
1304 2372 1337 2423 ut

408 2478 492 2530 tune
516 2479 679 2551 cruente,
703 2470 818 2550 ferox,
841 2448 1130 2551 arrdax,insane,
1152 2468 1315 2530 rebellis.

248 2595 280 2636 es
304 2579 334 2638 in
359 2578 492 2638 numeris
514 2578 685 2656 corripitur,
708 2585 742 2636 ut
765 2578 854 2636 toties
877 2578 996 2656 quoties
1019 2577 1129 2655 septies
1152 2572 1286 2655 dcciesl
1564 2594 1590 2629 οο

247 2750 306 2814 DE
330 2747 507 2816 VLTIMIS
535 2747 744 2814 SYLLABIS
772 2747 1138 2815 CONIVNOTIONVM
1166 2746 1549 2815 PRAEPOSITIONVM
1584 2829 1598 2853 ·

707 2854 1090 2922 INTERIEOTIONVM

338 2976 571 3039 Coniunctiones
590 2952 776 3037 rere'ounes
795 2977 1007 3056 corripiuntur.
1045 2976 1097 3037 sed
1121 2995 1196 3056 quae
1215 2995 1230 3036 a
1250 2975 1294 3036 rel
1314 2978 1324 3036 i
1344 2978 1550 3056 terminantur,

246 3093 370 3166 excepto
394 3087 433 3145 ita
458 3085 526 3162 quia
550 3085 621 3159 nisi,
645 3083 861 3164 producuntur,
888 3092 922 3143 ut
945 3090 1104 3162 propterea
1126 3085 1240 3144 interea
1265 3085 1290 3144 si
1313 3086 1377 3144 etsi.
1420 3101 1495 3162 quae
1519 3085 1549 3141 in

247 3210 266 3252 n
289 3191 442 3268 desinunt,
470 3192 496 3251 si
519 3208 535 3250 a
559 3189 603 3251 vel
627 3193 636 3250 i
664 3201 731 3252 ante
757 3209 821 3252 cam
848 3189 1021 3271 habuerint,
1047 3190 1265 3272 producuntur,
1291 3199 1326 3250 nt
1349 3207 1385 3249 an
1409 3190 1454 3248 siu
1480 3188 1549 3248 alio·
1564 3205 1590 3242 ιο

247 3300 334 3379 quin;
358 3307 492 3359 ceterum
515 3297 695 3379 breviantur,
713 3308 748 3359 ut
766 3306 873 3359 tamen.
906 3299 1039 3377 quamvis
1059 3297 1243 3377 producitur.
1276 3307 1393 3358 ceterae
1416 3295 1549 3357 brevian-

249 3413 310 3485 tur,
331 3407 463 3484 exceptis
486 3406 530 3465 eis
553 3423 629 3484 quae
653 3407 798 3485 positione
823 3415 893 3466 sunt
917 3404 1033 3487 longae,
1057 3413 1091 3466 ut
1113 3414 1159 3466 ast
1182 3414 1240 3467 aut.

335 3513 525 3573 Accusativae
554 3513 790 3591 praepositiones
817 3511 897 3572 solae
929 3513 1061 3590 quaein
1090 3529 1107 3570 a
1134 3521 1245 3573 exeunt
1272 3511 1488 3591 producuntur,
1517 3521 1549 3570 ut

247 3620 338 3700 intra,
367 3627 396 3678 et
424 3636 483 3679 una
507 3616 706 3698 monosyllaba
729 3619 780 3678 cis.
817 3616 958 3677 ablativae
981 3635 1052 3677 vcro
1076 3618 1279 3696 corripiuntur
1302 3633 1417 3694 omncs,
1449 3625 1481 3675 ut
1504 3616 1549 3695 ab,

246 3726 378 3803 exceptis
406 3723 614 3803 monosyllabis
649 3741 725 3802 quac
758 3732 809 3783 aut
842 3721 992 3783 vocalibus
1021 3730 1172 3801 coustant,
1201 3730 1234 3781 ut
1261 3739 1291 3802 a,
1318 3729 1369 3781 aut
1398 3720 1547 3781 vocalibus
1563 3738 1590 3774 οο

247 3833 458 3911 terminantur,
480 3838 514 3891 ut
537 3830 582 3892 de.
602 3845 792 3890 'communes
814 3830 1051 3908 praepositiones
1069 3816 1222 3906 correptas
1241 3845 1306 3888 esse
1330 3827 1436 3907 liquet,
1461 3837 1493 3888 ut
1518 3831 1546 3888 in

239 3955 345 4017 super.
383 3954 438 3996 nec
465 3936 503 3996 de
531 3935 732 4015 loquelaribus
761 3933 1030 4015 praepositionibus
1057 3933 1257 4014 reticendum,
1286 3938 1402 3996 tametsi
1431 3953 1489 3995 non
1518 3938 1547 3997 in

247 4043 318 4123 tine,
341 4041 393 4102 sed
422 4045 451 4103 in
481 4044 627 4122 principio
651 4059 768 4120 semper
791 4037 950 4100 verborum
977 4047 1135 4122 ponantur,
1162 4059 1237 4121 qnae
1266 4050 1336 4102 suut
1363 4059 1467 4101 amco
1492 4062 1546 4103 con

335 4211 672 4269 nnusFinisLP
723 4209 962 4266 acominatus*
1013 4211 1389 4268 tletrLPelsterF
1442 4220 1547 4269 lunon

246 4297 276 4349 ot
289 4310 323 4348 en
337 4294 442 4364 ubique
456 4293 484 4348 P
494 4311 549 4351 non
563 4297 593 4350 ct
606 4295 653 4364 (an
667 4292 732 4347 odd.
742 4291 773 4359 f)
786 4289 890 4359 ubique
905 4290 936 4344 F
947 4308 1002 4347 non
1011 4296 1041 4348 et
1054 4309 1089 4348 en
1102 4295 1131 4348 et
1145 4299 1181 4348 ιἰιι
1195 4291 1299 4362 ubique
1313 4293 1340 4347 L
1393 4311 1406 4346 s
1420 4294 1547 4362 breuiori-

245 4374 292 4426 tur
311 4372 342 4426 F
395 4381 427 4430 13
446 4391 511 4430 nem
530 4371 660 4445 producit
678 4371 710 4426 F
763 4376 795 4425 13
815 4370 944 4445 Prosper]
964 4376 1081 4443 prosunt
1100 4373 1131 4427 F
1185 4376 1217 4428 18
1236 4375 1331 4429 cutem
1350 4390 1413 4427 cum
1430 4373 1547 4428 interro-

245 4453 339 4521 gando
358 4454 385 4509 L
403 4457 453 4511 snb
470 4471 534 4510 cnm
552 4452 751 4523 interrogando
769 4450 801 4503 F
817 4452 911 4508 autem
929 4469 994 4508 cnm
1013 4457 1063 4509 aut
1080 4453 1277 4524 interrogando
1297 4453 1326 4506 P
1408 4454 1454 4507 nel
1473 4453 1549 4507 incer

246 4586 386 4655 crepando
405 4585 436 4641 F
499 4593 531 4642 13
549 4585 643 4641 inians
661 4586 776 4656 repellis
794 4585 825 4640 F
886 4593 921 4642 20
940 4604 970 4643 es
988 4587 1018 4641 in
1035 4588 1157 4643 numeris
1176 4591 1208 4644 ut
1224 4586 1310 4643 toties
1329 4587 1437 4656 quoties
1456 4541 1548 4641 dglbtildd

245 4664 394 4735 corripitur
413 4667 441 4721 P
522 4673 555 4721 nt
575 4665 725 4721 vurntls
745 4667 921 4723 SYLLABIS
940 4685 990 4724 om.
1010 4667 1078 4735 FP,
1095 4669 1159 4724 cdd.
1178 4667 1205 4722 L
1288 4673 1324 4722 34
1342 4666 1383 4722 ita
1401 4666 1468 4735 quin
1486 4666 1551 4720 FP

246 4742 314 4814 quic
332 4744 374 4799 ito
392 4746 418 4798 L
490 4747 513 4801 si
533 4747 586 4802 etsi
606 4746 668 4801 FP
683 4747 707 4800 si
726 4749 755 4802 et
772 4748 801 4802 ni
820 4748 847 4802 L
918 4755 952 4804 36
971 4749 1101 4804 babuerit
1118 4747 1149 4801 F
1218 4754 1253 4803 28
1270 4747 1301 4802 in
1318 4764 1336 4800 n
1354 4749 1456 4801 exeunt
1476 4747 1499 4798 t
1519 4746 1548 4799 in

246 4842 264 4879 a
282 4827 349 4877 eunt
368 4823 431 4878 FP
501 4833 534 4880 33
554 4827 589 4881 de
607 4827 710 4896 loqnse
728 4828 870 4884 laboribus
889 4829 920 4882 F
989 4834 1023 4880 33
1043 4826 1191 4897 principio]
1210 4826 1314 4896 printio
1333 4827 1364 4880 F
