3316 5474
536 414 797 471 FRAGMENTVM
815 415 1018 471 Paululum
1391 415 1435 477 35

221 598 274 660 Est
296 603 376 661 enim
399 619 477 661 uuna
500 619 596 680 genus
624 600 764 662 dilatandi
791 600 894 681 verba,
922 619 996 679 quae
1020 603 1049 660 io
1076 600 1183 662 litteris
1209 602 1367 680 iiniimiur,
1397 599 1434 659 de

130 724 191 785 quo
220 715 249 766 et
276 706 393 768 Aufusti
422 710 605 787 grammatici
632 707 708 768 liber
736 717 781 769 ast
811 707 847 768 ad
875 708 1009 767 Asinium
1032 706 1208 786 Pollionem,
1237 709 1348 767 rectius
1376 705 1434 765 diei

129 812 285 872 veniebam
308 814 462 875 audiebam
486 815 635 877 salliebam
658 814 803 875 laniabam
828 813 1002 890 molliebam,
1026 832 1114 893 quam
1137 813 1272 873 venibam
1295 811 1431 873 audibam

129 917 263 980 saliibam
281 918 409 982 leuibam
433 922 595 1002 mollibam‚
618 931 767 1000 tamquam
790 923 876 981 senio
899 923 994 1001 prima
1017 929 1154 1000 correpta
1177 918 1343 999 veniebam,
1367 936 1432 980 rur·

101 1039 183 1087 asus
206 1044 299 1088 aeneo
322 1030 415 1108 prima
436 1029 581 1109 producta
604 1028 748 1109 venibam,
771 1046 832 1089 non
855 1027 1017 1108 veniebam,
1041 1027 1128 1089 audio
1151 1026 1317 1107 audiebam,
1339 1026 1434 1089 audeo

129 1131 283 1194 audebam.

220 1369 234 1415 1
259 1361 311 1416 un
328 1367 355 1415 *Α
374 1321 401 1415 di
419 1379 508 1432 ganas
527 1365 562 1429 0,
586 1366 630 1418 esi
648 1368 677 1418 at
695 1364 724 1418 in
742 1381 794 1417 usu
817 1380 905 1432 genus
929 1362 1063 1416 L'aenerns
1081 1379 1149 1416 nana.
1169 1360 1256 1416 Rben.
1275 1380 1299 1416 v.
1321 1361 1437 1416 XXIV

128 1460 155 1495 a.
176 1447 250 1497 1869
272 1461 300 1511 p.
321 1448 381 1496 101.
410 1444 503 1497 malim
522 1448 565 1499 esi
583 1462 685 1500 novum
703 1442 796 1512 'genus
904 1441 1030 1510 dequo]
1052 1442 1171 1496 abaesti.
1199 1442 1272 1511 fusti
1286 1441 1434 1512 gramatici

127 1520 200 1576 liber
214 1526 249 1590 ᾁ
263 1521 300 1575 ad
315 1522 440 1591 assinnm
458 1523 611 1591 pellionum
628 1524 651 1578 0
667 1523 702 1577 da
716 1539 772 1590 quo
786 1521 896 1575 abnasti
909 1520 976 1575 fusti
991 1520 1157 1591 grammatic
1171 1520 1243 1575 liber
1256 1521 1292 1576 ad
1307 1521 1433 1576 Asinium

128 1599 285 1655 Pollionem
299 1619 328 1667 o,
343 1601 448 1670 dequo
463 1606 507 1656 aab
521 1603 632 1657 Aufusti
646 1603 824 1673 grammatici
838 1603 911 1657 liber
924 1601 959 1654 ad
975 1600 1102 1654 Asinium
1117 1598 1272 1653 Pollionem
1292 1600 1434 1656 L‘senarua.

128 1680 249 1746 Aufusti
266 1683 425 1736 mentionem
443 1683 563 1748 secero-ni
583 1681 718 1738 Priscian.
739 1685 756 1738 Ι.
783 1683 868 1736 VIII
882 1699 912 1750 p.
928 1686 993 1745 383,
1011 1685 1029 1735 9
1048 1697 1103 1734 exo.
1119 1679 1193 1734 Fosi.
1206 1698 1235 1747 p.
1250 1684 1293 1733 94.
1323 1680 1358 1734 de
1378 1695 1433 1749 quo

128 1759 216 1814 Aristi
235 1760 316 1814 Fusei
334 1761 511 1832 grammatici
529 1765 572 1816 est
589 1762 661 1815 liber
678 1762 713 1815 ad
733 1761 858 1815 Asinium
877 1760 1022 1815 Polionem
1042 1761 1191 1812 oonieeorut
1211 1759 1355 1828 Hauptina
1371 1765 1434 1828 post

128 1839 225 1893 Grani
243 1858 335 1910 synay.
341 1859 371 1910 p.
384 1846 420 1894 40
438 1847 463 1894 et
482 1843 538 1896 ind.
558 1842 613 1896 leet.
630 1841 721 1895 Beroi.
742 1844 833 1894 aestio.
853 1859 878 1895 n.
899 1845 972 1896 1855
987 1845 1059 1908 ud,
1077 1855 1168 1908 opusc.
1187 1856 1211 1892 o.
1223 1840 1264 1892 ΙΙ
1278 1856 1307 1907 ρ.
1319 1844 1355 1894 69
1375 1840 1433 1894 coil.

127 1921 208 1974 scoot.
225 1922 255 1973 in
270 1919 339 1973 Hor.
354 1926 404 1974 ant.
421 1922 440 1974 1
459 1927 486 1989 9,
500 1927 533 1975 61
608 1928 624 1974 3
643 1937 728 1990 quam
747 1921 877 1976 venibam
896 1938 912 1974 u
930 1938 954 1988 q.
974 1919 1105 1974 nanibam
1125 1920 1148 1973 0
1218 1928 1234 1972 4
1253 1922 1337 1989 tamo,
1351 1918 1434 1973 uenio

130 1998 291 2067 Onamqua
305 1999 386 2053 venio
404 2016 428 2055 v.
447 2002 563 2066 sonasse
576 2017 641 2055 nam
660 2001 742 2056 venio
760 2001 852 2071 prima
866 2001 996 2069 surrepta
1013 1999 1082 2054 fauit
1095 2000 1241 2055 veniebam
1315 2006 1434 2054 avaneo

127 2149 179 2186 om.
197 2149 214 2184 v
269 2133 418 2203 producta]
433 2137 590 2203 correptae
649 2133 792 2203 venibam]
807 2130 983 2186 nenebamO
1041 2132 1213 2186 Gaudebam
1228 2091 1253 2184 A*
1268 2131 1304 2186 de
1319 2131 1434 2185 catholi-

127 2212 169 2265 cia
187 2211 333 2265 nominum
353 2212 376 2266 O
