3316 5474
222 350 288 414 306
809 352 935 406 ALBINI

220 463 242 499 p.
257 451 316 493 aoso.
331 453 356 491 ιι
370 451 396 493 1².

220 534 364 595 obversus
387 534 499 596 obvius.
544 535 615 597 Olea
638 538 701 615 ipsa
725 534 813 595 arbor
836 544 894 617 est,
921 538 1036 598 iructus
1059 536 1147 618 oliva,
1171 556 1261 598 sucus
1285 538 1391 598 oleum.
1431 537 1526 619 Onus,

220 634 246 692 si
268 632 304 693 de
324 651 415 694 onere
435 635 527 713 venit,
550 652 604 713 per
623 652 641 693 0
661 633 766 714 solam,
789 636 815 694 si
837 634 874 694 de
893 634 1005 696 honore
1026 637 1119 716 venit,
1141 654 1196 714 per
1214 635 1243 696 h.
1266 635 1415 698 'Oblatrat
1432 637 1525 716 perh

220 730 411 792 scribendum
435 742 489 792 est.
536 731 667 793 Occasus
693 750 747 811 per
770 731 829 792 duo
853 750 869 792 c
893 741 924 793 et
945 752 1000 813 per
1024 751 1116 793 unum
1140 751 1154 792 s
1175 732 1269 793 scribi
1292 732 1389 795 debet
1436 734 1527 814 Optat

188 859 198 881 .
218 828 273 909 ρει
295 849 314 910 p
338 828 529 890 scribendum
552 839 612 912 est,
639 830 737 892 obstat
759 850 814 911 per
838 830 864 891 b.
911 829 1049 910 Obstipui
1075 828 1220 910 obstupeo
1244 830 1349 893 obsum
1373 830 1525 914 obstrepo,
1574 876 1587 895 .

217 926 237 986 h
261 927 297 987 ad
320 931 451 1007 priorem
475 927 627 1008 syllabam,
650 947 664 988 s
687 928 724 990 ad
747 929 907 990 secundam
931 931 1070 1009 pertinet.
1107 926 1215 988 Obitus
1238 947 1346 989 nomen
1369 939 1407 1009 et
1423 930 1524 991 subito
1553 944 1567 984 ι

218 1032 307 1104 atque
331 1024 427 1086 obiter
454 1025 590 1086 adverbia
619 1025 655 1085 ab
684 1027 722 1106 ob
746 1035 776 1087 et
799 1025 855 1087 sub
882 1024 1153 1106 praepositionibus
1181 1027 1334 1106 incipiunt
1372 1026 1526 1088 Obsolevit

218 1123 375 1201 squidem
403 1122 505 1205 habet,
533 1122 586 1184 sed
614 1143 672 1184 non
701 1127 795 1204 ipsius
818 1123 915 1205 verbi,
942 1125 993 1186 sed
1021 1124 1265 1205 praepositionis,
1292 1143 1367 1203 quae
1391 1134 1439 1186 εει
1460 1122 1525 1206 obs,

218 1223 296 1282 sicut
324 1221 360 1280 ab
388 1228 419 1281 et
451 1220 523 1282 abs:
554 1221 711 1304 obsolevit,
743 1222 773 1283 id
806 1232 852 1284 εει
878 1224 1061 1284 inveteravit.
1112 1222 1282 1284 Obaudiens
1310 1222 1346 1283 ab
1374 1241 1459 1303 aure,
1488 1240 1525 1282 eo

218 1319 297 1397 quod
326 1318 426 1380 audiat
453 1321 662 1400 imperantem,
682 1314 687 1402 Ι
711 1321 778 1382 ideo
806 1339 859 1400 per
882 1338 919 1380 au
943 1320 1134 1381 scribendum
1156 1330 1212 1382 est.
1258 1319 1392 1381 Obnixus
1418 1320 1448 1381 id
1477 1330 1526 1382 est

219 1415 412 1477 conabundus
435 1434 490 1495 per
513 1419 537 1496 i,
560 1416 693 1478 obnexus
717 1417 746 1477 id
771 1427 816 1478 est
838 1417 985 1496 obligatus
1007 1437 1062 1498 ρει
1085 1437 1109 1478 ε.
1269 1446 1274 1455 ·
1541 1433 1568 1472 1⁰

306 1513 409 1574 Potius
432 1532 522 1593 pero
546 1514 736 1603 scribendum
756 1523 815 1594 est,
839 1533 898 1575 non
922 1534 976 1594 ρει
995 1535 1029 1598 u,
1052 1520 1120 1596 quia
1140 1537 1155 1578 a
1174 1518 1254 1597 potis
1272 1519 1360 1577 veuit
1398 1514 1525 1576 Praesto

217 1629 271 1689 per
293 1630 311 1671 o
336 1611 538 1692 scribendum,
567 1631 626 1673 nou
653 1631 708 1692 per
731 1632 764 1691 u,
787 1610 866 1672 unde
894 1614 1068 1692 praestolari
1090 1616 1227 1696 dicimus,
1249 1632 1308 1675 non
1337 1612 1524 1693 praestulari.

216 1707 373 1775 Prchendo
392 1720 423 1771 et
448 1711 576 1791 prendo,
598 1721 761 1789 utrumque
785 1709 844 1769 dici
867 1720 974 1789 potest.
1006 1711 1134 1773 Pavidus
1158 1722 1189 1773 et
1211 1712 1313 1773 avidus
1336 1730 1426 1792 perv
1449 1712 1523 1772 scri·

218 1805 313 1867 benda
337 1817 415 1869 sunt.
451 1808 616 1869 Parasceue
640 1826 694 1888 per
717 1827 737 1867 ιι
761 1805 852 1867 scribi
875 1807 970 1868 debet.
1013 1808 1125 1871 Pascha
1149 1819 1180 1871 et
1201 1811 1328 1890 paschae
1351 1827 1443 1869 unum
1468 1817 1523 1869 est

215 1903 387 1965 Patriarcha
411 1906 430 1964 h
457 1905 547 1966 debet
576 1905 699 1985 habere,
723 1905 751 1964 id
775 1913 822 1964 est
843 1907 983 1985 princeps
1006 1915 1132 1986 patrum.
1177 1907 1309 1988 Papaver
1331 1924 1385 1986 per
1408 1925 1425 1964 v
1448 1909 1566 1965 scri-15

217 2002 355 2064 bendum.
400 2003 577 2086 Plagiarius,
600 2003 629 2064 id
655 2013 699 2064 est
723 2003 871 2085 seductor,
899 2003 964 2082 lege
993 2006 1024 2064 in
1048 2005 1189 2084 apostolo.
1233 2005 1396 2067 Pandectes
1424 2005 1524 2063 omnia

219 2102 363 2162 terentes:
386 2102 453 2161 ideo
474 2112 557 2163 vetus
577 2111 613 2171 aa
630 2119 738 2161 novum
763 2109 971 2162 testamentum
995 2103 1021 2162 si
1043 2103 1163 2164 insimul
1187 2103 1338 2183 scribitur,
1360 2100 1523 2181 pandectes

218 2199 336 2260 dicitur.
380 2199 544 2279 Parumper
568 2199 596 2260 id
621 2208 667 2260 est
690 2216 848 2278 perparum
872 2208 1093 2279 praeposterata
1116 2204 1333 2282 praepositione
1357 2217 1421 2279 per,
1444 2199 1524 2258 sicut

141 2309 143 2313 '
216 2296 385 2377 pubetenus
407 2297 501 2358 ablata
520 2316 535 2358 s
552 2317 607 2378 per
625 2314 794 2376 apocopam.
830 2295 969 2357 Phoebus
988 2298 1045 2378 sol,
1063 2299 1183 2359 Phoebe
1202 2299 1271 2359 luna
1289 2316 1343 2377 per
1361 2296 1389 2356 h.
1426 2294 1524 2355 Pudet

217 2413 264 2454 me
284 2396 401 2470 amoris,
419 2399 549 2475 paenitet
568 2412 615 2454 ms
635 2397 782 2468 muneris,
800 2396 882 2474 piget
900 2411 946 2453 me
965 2395 1166 2475 perfectionis,
1185 2396 1299 2474 patiens
1319 2412 1384 2454 sum
1403 2391 1522 2466 laboris,
1538 2408 1565 2448 so

217 2491 323 2570 plenus
347 2512 412 2554 sum
437 2492 584 2554 bonorum
608 2499 639 2551 ει
661 2488 760 2571 bonis,
784 2509 891 2570 praeeo
914 2490 965 2552 illi.
1005 2492 1107 2552 Potior
1131 2493 1247 2553 tructus
1271 2500 1301 2551 ει
1324 2492 1423 2551 lruotu
1447 2488 1521 2549 dici·
1614 2490 1620 2501 '

218 2597 281 2670 tur,
313 2590 390 2669 apud
419 2593 555 2670 antiquos
583 2591 682 2670 potior
709 2588 784 2648 hanc
813 2606 886 2648 rem.
931 2591 1029 2668 potior
1056 2591 1228 2668 potissimus
1258 2590 1336 2650 lacit
1380 2588 1522 2648 Petamus

219 2705 287 2747 eum
307 2690 355 2749 cui
379 2696 482 2768 potum
501 2690 690 2769 porrigimus.
726 2684 825 2745 Probo
845 2684 967 2747 verbum
987 2686 1136 2767 duplicem
1154 2688 1397 2766 significationem
1416 2684 1521 2746 habet:

217 2785 377 2866 probamus
396 2789 475 2848 enhn
499 2807 574 2868 quae
597 2787 747 2865 eligimuS,
770 2783 799 2843 id
823 2792 869 2844 est
892 2784 1103 2866 adprobamus,
1130 2784 1290 2864 probamus
1317 2803 1392 2864 quae
1424 2783 1522 2862 qualia

144 2864 150 2874 ⁸
217 2895 287 2945 sunt
304 2880 498 2966 temptamus,
518 2895 550 2946 ut
568 2880 695 2965 ‘proha
715 2900 780 2961 me,
800 2877 914 2942 deus'.
947 2882 1038 2944 Pecto
1053 2891 1154 2964 caput,
1173 2901 1232 2943 non
1251 2884 1384 2962 pectiuo;
1402 2900 1521 2962 pexum,
1535 2897 1564 2938 aa

218 3001 276 3042 non
301 2987 492 3062 pectinatum.
524 2983 657 3042 Patrium
680 2980 755 3040 diois
774 2998 790 3039 a
814 2982 923 3061 patria,
944 2991 1100 3060 paternum
1120 3000 1136 3042 a
1159 2989 1251 3060 patre.
1288 2980 1397 3040 Pinnas
1421 2997 1521 3039 muro·

217 3097 298 3158 rum,
320 3097 432 3158 pennas
450 3082 555 3139 adum.
592 3077 760 3138 Praemium
779 3095 848 3137 cum
867 3077 1063 3160 diphthongo,
1086 3081 1214 3159 pretium
1233 3096 1323 3158 pere
1347 3077 1520 3156 simplicem.

217 3176 336 3236 Precari
365 3185 411 3237 est
438 3194 556 3256 rogare,
585 3175 737 3254 deprecari
762 3196 904 3238 excusare
928 3176 973 3236 vel
1000 3195 1141 3255 purgare:
1172 3176 1316 3256 Vergilius
1341 3169 1429 3258 (Aen.
1452 3175 1525 3234 XII

217 3269 294 3354 931)
318 3268 500 3352 ‘'equidem
528 3274 642 3331 merui
670 3290 734 3331 neo
763 3272 941 3352 deprecor
969 3268 1112 3352 inquit'.
1161 3273 1259 3334 Pluris
1287 3274 1412 3335 dicimus
1440 3271 1520 3351 quod

216 3373 327 3432 maiore
352 3388 466 3430 summa
496 3377 619 3448 taxatur,
647 3367 748 3446 plures
771 3388 841 3429 vero
864 3369 901 3430 de
932 3370 1129 3432 multitudine.
1175 3371 1277 3452 plures
1304 3371 1521 3449 comparativus
1536 3386 1565 3426 oo

217 3470 326 3548 gradus
355 3478 414 3548 est,
444 3470 529 3527 cuius
558 3467 701 3545 positivus
730 3467 822 3527 multi.
872 3467 998 3547 Pignera
1031 3489 1147 3551 rerum,
1178 3473 1301 3549 pignora
1335 3468 1461 3528 liborum
1491 3475 1522 3528 et

216 3569 414 3627 allectiouum.
452 3565 618 3626 Pertinacia
642 3563 733 3623 malae
759 3567 802 3625 rei
826 3564 935 3627 dicitur
958 3576 989 3629 et
1011 3570 1176 3628 constantia
1200 3567 1302 3629 bonae.
1340 3565 1521 3627 Percussum

217 3683 359 3744 corpore,
387 3662 558 3743 perculsum
582 3663 678 3721 animo
702 3661 837 3723 dicimus.
877 3663 1048 3725 Postulatur
1078 3664 1188 3743 aliquid
1218 3665 1355 3745 honeste,
1385 3664 1522 3743 poscitur

215 3761 359 3841 improbe.
392 3760 580 3821 Pulmentum
600 3766 631 3818 et
648 3758 878 3837 pulmentarium
898 3762 1014 3824 dicitur.
1051 3762 1147 3823 Pavus
1165 3765 1230 3842 pavi
1249 3771 1279 3823 et
1296 3780 1371 3842 pavo
1389 3750 1520 3840 pavonis.

156 3909 161 3917 .
215 3859 337 3920 Pometa
365 3859 491 3952 diffimus
525 3856 574 3919 uhi
607 3873 693 3934 poma
726 3865 901 3939 nascuntur,
930 3863 1059 3939 pomaria
1088 3860 1140 3921 uhi
1167 3868 1331 3921 servantur.
1377 3857 1457 3918 Pene
1488 3863 1562 3918 etos

216 3976 308 4037 penes
327 3954 499 4018 adverbium
518 3965 548 4015 et
566 3955 745 4034 praepositio
769 3974 823 4035 per
843 3973 872 4039 ε,
896 3975 1004 4037 poena,
1027 3958 1106 4037 quod
1126 3966 1172 4019 εει
1189 3956 1380 4037 supplicium,
1401 3973 1456 4034 per
1475 3974 1521 4016 oe.

305 4102 322 4149 4
341 4092 463 4163 obstipui
483 4093 519 4146 M
541 4089 673 4161 obstupui
696 4105 764 4144 corr.
783 4093 906 4161 obstipui
924 4092 947 4148 S
969 4094 1136 4164 obstupuip
1221 4094 1390 4162 obstrepop
1414 4091 1521 4146 obstre-

216 4191 269 4245 peo
288 4173 354 4227 SM
415 4179 430 4226 6
449 4171 618 4239 aduerbiap
638 4169 801 4225 aduerbium
820 4170 886 4226 SM
947 4179 962 4226 ἰ
982 4173 1208 4245 praepositionis]
1226 4171 1479 4242 praepositionibus
1498 4170 1522 4224 S

252 4253 371 4325 Ssicut]
391 4252 471 4306 sicS
536 4258 565 4306 11
587 4250 733 4321 apotisp
752 4269 770 4307 a
788 4253 868 4321 potes
886 4250 951 4307 SM
1014 4259 1046 4306 13
1065 4269 1115 4322 per
1131 4271 1150 4306 u
1168 4251 1315 4306 scribenda
1333 4254 1397 4306 sunt
1416 4251 1453 4304 M
1470 4265 1521 4319 ρει

216 4332 271 4388 duo
290 4351 308 4387 u
332 4331 510 4387 scribendum
529 4330 551 4385 S
573 4348 623 4401 per
641 4350 660 4384 u
683 4331 882 4401 scribunturp
974 4337 1007 4384 14
1025 4348 1075 4401 per
1093 4350 1111 4386 u
1129 4331 1213 4387 scribi
1231 4332 1316 4387 debet
1334 4331 1356 4385 S
1377 4348 1426 4400 per
1448 4349 1468 4384 u
1489 4329 1520 4384 iu

217 4413 369 4467 nouissima
393 4411 504 4482 syllaba
528 4411 663 4480 scriptum
686 4416 729 4467 est
754 4414 790 4466 M
812 4428 862 4481 per
885 4429 904 4465 ιι
926 4409 1101 4466 scribendum
1121 4430 1143 4481 p
1219 4411 1329 4467 Pascha
1347 4442 1380 4450 —
1407 4412 1520 4479 patrum

216 4509 265 4546 om.
281 4512 316 4563 p,
335 4494 398 4548 add.
418 4492 483 4547 SM
563 4493 696 4564 paschae]
721 4495 807 4566 phase
827 4492 892 4547 SM
968 4499 1000 4548 lv
1024 4492 1175 4563 pandectes
1194 4491 1296 4546 dicitur
1313 4508 1336 4560 p
1361 4489 1519 4560 pandecten

216 4571 318 4626 dicitur
337 4573 404 4627 SM
501 4578 535 4626 21
561 4588 662 4641 praeeo
686 4575 729 4627 illi
751 4574 831 4628 Beda
849 4590 880 4642 p.
900 4579 968 4641 283,
989 4579 1039 4643 13,
1062 4590 1160 4644 precor
1182 4572 1265 4626 iltis
1287 4587 1384 4641 precor
1401 4568 1481 4623 illum
1496 4585 1520 4636 p

216 4669 317 4721 praeeo
336 4653 379 4706 illi
398 4658 427 4709 et
446 4654 515 4710 ahos
536 4653 573 4707 M
642 4652 761 4722 fruetus]
781 4651 940 4722 fructump
1012 4659 1046 4707 23
1065 4653 1141 4723 eum]
1160 4668 1261 4720 cump
1333 4657 1367 4704 24
1391 4647 1521 4717 eligimus

213 4734 279 4802 pM
297 4733 432 4802 elegimus
452 4734 474 4788 S
527 4739 561 4787 ab
581 4733 661 4802 deus]
681 4734 750 4787 dsS
768 4730 871 4785 dicitur
886 4733 923 4786 M
941 4731 1057 4787 dicimus
1071 4749 1095 4800 p
1151 4737 1184 4784 27
1205 4747 1268 4784 ειιιιι
1286 4730 1441 4800 diptougon
1456 4727 1523 4782 SM

270 4820 303 4868 31
323 4813 426 4883 gradus
440 4829 489 4866 om.
501 4814 551 4882 118
556 4856 563 4882 ,
578 4814 642 4868 add.
659 4813 695 4866 M
747 4817 781 4867 32
799 4813 827 4865 et
841 4811 998 4866 constantio
1012 4812 1086 4866 bona
1099 4811 1121 4865 S
1135 4813 1164 4864 et
1176 4809 1364 4865 inconstantia
1378 4810 1468 4864 bonae
1483 4809 1522 4863 M
